2475 3975
145 147 203 210 511
343 142 635 229 Epitoorcdortriuoe
647 139 961 208 moralisetmoooioae

510 325 783 394 CONFllilbeIO.

182 503 443 568 Confirmationena
457 509 675 564 sacramentum
696 517 761 563 esse
776 516 860 560 nove
871 499 944 580 legis
957 506 1072 562 comtat
1094 501 1162 564 tiam

143 607 180 652 cx
190 589 361 652 definitione
377 588 512 652 Trident.
525 605 594 650 sess.
610 587 642 648 7.
656 603 723 648 ean.
737 587 768 647 1.
783 583 851 646 cum
864 604 900 647 cx
911 587 1040 646 actuum
1051 588 1082 648 8.
1096 589 1160 648 iilis

143 677 243 740 uerbis
260 698 269 736 ι
290 675 487 755 luiponebont
503 690 612 734 manua
629 691 718 756 saper
737 668 825 746 iilos,
840 679 872 734 ct
889 670 1072 752 accipiebant
1090 673 1161 757 Spi-

143 760 234 823 ritum
243 761 395 822 Scortum.
408 759 505 821 instit.
518 759 625 820 liedes.
636 760 667 821 o.
679 777 712 820 ιι.
722 759 753 818 5.

180 862 402 922 Sacramentum
412 859 470 922 hoc
482 859 639 922 conficitur
651 855 840 938 impositione
849 875 994 921 manuum
1004 859 1158 941 Episcopi,

142 955 173 1010 et
189 965 287 1026 prece.
303 945 498 1022 Quendonam
521 945 597 1008 illud
614 945 776 1006 instituerit
795 942 952 1022 Christus,
971 945 1024 1022 qui
1051 945 1161 1008 unicus

142 1041 187 1095 est
212 1041 315 1094 auctor
338 1039 611 1106 sacramentorum,
641 1031 787 1093 incertum
801 1073 811 1103 ,
827 1028 903 1092 uum
921 1039 994 1090 tuac
1013 1027 1086 1091 ciam
1100 1031 1161 1094 im·

143 1119 243 1198 posuit
260 1136 366 1180 manus
386 1119 475 1198 capiti
501 1133 681 1196 puerorum,
698 1113 803 1176 lfatth.
818 1116 881 1187 19,
905 1113 980 1175 naim
992 1115 1168 1178 instituerit⁴

144 1201 280 1274 tantum,
300 1221 361 1264 uon
376 1202 608 1265 ministraverit:
627 1198 700 1260 niam
722 1199 755 1260 in
771 1199 876 1260 ultimi
885 1197 968 1258 coend
975 1243 986 1274 ,
1001 1197 1071 1262 cum
1082 1200 1161 1261 dixit
1227 1200 1229 1257 l

144 1287 291 1366 Apostolis
312 1306 323 1347 ι
345 1285 472 1367 Accipite
493 1283 640 1367 Spiritum
661 1283 828 1360 Sanctum,
849 1280 924 1344 niam
947 1281 1069 1346 tandem
1094 1285 1160 1366 iperi
1228 1298 1229 1349 l

144 1371 328 1434 Pentecostes
342 1371 413 1446 dle,
429 1371 594 1451 ignoratur.
608 1370 655 1432 lb.
672 1387 704 1430 n.
719 1369 751 1430 11.

183 1473 369 1551 Quamquam
392 1473 486 1552 gratia
503 1472 709 1552 prodigiorum
727 1513 736 1543 ,
754 1487 845 1550 quam
866 1469 939 1532 oiim
960 1471 1158 1548 infundebat,

143 1556 232 1619 modo
255 1557 400 1626 merua,
425 1557 457 1616 id
486 1573 547 1616 non
571 1553 700 1633 ampliais
721 1556 858 1631 exigente
882 1557 1031 1629 docimii,
1054 1561 1159 1638 gratio

143 1650 241 1701 tamen
255 1637 464 1699 sanctificantis
473 1639 586 1700 donum
598 1637 689 1700 modb
701 1640 815 1718 pariter
826 1640 916 1702 datur
925 1684 934 1714 ,
944 1643 976 1703 S.
990 1641 1160 1724 dapuatiao

143 1733 236 1798 toste,
255 1723 293 1786 de
311 1724 395 1804 liapt.
409 1723 431 1784 1.
448 1723 479 1786 5.
499 1743 527 1785 ι.
541 1726 590 1785 16.
606 1725 679 1800 Qum
698 1733 797 1786 tamen
822 1727 917 1804 gratia
938 1735 1159 1788 sacramentum

142 1809 352 1890 recipientibus
373 1819 473 1874 amoto
498 1811 609 1890 peccati
629 1809 713 1872 obice
734 1810 907 1884 confertur,
935 1820 970 1872 ut
997 1812 1036 1872 sit
1058 1811 1159 1890 potiirs

142 1897 244 1976 gratim
265 1897 456 1978 praecedentis
477 1904 683 1977 augmentum.
713 1895 856 1958 Producit
884 1897 976 1956 etiam
1007 1897 1105 1957 robur
1129 1905 1160 1957 ct

142 1983 315 2045 firmitatem
333 1984 492 2063 quamdam
511 1980 712 2062 spiritualium
738 1980 870 2059 virium,
892 1982 1003 2061 quibus
1035 1982 1158 2045 diabolo

144 2072 325 2133 resistamus.
340 2071 386 2130 lb.
399 2087 430 2130 n.
442 2070 473 2131 7.

182 2170 316 2233 Tandem
347 2168 545 2232 characterem
566 2169 714 2249 imprimit
744 2166 963 2242 indelebilem,
985 2189 1044 2249 quo
1067 2170 1158 2233 datur

143 2265 269 2337 potestas
280 2256 413 2334 quaedam
429 2255 589 2335 spiritualis
602 2256 635 2316 in
649 2254 753 2318 ordine
766 2254 802 2316 ad
816 2254 914 2333 aliqua
926 2255 1054 2335 gerenda
1067 2300 1076 2329 ,
1089 2276 1157 2336 qum

141 2340 158 2401 1
177 2340 399 2419 perfectioribus
418 2340 631 2419 agendasunt.
655 2343 698 2403 Ex
717 2356 778 2420 quo
792 2340 852 2416 fit,
875 2348 911 2402 ut
937 2341 1072 2402 reiterari
1093 2361 1157 2404 non

142 2431 250 2503 potest.
265 2420 309 2480 lb.
328 2440 360 2481 ιι.
380 2424 411 2483 7.

1221 2717 1222 2762 f

178 2521 385 2587 Necessitatem
399 2540 489 2602 quam
508 2532 616 2588 vocant
633 2526 798 2591 absolutam
810 2527 900 2607 nujus
917 2529 1093 2590 sacramenti
1107 2548 1155 2591 rc-

140 2610 266 2691 cipiendi
289 2627 377 2671 nemo
399 2609 503 2690 utique
521 2628 583 2670 esse
607 2611 800 2674 affirmaverit
817 2634 827 2693 ς
849 2613 900 2673 sed
917 2613 966 2674 vel
986 2613 1019 2673 in
1034 2632 1069 2674 re
1082 2658 1092 2687 ,
1106 2617 1155 2679 vel

140 2700 172 2760 in
185 2704 254 2758 voto
267 2694 354 2775 plane
364 2696 559 2756 necessarium
571 2704 613 2757 est
624 2698 793 2759 necessitate
809 2700 967 2778 praecepti,
983 2706 1014 2759 et
1033 2698 1154 2776 quidem

139 2778 255 2855 divini,
285 2787 418 2857 tempore
444 2783 671 2857 persecutionis,
689 2785 792 2862 Neque
815 2782 953 2863 parochi,
980 2801 1077 2861 neque
1101 2804 1155 2864 pa·
1221 2781 1223 2816 l

140 2875 258 2938 rentes,
278 2880 333 2923 nec
345 2863 396 2941 qui
411 2872 482 2922 sunt
495 2866 560 2925 loco
573 2876 733 2945 parentum
745 2912 754 2945 ,
768 2878 837 2931 sunt
851 2868 999 2929 eximendi
1017 2866 1035 2927 ia
1051 2867 1152 2931 lethali
1219 2827 1222 2939 ι

141 2953 228 3031 culpi
252 2951 276 3013 si
301 2967 362 3010 non
378 2950 510 3023 instent,
538 2959 573 3010 ut
593 2950 717 3029 subjecti
741 2953 805 3023 sihi,
818 2953 986 3032 parochiani
999 2997 1009 3025 ,
1024 2962 1054 3014 et
1078 2972 1153 3033 quos

140 3035 251 3099 bahent
269 3034 432 3115 subjectos,
457 3034 713 3099 confirmationem
728 3038 765 3102 ab
789 3040 931 3120 Episcopo
952 3048 1053 3117 parato
1077 3039 1152 3101 reci·

139 3123 233 3200 piant.
249 3122 326 3183 ibid.
344 3141 376 3182 ιι.
392 3122 423 3181 9.
447 3129 477 3182 ct
491 3124 540 3183 10.

177 3221 279 3292 Quoad
298 3230 413 3283 aetatem
433 3218 712 3301 chrismandorum,
735 3242 772 3287 ex
788 3225 890 3305 regula
911 3226 1149 3293 ordinantem·
1217 3217 1218 3298 l

137 3302 293 3396 ferendum
314 3315 358 3364 est
374 3304 430 3366 boc
448 3317 663 3369 sacramentum
684 3311 784 3387 pueris
796 3320 864 3388 post
876 3314 1064 3391 septennium
1077 3336 1087 3394 ;
1098 3317 1149 3379 sed
1216 3353 1217 3356 ι

137 3400 168 3439 m
188 3384 287 3459 abque
308 3388 524 3449 extrordinario
542 3408 609 3452 casu
630 3390 710 3468 jusu
735 3404 860 3473 urgente
882 3399 989 3470 causi,
1014 3418 1077 3461 non
1099 3419 1149 3463 ve·
1216 3373 1217 3418 ¹

136 3468 235 3531 tatur,
250 3465 323 3539 quin
342 3470 431 3541 possit
445 3473 534 3532 etiam
548 3484 617 3535 ante
628 3494 694 3537 eam
710 3486 835 3546 aetatem¹
846 3481 1020 3544 ministrari.
1033 3486 1148 3548 lusiam
1215 3463 1216 3538 l

134 3552 249 3607 cauum
262 3544 362 3604 adesso
373 3560 507 3628 constat,
528 3557 553 3615 si
574 3558 668 3622 facilis
680 3561 718 3622 ad
733 3580 843 3641 pueros
861 3563 928 3625 illos
949 3566 980 3627 iu
993 3570 1146 3646 postorum
1214 3589 1215 3658 f
