2475 3975
151 143 210 210 526
344 139 481 222 Epitome
493 133 767 202 ostentamenta
778 145 808 197 et
818 139 965 199 ιαιιοιιίεω

149 244 248 306 electis
259 243 292 304 in
302 241 461 304 Germenid
472 283 482 313 ,
493 250 527 302 ut
539 241 595 300 sibi
611 257 673 300 non
694 239 783 299 liceat
800 247 904 300 contra
917 238 995 317 ipsos
1014 240 1162 304 electores

151 327 329 408 proaedere,
341 335 395 388 aut
407 325 547 388 obsistere
560 323 735 386 officialibus
746 323 897 402 capituti,
913 323 940 384 si
956 325 1031 401 quid
1045 332 1164 406 egerint

150 426 180 478 et
191 415 397 477 doeseverints
411 412 577 491 pactiones,
589 410 732 488 inquom,
748 409 844 470 illesi
857 409 1032 470 electionem
1052 431 1165 489 pmcn-

149 500 233 569 dont,
247 499 337 562 uuile
346 493 468 559 omniub
481 503 512 554 et
529 495 622 556 irrite
634 493 1164 558 decinranturubiaooe.X11.Con·

150 585 304 648 stitutione
317 581 475 658 incipiente
488 574 627 641 Ecclesiie
638 574 800 640 cntbolieoe.
814 580 887 653 Quis
902 577 974 639 verb
983 580 1165 660 subsequen·

150 677 216 740 tur,
237 668 356 728 illerum
370 664 576 726 executionem
596 663 770 742 suspendit,
783 662 879 724 donee
896 663 986 724 Sedes
1000 668 1163 744 apostolica

147 753 293 832 judicium
304 751 341 812 de
355 750 414 810 illis
425 749 511 812 ierut.
527 750 571 810 lb.
587 767 621 812 ιι.
633 751 682 809 tr.
697 750 749 808 llo
765 745 838 810 verb
853 748 1003 827 pactiones
1019 752 1121 812 vetitue
1132 763 1162 812 et

148 836 242 898 irrito
255 843 432 910 censentur,
443 833 557 896 etiamsi
576 833 690 894 luerint
706 829 855 908 honeste,
875 841 910 892 ut
929 850 967 892 en
985 834 1052 894 lii).
1066 836 1113 894 lb.
1128 857 1160 896 n.

149 921 334 1000 tb.lnsuper
343 916 1160 996 adsuntedderebittercopoetoiieosscnedictiXffl.
1212 936 1215 970 ι

149 1007 180 1067 iu
197 1005 292 1068 lormd
303 1007 403 1068 Brevis
414 1004 554 1084 legende.
566 1004 644 1066 ibid.
655 1003 749 1066 net.
1213 1012 1215 1053 i

189 1106 323 1184 Episcopi
336 1105 512 1183 suffraganei
532 1104 557 1164 si
575 1103 754 1164 decorentur
780 1101 934 1182 pallio,in
950 1104 1041 1166 bullis
1058 1093 1163 1170 temen

150 1191 214 1270 ojus
232 1190 427 1252 concessionis
439 1197 575 1262 curetur,
587 1205 625 1248 ue
637 1186 710 1266 quid
727 1188 890 1266 prejudicii
918 1207 954 1250 ex
975 1189 1032 1252 hoc
1052 1193 1163 1252 inieru-

150 1289 200 1338 tur
213 1293 317 1338 corum
333 1275 545 1354 metropolitis,
559 1275 633 1352 quin
648 1282 678 1334 et
691 1282 828 1333 vetantur
846 1274 922 1334 iliud
936 1276 1015 1336 ferre
1034 1278 1067 1337 iu
1084 1298 1162 1356 prce·

149 1357 648 1440 sentiddrchicpiscopiEeSynod.
660 1357 817 1418 uinctis.
831 1361 877 1418 ts.
888 1361 1100 1438 cupidinum.
1110 1365 1159 1422 tu.

189 1445 272 1505 Pollii
293 1443 407 1506 honore
421 1463 481 1504 non
504 1443 682 1503 decorantur
701 1442 786 1501 letiui
807 1442 985 1504 Potriarebas
1006 1446 1159 1520 titulares,

150 1528 399 1606 quemadmodum
416 1543 471 1586 nec
484 1525 702 1603 Arcbiepiscopi
715 1526 747 1585 in
761 1528 912 1606 pertibus;
925 1527 993 1588 cium
1003 1531 1085 1590 euim
1099 1533 1162 1609 pnl-

149 1611 190 1672 lio
203 1627 290 1670 nemo
307 1611 350 1669 uti
370 1611 461 1688 possit
472 1618 554 1669 cntra
574 1609 760 1688 provinciam
771 1629 858 1673 suem
867 1657 878 1688 ,
889 1611 933 1673 illi
946 1613 1080 1692 prolectd
1091 1617 1163 1676 olibi

149 1693 575 1758 commorantur.lbid.u.t⁷.

187 1797 415 1878 Episcopntuum
434 1797 669 1877 resignatioues,
687 1796 834 1878 quaesibi
853 1799 987 1878 permitti
1010 1803 1165 1878 postulant

150 1883 304 1962 Episcopi,
321 1901 381 1944 nou
393 1881 595 1944 admittuntur
605 1883 621 1943 d
631 1883 864 1962 Congregutione
879 1885 1093 1956 consistoriali,
1106 1891 1166 1952 nisi

151 1988 188 2029 cx
202 1969 350 2031 nnuuicis
364 1969 458 2030 causis
473 1967 625 2029 recensitis
643 1969 676 2031 in
687 1988 751 2047 cap.
767 1971 839 2029 Gelu
855 1967 987 2049 pridcru,
1004 1969 1039 2031 de
1052 1992 1168 2035 muit-

152 2052 231 2125 tion,
258 2073 323 2133 quse
347 2062 446 2115 tamen
470 2068 572 2113 omues
595 2052 633 2113 ad
658 2053 690 2112 id
709 2051 903 2123 reseruntur,
928 2064 963 2114 ut
987 2054 1067 2117 clare
1095 2076 1168 2119 cori·

151 2146 208 2199 stet
225 2140 302 2219 ipsos
319 2138 413 2217 plebis
434 2156 495 2200 sure
507 2136 594 2199 saluti
614 2137 753 2218 prodesse
761 2136 888 2215 omplids
898 2156 960 2200 non
971 2158 1067 2217 posse.
1083 2142 1163 2224 lbid.

151 2243 216 2304 cup.
230 2226 278 2287 td.
299 2244 386 2285 num.
400 2224 431 2284 5.
1123 2229 1127 2235 ’

189 2324 323 2403 Episcopi
337 2324 496 2401 Regulsrcs
511 2324 536 2383 si
554 2341 585 2384 se
596 2322 798 2384 abdicaverint
810 2322 1005 2403 Episcopatu,
1020 2336 1164 2390 tenentur

151 2410 276 2468 claustra
308 2425 369 2467 suoe
394 2407 547 2488 religionis
574 2419 730 2486 repetere,
763 2409 821 2470 nisi
852 2409 939 2469 aliter
970 2414 1164 2475 commissum

150 2484 459 2639 pietusdlspigopltiipce...
474 2493 518 2552 lta
537 2490 714 2554 Benedictus
722 2493 818 2559 XIII.
829 2495 862 2555 iu
890 2494 944 2558 sud
956 2493 1038 2560 built
1058 2498 1166 2561 Custo-

190 2676 289 2735 cause
313 2672 521 2751 resignationis
541 2690 602 2737 nun
621 2678 683 2733 tam
714 2671 848 2753 rigorose
869 2675 1072 2738 examinando
1092 2690 1166 2742 sunt

153 2759 184 2819 iu
199 2758 303 2818 ordine
322 2758 359 2817 ud
378 2756 546 2819 Cardiuolcs
559 2758 765 2839 Episcopaturn
791 2759 991 2836 resignantes,
1005 2755 1091 2823 'dum
1110 2782 1165 2823 ro·
1213 2837 1214 2842 γ

152 2845 218 2905 lunt
234 2861 264 2904 se
286 2842 419 2905 conferre
433 2844 576 2917 Ruinam,
597 2854 632 2905 ut
645 2844 782 2906 assistunt
795 2845 928 2907 Romano
944 2846 1094 2910 Pontifici.
1118 2850 1162 2908 ltn

154 2949 189 2991 cx
200 2931 354 3011 Fopnuuo.
368 2926 444 2987 ibid.
459 2947 491 2988 n.
506 2930 535 2989 5.

192 3031 351 3109 Episcopus
362 3030 518 3093 translatus
535 3049 572 3093 ex
583 3048 644 3095 uuo
659 3029 690 3091 in
704 3031 797 3093 elium
814 3021 1013 3111 episcopatum
1032 3035 1092 3096 frui
1109 3056 1166 3116 po·

154 3123 210 3175 test
228 3114 372 3183 reditibus
385 3114 539 3189 Ecclesiae,
552 3114 568 3175 b
586 3116 645 3195 qud
657 3115 800 3187 discedit,
813 3134 916 3195 usqne
928 3118 967 3177 ad
981 3118 1067 3182 tttum
1090 3130 1165 3184 tem·

153 3198 232 3275 poris
244 3201 402 3259 articulum
415 3241 423 3271 ‚
438 3218 499 3277 quo
515 3199 667 3261 usinum
678 3200 819 3261 Pontifice
835 3200 867 3260 iu
882 3202 1089 3265 Consistoriod
1101 3209 1165 3269 vin

152 3279 219 3339 culo
240 3282 348 3356 prioris
363 3283 495 3345 Ecclesiae
506 3284 689 3344 absolvitur:
705 3292 825 3345 extunc
841 3286 922 3348 euim
943 3287 1027 3364 prior
1036 3290 1164 3353 Ecclesia

152 3377 254 3418 vacare
280 3374 435 3435 censetur,
464 3376 497 3426 ut
517 3385 553 3429 ex
577 3366 753 3432 definitione
776 3370 886 3447 Cougr.
913 3372 1002 3431 tone.
1025 3390 1083 3447 per
1105 3377 1164 3435 Ur-

151 3437 219 3495 bon.
237 3442 314 3499 Vlli.
331 3448 558 3519 approbatddb.
576 3469 607 3509 ιι.
632 3452 662 3511 7.
682 3452 785 3529 Neque
807 3451 887 3515 idem
909 3454 1070 3531 Episcopus
1092 3470 1162 3535 post

149 3517 391 3585 absolutionerud
406 3532 545 3609 viuculo,
558 3532 628 3609 jure
641 3544 738 3613 potest
755 3538 887 3599 conferre
904 3536 1070 3613 beneficia,
1091 3561 1162 3619 quae
