2475 3975
309 184 337 265 ς.
350 186 388 248 ll.
401 185 447 246 De
463 184 597 261 acoliocn
609 184 879 271 contemplationis,
890 197 944 250 etc.
1062 194 1119 253 nv

110 289 202 353 debet
228 281 388 359 humiliar,
412 295 443 355 et
463 286 500 349 ab
526 288 663 357 omuibus
685 289 835 361 alienata,
861 290 947 364 unice
969 290 1118 373 diligenda

109 391 257 451 cacunem,
280 377 310 431 et
330 370 457 445 vivendo
482 373 515 435 in
539 380 635 439 tntum
660 373 769 439 divinis
789 374 1029 452 dispositionibus
1049 380 1117 438 uni·

106 465 261 533 formata,
278 476 346 524 cum
375 457 492 523 assidua
522 457 631 521 timore
659 477 698 521 ne
730 478 792 521 sum
817 459 1006 525 infidelitates
1023 480 1060 527 ex
1082 482 1118 525 ea

106 560 246 626 tempore
265 540 398 615 acerbids
416 542 668 622 pentesileam,
683 544 723 609 ob
742 543 885 622 majorem
906 548 964 625 qud
981 548 1117 609 commit·

105 640 211 692 teutur
227 627 482 707 ingratitudinem.
492 628 594 706 lnquit
608 630 641 690 S.
665 628 803 691 Tleaesia
818 628 933 708 (Mans.
955 632 990 694 V.
1008 641 1037 696 et
1051 633 1117 710 Vl.)

105 719 164 779 sibi
178 716 309 795 cognitas
322 714 421 792 plures
432 713 563 785 animas,
578 732 646 791 quse
657 758 666 786 ‚
676 712 745 776 cium
756 722 840 775 antea
859 714 988 778 adhunc
1006 726 1117 779 statum

106 802 229 863 unionis
244 797 463 872 ascendissent,
489 804 588 877 pastea
606 798 640 859 in
660 809 777 887 peccata
792 801 927 871 mortalia
953 803 1117 887 praecipites

103 886 286 949 cecideruut.
780 913 785 925 ·
921 896 923 899 “

146 970 212 1037 est.
228 970 301 1030 Tres
325 967 436 1039 dantur
452 968 563 1050 species
581 968 717 1039 unionis,
736 974 866 1033 etsunte
881 967 1114 1052 unianimitas,

106 1056 181 1125 unio
210 1051 463 1133 desponsationis,
490 1060 522 1113 et
553 1052 627 1117 unio
653 1060 881 1125 consummata,
904 1072 971 1130 qua
995 1063 1117 1115 vocatur

106 1142 181 1205 unia
202 1136 391 1211 matrimonii
409 1132 592 1217 spiritualis.
608 1136 685 1199 Unio
705 1137 830 1215 simplex
851 1145 895 1199 est
911 1138 984 1209 illa,
1003 1137 1041 1204 de
1059 1157 1116 1215 qua

107 1220 310 1305 usqueadbuc
330 1222 421 1282 locuti
447 1239 559 1281 sumus.
583 1221 749 1283 Dicendum
776 1238 856 1281 nunc
880 1231 925 1283 est
946 1222 985 1281 de
1007 1222 1117 1283 unione

1 1346 2 1349 =
105 1305 353 1390 desponsationis.
386 1307 466 1366 Hauc
499 1307 643 1367 unionem
669 1308 745 1367 salet
775 1306 927 1367 ordinarie
950 1306 1116 1393 precedere

103 1394 227 1454 ariditas
253 1390 479 1462 substantialis,
507 1407 574 1468 que
599 1400 644 1449 est
667 1390 804 1469 purgatio
824 1389 967 1468 spiritis,
990 1391 1029 1452 de
1057 1409 1116 1471 qua

100 1478 166 1557 jam
184 1473 273 1554 supi-b
287 1474 376 1541 locuti
390 1492 491 1534 sumus
505 1492 538 1535 n.
555 1475 623 1535 128.
645 1476 680 1535 ln
701 1473 756 1535 bac
775 1473 847 1536 verb
860 1474 970 1540 unione
990 1475 1116 1556 despon-

102 1562 226 1632 satiapis
242 1569 301 1633 taes
313 1569 383 1621 suut
395 1560 444 1629 alii
454 1558 562 1639 gradus
572 1560 700 1633 diversi,
711 1561 821 1628 scilicet
829 1560 974 1636 nonnata,
985 1562 1114 1640 Raptis,

101 1644 327 1721 stEleootiaois
343 1644 479 1731 spiritis.
497 1645 532 1705 ln
553 1645 680 1727 simplici
697 1646 808 1715 unione
828 1644 1049 1723 suspenduntur
1061 1663 1116 1722 pa·

103 1731 231 1802 tcntioe,
251 1728 303 1791 sed
326 1747 387 1789 non
406 1746 508 1797 sensns
530 1730 690 1809 corporei,
720 1731 855 1809 quamvis
882 1729 914 1789 bi
944 1739 1117 1791 remaneant

103 1815 193 1873 valde
212 1813 324 1875 infirmi
348 1812 386 1873 ed
406 1813 602 1892 operandum.
615 1816 651 1873 ln
669 1815 780 1874 antone
793 1825 893 1875 autem
912 1814 1017 1874 extasis
1028 1817 1117 1875 amit·

102 1902 179 1961 titur
195 1915 314 1989 quoque
331 1915 402 1957 usus
421 1916 561 1966 sensuum
574 1942 582 1971 ‚
596 1900 638 1958 ita
655 1906 689 1959 ut
702 1916 826 1978 persona
838 1916 900 1959 nou
921 1898 1019 1959 videat
1032 1942 1040 1971 ,
1054 1917 1116 1959 uon

103 1985 230 2057 audiat,
253 1993 282 2057 et
308 2001 369 2051 non
392 1983 535 2062 percipiat
555 2003 652 2063 neque
678 1984 855 2058 incisiones,
873 2002 970 2063 neque
985 1984 1115 2046 adustio·

101 2087 169 2135 nes.
194 2071 306 2148 Raptus
327 2067 400 2130 verb
424 2067 500 2130 nihil
525 2069 607 2130 aliud
628 2078 672 2130 est
692 2068 782 2148 quim
803 2069 957 2148 impressio
981 2068 1116 2145 quaedam

101 2155 208 2234 gratias
237 2150 385 2220 validior:
407 2154 466 2229 qud
488 2154 634 2214 Dominus
658 2171 720 2213 non
744 2151 842 2213 saliam
867 2153 964 2212 elevat
986 2151 1117 2220 animam

101 2239 142 2298 ad
158 2236 302 2312 unionem
314 2279 323 2309 ‚
337 2235 388 2294 sed
407 2237 496 2295 etiam
514 2239 594 2313 capit
612 2238 696 2297 illam
709 2245 793 2295 matu
803 2236 931 2314 quadam
942 2235 1114 2314 subitaneo,
1169 2305 1173 2314 ,

102 2331 133 2384 et
158 2320 317 2396 violento,
338 2320 379 2379 ita
410 2319 627 2398 utaliquando
658 2322 791 2381 elevetur
815 2321 907 2383 ctiatn
932 2339 1058 2400 corpus,
1086 2332 1117 2383 et

101 2405 248 2469 reddatur
260 2405 325 2464 leve
337 2404 375 2463 ad
394 2403 487 2465 instar
502 2405 621 2482 plumoe.
637 2403 772 2476 Elevato'a
783 2405 909 2491 spicitcis
924 2415 986 2480 est,
997 2406 1115 2486 quaudo

104 2493 203 2552 anima
218 2491 308 2551 sentit
320 2490 428 2568 serapi
447 2491 528 2569 quasi
543 2500 626 2560 extra
640 2509 693 2566 se,
717 2500 748 2553 et
767 2489 869 2551 catulli
884 2510 973 2573 supra
990 2493 1115 2572 seipsam

105 2594 174 2638 cum
193 2592 299 2654 magna
318 2573 444 2652 quadam
469 2575 632 2650 violentia,
657 2576 738 2636 unde
758 2577 858 2643 aalma
881 2575 919 2634 ab
942 2577 1030 2647 initia
1051 2595 1115 2637 ma*

105 2679 199 2740 gnum
218 2661 369 2750 experitur
387 2659 538 2732 timorem.
562 2661 597 2720 ln
616 2662 781 2721 elevatione
807 2658 930 2739 spiritis
948 2660 1116 2729 continetur

106 2757 166 2808 tam
180 2745 306 2820 extasis,
320 2744 389 2822 quia
407 2745 569 2808 intervenit
581 2745 698 2805 amissio
712 2761 872 2815 sensuum,
887 2741 977 2822 quim
991 2751 1114 2822 raptus,

106 2831 138 2891 id
159 2837 203 2890 est
218 2837 317 2907 motus
333 2825 494 2894 violentas.
514 2829 625 2896 Retulit
638 2827 713 2890 mibi
734 2847 860 2910 persana
880 2829 1016 2907 quadam
1032 2828 1116 2894 simi·

107 2916 184 2975 libus
199 2913 300 2998 gratiis
312 2912 329 2972 a
342 2914 405 2974 Deo
423 2913 529 2975 donata
541 2958 549 2987 ,
560 2915 642 2993 qubd
660 2917 694 2976 in
709 2915 818 2975 talibus
831 2913 1042 2982 elevationibus
1055 2914 1116 2990 spi·

106 2998 183 3060 ritus
213 2996 364 3064 videretur
386 2997 441 3057 sibi
469 3007 610 3078 tanquam
640 2999 665 3059 si
694 3001 793 3059 anima
815 2996 833 3058 e
857 3014 981 3075 conpare
1014 2991 1132 3064 luisset'

106 3083 223 3158 avulsa,
244 3091 275 3146 et
289 3082 399 3142 elevata
414 3101 480 3154 com
502 3091 582 3150 tanta
600 3085 754 3160 velocitate
765 3101 800 3154 aa
812 3083 837 3142 si
853 3081 1009 3150 conficeret
1021 3083 1115 3144 decies

0 3211 1 3214 ,
108 3175 229 3229 acutena
250 3166 343 3240 millia
359 3167 497 3241 milliaria
524 3167 556 3229 in
575 3170 681 3246 quovis
698 3167 840 3246 temporis
859 3161 1033 3244 momento,
1053 3188 1115 3243 pan

107 3253 172 3312 sinc
200 3268 308 3328 magno
328 3259 462 3326 temore,
488 3254 628 3332 quoniam
658 3253 813 3334 ignorabat
834 3249 895 3330 qud
920 3263 995 3327 esset
1014 3273 1116 3320 amen·

106 3354 199 3414 saca;
224 3333 275 3394 sed
302 3333 371 3396 ciam
402 3345 500 3416 postea
524 3337 724 3410 subsedisset,
749 3345 820 3404 tune
849 3337 1051 3413 illustrabatuo
1078 3341 1115 3400 ad

108 3417 344 3498 cognoscendum
362 3421 481 3500 aliquod
492 3421 628 3497 divinum
645 3439 796 3491 anaspum.
813 3421 869 3482 Sed
883 3419 932 3491 laic
950 3424 1047 3496 aoituo
1059 3423 1115 3484 du-

109 3505 216 3582 bium3
244 3503 273 3565 Si
290 3505 323 3566 in
337 3503 392 3564 hac
419 3506 530 3568 unicus
553 3505 776 3584 suspenduntur
796 3508 952 3586 potentiae,
971 3515 1001 3566 ct
1027 3507 1115 3566 intel-

108 3589 201 3650 lectus
217 3587 419 3651 obscurant
441 3589 514 3652 lucis
535 3589 640 3669 abysso
661 3591 764 3669 nequit
776 3592 928 3653 attendere
941 3590 1029 3653 rebus
1042 3607 1115 3668 quas
