2475 3975
376 152 428 215 Ea
444 149 581 236 operrlrre
589 149 744 215 Benedicti
752 154 803 215 XI
808 156 843 217 V.
1057 159 1115 221 ιιι

106 271 208 315 sensus
224 254 438 328 intercesserit,
459 254 674 333 potestatique
692 254 801 315 mulier
813 255 987 335 religionem
1001 256 1117 337 ingredi

107 339 199 420 (idem
221 338 260 400 dc
277 339 342 402 viro
361 338 502 419 dixeris),
517 350 547 401 ct
563 342 595 404 in
615 342 649 403 ed
666 340 820 421 profiteri3
835 343 857 401 si
879 352 978 405 tamen
997 350 1026 403 et
1043 344 1118 405 alter

105 423 215 507 conjux
232 426 395 487 consentiat
413 427 446 487 iu
469 425 644 504 religionem
664 425 801 505 ingredi,
824 427 848 489 si
868 426 970 505 junior
988 436 1051 500 est,
1069 428 1117 490 rel

104 509 130 571 si
150 528 240 571 senex
258 512 409 585 extiterit,
426 511 544 573 emittat
562 520 664 571 votum
684 511 810 590 simplex
828 511 980 574 eastitatis.
998 512 1028 573 si
1046 512 1117 578 vero

104 596 143 657 ab
163 597 328 668 alterutro,
346 598 392 657 rel
414 606 571 659 revocetur
590 614 747 659 consensus
767 596 860 661 litere
882 598 1030 675 praestitus
1050 607 1117 657 autc

104 681 228 741 alterius
250 682 483 761 professionem,
509 682 557 741 vel
580 682 671 741 etiam
694 690 759 759 post
781 682 993 760 professionem
1021 682 1118 748 vultui

102 764 261 839 cmissem,
278 766 303 825 si
322 784 382 827 non
400 766 567 844 adimpletae
586 765 701 825 luerint
720 766 903 827 conditiones
919 764 1055 844 supcrids
1073 784 1119 826 ea·

103 866 232 929 pressae,
245 848 352 929 conjux
373 851 527 931 religiosus
545 868 580 910 eo
598 859 718 927 potente
734 852 832 931 egredi
847 850 864 913 ὸ
881 852 1023 929 religione
1037 860 1119 913 tene·

103 943 173 1007 tur,
189 944 223 995 ut
241 935 399 997 definitum
414 938 445 997 in
462 938 684 1014 cap.Proetereo
693 980 702 1010 ,
714 933 749 997 do
764 954 892 997 eunome.
913 934 1030 1016 corrjrrp.
1044 938 1116 999 Can.

106 1019 187 1101 Quia
206 1020 338 1102 Agatho,
357 1038 440 1083 corre.
460 1023 511 1083 27.
542 1040 594 1101 qn.
619 1020 651 1081 ι.
672 1038 737 1099 cap.
759 1020 835 1081 Celere
852 1020 911 1095 sio,
928 1018 963 1082 de
983 1036 1116 1083 convers.

103 1103 223 1187 conjug.
235 1107 311 1170 lhid.
328 1128 361 1169 n.
376 1110 425 1169 10.
444 1110 493 1170 11.

142 1194 211 1252 Non
232 1192 304 1255 rcrd
324 1194 455 1266 sufficit,
473 1194 516 1269 si,
534 1192 664 1255 muliere'
680 1192 856 1271 religionem
880 1190 1009 1270 ingressi
1020 1233 1030 1263 ,
1043 1189 1118 1256 atter

103 1275 213 1353 conjux
226 1296 287 1337 non
296 1297 384 1339 senex
400 1296 496 1339 sacros
508 1277 627 1338 ordines
639 1278 777 1355 suscipiat
783 1322 793 1353 ,
806 1296 842 1337 en
854 1276 1007 1339 constitut.
1019 1277 1117 1339 loun-

101 1362 153 1425 nr's
165 1364 274 1423 XXII.
286 1362 444 1443 datique,
460 1363 509 1423 tit.
524 1362 569 1421 Dr
586 1360 649 1423 enti
666 1360 873 1441 redemptione.
892 1361 970 1422 lbid.
983 1379 1014 1421 n.
1030 1362 1080 1428 tt.

142 1448 173 1507 Si
196 1444 267 1509 verd
286 1447 418 1525 legitimi.
437 1447 593 1525 probatum
606 1448 695 1508 luerit
714 1446 894 1509 adulterium
917 1445 1038 1545 ureris,
1051 1463 1119 1523 qum

103 1533 174 1594 dcin
192 1535 297 1594 transit
309 1534 347 1595 ad
359 1533 552 1612 religionem,
570 1542 643 1593 tunc
655 1533 804 1611 integrum
820 1534 885 1594 viro
901 1541 945 1593 est
967 1532 998 1591 in
1013 1531 1118 1593 saeculo

101 1616 245 1695 mandre,
269 1619 431 1680 dummodo
455 1628 555 1679 tamen
580 1619 720 1681 castitatis
745 1618 1059 1681 rotumemittat.1ta
1081 1635 1118 1679 ex

101 1702 192 1763 decis.
209 1701 271 1761 ιδ.
285 1706 393 1781 congr.
407 1704 521 1763 lbid.n
525 1706 601 1763 .1.6

141 1787 231 1885 Quin·
242 1797 272 1847 et
294 1788 326 1846 in
346 1804 383 1845 en
402 1805 492 1858 casu,
518 1786 543 1845 si
568 1804 605 1845 ex
626 1785 761 1863 Episcopi
786 1785 956 1845 testimonio
983 1743 1115 1861 constet,

101 1871 203 1931 virum
222 1872 254 1931 iu
276 1873 382 1931 saeculo
402 1880 573 1932 manentem
594 1870 664 1931 vitm
688 1886 750 1929 esse
774 1869 926 1946 probatae,
947 1870 1118 1931 conceditur

101 1957 147 2018 illi
167 1976 221 2038 per
243 1957 412 2030 indultum,
436 1966 470 2018 ut
487 1956 571 2018 uullo
592 1973 624 2018 se
648 1952 787 2016 castitatis
807 1961 876 2015 voto
900 1953 1029 2034 obliget,
1044 1952 1117 2022 aderl

57 2066 60 2070 ·
102 2051 136 2102 ut
158 2053 223 2122 post
247 2044 350 2106 uxoris
373 2052 501 2106 mortem
523 2043 615 2121 possit
640 2041 678 2102 ad
696 2041 767 2102 alias
785 2041 904 2120 nuptias
923 2042 1058 2102 transire.
1073 2042 1117 2102 lta

102 2145 139 2188 cx
156 2129 292 2190 resolutis
310 2127 436 2205 irCong.
456 2126 531 2187 lbid.
546 2145 577 2186 ιι.
597 2128 646 2186 16.

141 2214 316 2277 Concessum
332 2221 377 2272 est
395 2213 485 2272 ctiam
499 2211 660 2289 aliquando
685 2210 834 2272 indultum
850 2209 917 2270 viro
929 2211 1117 2289 sexagenario

101 2295 231 2375 majori,
253 2307 288 2359 ut
312 2298 474 2361 sacerdotio
499 2296 611 2357 initiari
633 2306 752 2375 posset,
773 2295 935 2359 dummodo
959 2313 1034 2356 uror
1056 2293 1117 2356 ferd

101 2385 289 2462 sexagenaria
299 2393 475 2463 perpetuam
486 2381 649 2444 castitatem
658 2392 789 2444 voveret.
803 2381 881 2445 llud.
891 2383 1067 2442 Concessum
1074 2388 1119 2443 est

101 2469 212 2543 etiam,
234 2476 269 2531 ut
287 2470 335 2531 vir
356 2467 599 2548 septuagenarius
618 2467 657 2527 de
682 2485 825 2530 consensu
851 2466 951 2528 uxoris
973 2467 1117 2544 acciperet

100 2572 198 2616 sacros
212 2554 351 2628 ordines,
364 2563 396 2614 et
408 2571 483 2613 uxor
500 2551 581 2631 paris
593 2553 688 2614 relatis
701 2551 852 2613 Tertinriae
863 2549 999 2612 habitum
1012 2550 1117 2615 induo·

101 2646 167 2710 ret,
187 2638 351 2702 dummodo
368 2638 498 2698 diversas
513 2635 637 2698 omnini
654 2637 730 2698 mdes
747 2635 920 2698 incolerent.

140 2726 175 2784 ln
188 2725 324 2804 ingressu
340 2722 517 2785 monialium
537 2721 570 2782 in
595 2722 807 2787 monasterium
831 2717 909 2780 dotis
929 2719 1038 2783 solutio
1065 2736 1117 2799 ap·

102 2810 246 2891 probatur
263 2829 317 2882 ea,
338 2829 405 2888 quae
426 2808 515 2869 datur
542 2825 603 2869 non
624 2805 661 2868 ad
677 2808 842 2888 ingressum
865 2807 1119 2886 irreligionem,

101 2897 154 2957 scd
173 2915 229 2975 pro
250 2904 420 2967 contractu,
442 2893 612 2972 quemfecit
632 2893 736 2972 religio
750 2911 818 2954 eum
839 2891 913 2963 itta,
930 2910 998 2970 quea
1018 2892 1119 2970 ingre·

101 2983 205 3054 ditur,
229 2981 363 3060 obligans
384 2996 448 3040 sese
461 2978 498 3040 ιιι
515 2977 580 3057 ejus
601 2975 857 3040 sustentationem.
877 2975 907 3038 Si
923 2977 996 3038 rard
1014 2995 1119 3041 mona-

101 3068 226 3128 sterium
237 3084 290 3144 per
299 3084 331 3127 se
339 3065 377 3126 sit
386 3065 515 3136 diree,ut
525 3065 659 3126 sufficere
668 3065 771 3124 cxsuis
783 3063 874 3140 possit
886 3062 1061 3122 monialium
1069 3081 1119 3122 su-

102 3152 295 3223 stentationi,
315 3159 387 3210 tunc
404 3151 508 3227 utique
524 3158 676 3229 prmstaret
701 3149 837 3211 dotcm
828 3149 1008 3210 imminuere
1021 3191 1030 3221 ,
1045 3149 1120 3225 quin

103 3239 194 3300 etiam
210 3233 330 3340 penitius
351 3235 527 3307 remittere,
544 3253 725 3314 quamquam
744 3235 775 3296 id
799 3233 946 3312 agendum
968 3251 1028 3296 uon
1050 3241 1116 3308 est,
1156 3311 1158 3316 Ι

102 3324 161 3385 nisi
183 3320 268 3401 pride
294 3320 483 3384 cousultdS
501 3322 647 3402 Congreg.
673 3315 1117 3398 concilii.1teSyn0d.droee.

102 3411 126 3469 l
118 3407 425 3570 ἇΐιοιοιιϋῃιιιιιῗιιι,
444 3507 541 3553 omnm
563 3497 594 3550 ct
619 3507 763 3560 munera,
783 3507 850 3565 quse
876 3487 913 3546 ab
934 3481 1119 3562 ingrediente

104 3578 250 3641 moniales
262 3579 386 3658 exigunt
398 3621 407 3654 ‚
419 3592 609 3658 perseverare
622 3585 721 3636 censet
734 3573 869 3638 Poutilex
885 3568 1117 3648 prohibitionem
