2475 3975
136 162 194 223 576
320 155 458 241 Epitoure
472 155 611 219 doctrino·
632 149 753 214 arorolis
764 160 794 213 et
810 153 957 215 cortooicre

130 258 329 321 nuntiandum
344 260 377 320 in
401 258 436 320 ed
455 256 540 319 eausa
559 254 774 315 cumulativum
789 252 838 330 jus
855 261 899 313 est
926 252 1006 313 iutcr
1033 253 1136 318 Sedena

131 344 324 423 apostolicam
337 389 346 417 ‚
360 352 391 405 et
400 342 514 421 judices
529 338 706 401 ordinarios.
722 336 767 397 ib.

167 430 270 503 Quoad
279 429 466 491 matrimonia
477 427 554 486 inter
566 422 737 503 impuberes
747 421 882 483 nondum
895 422 1032 505 conjugio
1043 435 1137 505 aptos,

128 514 207 574 solus
223 516 371 576 Romanus
384 512 517 575 Pontifex
528 508 689 589 dispensat.
704 507 749 567 lb.

167 599 380 679 lmpedimenta
401 594 626 657 matrimonium
639 590 831 671 impedientia
850 592 888 652 ab
906 593 1048 673 Episcopo
1064 596 1138 655 rela-

129 683 191 741 xari
206 691 345 761 possunt,
360 682 385 741 si
402 680 529 759 excipias
540 676 787 757 impedimentum
798 684 897 738 ortum
911 696 947 738 ex
956 682 1137 758 sponsalibus

129 783 197 826 curn
213 767 306 827 altero
325 762 409 845 priris
420 763 523 835 initis,
543 771 573 823 et
594 760 669 822 iilud
680 805 689 835 ,
702 760 782 839 quod
795 779 832 821 ex
848 769 918 823 voto
932 773 1082 842 perpetua
1093 786 1139 827 ea·

129 850 252 923 stitutiS,
263 859 294 910 et
307 847 494 929 ingrediendi
505 846 699 926 religionem,
713 846 769 905 nisi
787 844 899 906 fuerint
920 847 1137 928 conditionata,

129 942 229 995 ortum
250 934 346 995 duxit.
370 936 479 995 Cetera
500 931 572 994 vend
589 929 815 993 matrimonium
842 931 988 993 inritantia
1010 934 1137 1009 tollere,

129 1020 187 1078 nisi
204 1020 353 1081 Romanus
365 1020 525 1093 Pontifex,
547 1034 636 1077 nemo
658 1022 766 1095 potest.
781 1015 1044 1093 Excipitur-tamen
1057 1037 1139 1079 casus

132 1121 221 1181 quem
234 1105 333 1165 statim
349 1103 454 1165 subdu.

168 1186 199 1248 si
213 1188 290 1251 forle
301 1188 412 1249 accidat
428 1196 461 1248 ut
480 1186 704 1247 matrimonium
714 1184 778 1263 jam
793 1184 885 1245 fuerit
901 1192 1086 1246 contractum
1105 1190 1138 1249 iu

130 1273 202 1333 facie
215 1274 350 1334 Ecclesia
360 1292 428 1333 oum
441 1272 580 1334 omnibus
597 1269 855 1344 solemnitatibus,
870 1271 1036 1349 initumque
1049 1272 1140 1335 fucrit

130 1356 208 1419 boul
220 1357 280 1419 fide
292 1377 329 1420 ex
347 1357 514 1437 ignorantie
532 1354 736 1435 impedimenti
748 1355 825 1433 juris
841 1362 870 1416 et
884 1355 950 1415 faeti
962 1400 970 1430 ,
983 1365 1013 1417 et
1022 1356 1060 1417 sit
1069 1376 1139 1419 con·

130 1444 506 1517 summatum„oceultum
529 1442 569 1501 sit
588 1450 687 1501 tamen
713 1439 982 1519 impedimentum,
1005 1450 1036 1502 et
1061 1444 1137 1506 adiri

131 1545 192 1587 non
219 1528 311 1605 possit
334 1528 494 1598 Pontifex,
517 1544 569 1585 scu
602 1526 640 1584 ab
667 1543 703 1587 eo
734 1526 912 1605 dispensatio
947 1526 1077 1589 obtineri
1099 1530 1138 1590 ob

130 1611 288 1691 conjugum
297 1617 499 1691 paupertatem
509 1610 719 1679 ‚rusticitatem
729 1656 736 1681 ‚
748 1611 881 1672 locorum
891 1612 1059 1674 distantiam
1068 1624 1138 1689 cte,

131 1714 186 1758 uec
205 1698 297 1775 possit
321 1696 465 1777 separatio
482 1696 547 1756 fieri
568 1695 633 1756 sine
658 1696 817 1773 seanda103
834 1698 906 1758 dum
928 1699 1016 1757 simul
1035 1718 1139 1761 omnes

130 1782 194 1843 istae
206 1781 433 1843 circumstantia
445 1779 610 1853 adfuerint,
623 1789 693 1842 tunc
711 1782 746 1841 ab
761 1784 904 1862 Episcopo
915 1800 947 1843 ea
960 1782 1138 1863 dispensatio

28 1897 33 1906 ·
86 1871 94 1883 ’
131 1866 197 1931 turo
219 1868 412 1943 conceditur,
434 1885 524 1945 quarn
544 1874 641 1945 potest
662 1866 759 1943 major·
779 1868 1015 1927 Poenitentiarius
1032 1870 1139 1947 Papae,

130 1954 182 2015 sed
200 1954 230 2014 in
246 1952 313 2014 foro
328 1962 428 2014 tamen
449 1951 635 2011 conscientiae
647 1948 781 2012 tantum.
791 1952 887 2026 Quare
904 1953 929 2014 si
942 1952 1141 2032 impedimen·

132 2049 198 2101 tum
220 2039 295 2099 illud
313 2049 412 2118 postea
426 2037 600 2116 detegatur,
619 2043 650 2096 et
668 2036 828 2097 deducatur
850 2039 888 2097 ad
903 2038 1001 2099 forum
1017 2050 1141 2100 conten·

131 2124 258 2199 tiosum,
275 2123 459 2204 impetranda
483 2120 561 2183 esta
584 2122 707 2183 Summo
731 2122 872 2184 Pontificc
889 2123 1078 2202 dispensatio.
1095 2128 1141 2187 Dc

132 2210 245 2290 Synod.
256 2209 343 2270 dioec.
359 2210 412 2269 lib.
429 2209 461 2268 9.
473 2227 537 2287 cap.
549 2209 579 2267 E.
598 2227 629 2268 n.
646 2209 676 2268 f.

124 2309 126 2312 ⁴
170 2293 258 2353 Fortia
276 2295 366 2353 ctiam
383 2293 543 2372 Episcopus
558 2291 727 2371 dispensare
742 2293 851 2372 poterit
869 2293 902 2354 in
923 2294 1141 2372 impedimento

132 2377 290 2437 dirimente
310 2377 445 2448 occulto,
472 2373 541 2436 cirm
563 2377 786 2437 matrimonium
808 2377 942 2456 proxime
965 2381 1141 2442 contrahen-

131 2461 202 2521 dum
218 2467 283 2531 est,
303 2459 336 2522 iu
357 2476 423 2519 casu
444 2478 503 2538 quo
527 2460 598 2521 tales
619 2471 744 2539 urgeant
761 2481 862 2524 rerum
884 2463 1139 2537 circumstantiae,

131 2553 165 2606 ut
185 2561 239 2606 nee
255 2546 285 2605 S.
300 2540 433 2606 Pontifex
444 2545 557 2605 consuli
571 2545 687 2624 possit,
708 2564 762 2607 nec
780 2547 1003 2608 matrimonium
1022 2550 1140 2611 differri

131 2629 368 2703 sineseandalo,
385 2638 436 2690 aut
457 2629 578 2690 infamia
599 2630 849 2693 contrahentium.
870 2635 954 2691 Tune
976 2635 1143 2695 censendus

131 2727 175 2777 est
194 2718 225 2776 S.
243 2717 377 2777 Pontifex
397 2715 488 2777 tacite>
503 2716 638 2796 delegare
663 2718 804 2798 Episcopo
819 2724 993 2796 potestatem
1018 2720 1143 2799 dispcn·
1218 2775 1219 2820 ἶ

131 2802 226 2863 sandi.
239 2801 314 2862 ibid.
328 2819 359 2860 n.
374 2802 405 2862 E.

1206 10 1219 331 l

1211 349 1219 647 l

1215 655 1219 929 1

170 2887 222 2948 liis
246 2886 375 2966 precisis
399 2903 501 2945 rerum
528 2887 777 2962 circumstantiis,
797 2889 910 2951 nemini
939 2890 982 2950 fas
1004 2873 1049 2953 est
1069 2893 1144 2972 Epi·
1218 2929 1219 2972 t

131 2991 218 3052 scopo
235 2972 405 3049 dispensare
421 2969 817 3050 inimpedimentispublieis
827 2974 1051 3037 matrimonium
1065 2976 1144 3038 diri·
1218 3001 1219 3004 ¹

132 3056 291 3117 mentibus.
305 3059 407 3134 Neque
422 3056 503 3116 enim
519 3074 624 3116 rerum
641 3064 725 3116 estet
746 3076 870 3132 sanum,
893 3059 1006 3118 axioma
1017 3056 1103 3122 'illud
1124 3061 1143 3124 ir

131 3141 282 3201 nonnullis
297 3141 491 3218 adoptatum:
507 3139 661 3219 Quidquid
678 3148 774 3222 potest
790 3140 933 3223 Pontifex
953 3141 987 3202 iu
1001 3148 1144 3208 uniuerso

130 3223 215 3299 orte,
237 3227 266 3283 si
284 3224 434 3304 excipias,
456 3242 524 3304 quc
552 3223 643 3286 totius
668 3222 803 3286 Ecclesia
824 3234 935 3286 scarum
953 3229 1143 3308 respiciunt,

129 3303 209 3364 uelut
218 3304 290 3384 fidei
302 3306 463 3366 articulum
473 3306 610 3387 reficere,
619 3314 716 3387 potest
727 3311 891 3390 Episcopus
901 3313 934 3372 iu
947 3315 1004 3372 suat
1013 3310 1143 3388 dioecesi,

129 3385 192 3445 uisi
210 3390 300 3464 Papa
314 3387 374 3446 siti
390 3387 467 3448 iilud
484 3390 683 3452 reservaverit.
706 3393 773 3453 Nou
798 3395 878 3453 onim
897 3405 994 3473 potest
1014 3397 1145 3461 inferior

128 3464 418 3550 legemasuperiore
439 3472 530 3532 latam
552 3477 696 3534 relaxare.
720 3477 796 3536 Sunt
819 3479 868 3555 qui
892 3479 1143 3544 consuetudinem

129 3547 331 3625 praetendant3
354 3558 383 3609 at
398 3554 586 3618 considerent
602 3559 733 3632 attenti,
752 3559 820 3621 clim
837 3579 884 3622 res
896 3557 934 3622 s'it
947 3561 985 3623 de
998 3566 1142 3626 minuen-
