2475 3975
367 160 394 243 ς.
411 163 463 223 lll.
479 162 524 222 Dc
537 159 670 241 persenia
682 158 799 225 deuotis.
1045 167 1085 227 tt

83 264 286 349 utaliquando
302 264 380 343 apud
392 264 464 324 alios
474 262 671 324 confiteantur
682 270 880 341 preterquam
895 265 997 343 siquis
1007 275 1084 327 essct

81 354 160 413 valde
175 350 383 428 scrupulosus,
397 348 436 408 de
456 365 515 425 quo
527 348 690 425 prudenter
700 348 803 408 timeat
819 365 878 419 ne,
895 348 920 409 si
935 349 974 411 ad
991 350 1083 413 alium

81 439 191 501 accedat
212 436 264 514 qui
281 440 346 509 ejus
358 432 567 495 conscientiam
584 434 722 511 ignorat,
742 432 915 493 notabiliter
937 444 1012 495 essct
1034 436 1082 496 iu·

81 522 261 601 quemndus.
277 522 382 581 Caveat
392 520 503 598 pariter
515 517 718 592 confessarius,
729 518 937 580 nesollicitum
948 526 1082 581 reosten-

80 608 141 681 dat,
154 626 185 669 se
203 606 281 666 velle
294 602 418 681 alicujus
439 602 546 663 anime
564 602 758 665 directionem
772 604 931 681 suscipere.
944 605 975 665 2.
997 605 1082 665 Nun·

79 710 160 770 quam
170 692 282 768 absque
292 690 461 749 necessitate
475 688 513 747 de
527 688 655 750 eliorum
664 688 909 751 confessariorum
920 688 1082 751 defectibus

79 778 209 857 loquatur
222 820 231 849 ‚
245 775 298 837 sed
312 772 410 853 potiris
421 771 524 834 seduld
537 781 652 852 querat
670 790 721 835 eos
730 773 768 836 ab
779 774 880 852 aliquo
889 792 992 837 errore
999 792 1082 835 com·

79 864 158 924 misso
171 877 321 923 excusare.
338 860 367 920 5.
382 858 583 920 Directioncm
598 876 659 919 non
670 858 939 937 suscipiataticujua
948 860 1002 939 qui
1014 860 1080 921 vult

79 948 244 1008 directorem
272 962 359 1004 suurn
381 944 573 1021 relinquere,
597 941 655 1001 nisi
676 941 877 1020 adsiturgens
908 962 1015 1013 eausa,
1044 951 1079 1004 ut

78 1032 174 1091 (locent
182 1032 215 1091 S.
227 1025 389 1110 Philippus
399 1028 531 1100 Nerius,
548 1028 581 1089 S.
594 1024 770 1087 desuesces
782 1023 929 1099 Selectos,
941 1029 974 1089 S.
988 1029 1079 1087 Coro·

79 1113 119 1177 lus
131 1118 332 1187 Borrmtaoeacs,
346 1122 376 1175 et
392 1114 442 1173 alii
453 1135 462 1190 ς
472 1131 508 1173 ex
524 1110 581 1175 hoc
593 1112 675 1172 enim
689 1108 766 1190 soepd
777 1110 998 1192 dissipationes,
1010 1129 1080 1188 per·

79 1202 272 1275 turbationes,
291 1210 321 1260 et
337 1198 515 1279 quandoque
535 1199 626 1261 ctiam
643 1197 778 1259 scandala
797 1185 949 1259 oriuntur.
966 1197 1081 1259 Adver-

79 1295 185 1364 tatque,
210 1284 247 1345 ad
272 1284 449 1345 mutandum
468 1284 678 1345 confessarium
709 1300 770 1342 non
801 1283 872 1343 satis
897 1300 977 1355 esse,
997 1281 1080 1360 quod

77 1371 215 1447 poenitens
225 1370 357 1447 aliquam
368 1387 437 1449 erga
454 1388 524 1429 eum
539 1367 790 1429 abominationem
801 1368 985 1439 sentiat,rel
997 1367 1079 1447 quot

78 1455 203 1515 rideatur
220 1450 319 1515 verbis
339 1455 431 1533 ipsius
448 1454 539 1515 iidem
564 1470 627 1514 nou
642 1449 772 1529 amplius
794 1449 925 1527 babere3
939 1462 974 1512 ut
996 1453 1078 1515 euim

20 1526 26 1539 ’
78 1540 115 1598 ait
127 1540 155 1598 S.
172 1537 324 1611 utica-caia,
336 1537 413 1617 saepe
430 1548 474 1601 est
493 1538 636 1601 daemonis
653 1537 787 1598 tentatio.
803 1535 888 1598 Unde
898 1536 1078 1599 &Francis-

19 1806 27 1947 l

78 1618 257 1687 caramtocus
270 1622 313 1684 sic
325 1622 431 1684 docet:
448 1620 655 1703 confessarius
678 1640 739 1683 oon
759 1629 803 1683 cst
820 1619 988 1683 sonandus
1011 1623 1077 1683 sinc

76 1707 293 1787 prostratione.
308 1706 366 1770 scd
385 1711 487 1771 conari
502 1727 594 1791 neque
609 1706 728 1788 expedit
744 1708 779 1767 ιἰι
796 1705 850 1767 hoc
866 1724 925 1769 esre
941 1706 1078 1769 incoria-

79 1787 147 1860 bile,
162 1792 189 1853 si
210 1789 348 1872 fcpitimm
367 1811 462 1855 causor
488 1792 664 1855 arctationis
684 1792 906 1873 superveniant.
929 1790 1076 1854 Caeterdm

77 1873 182 1937 dicits.
197 1876 333 1937 Tlrercsa'a
348 1876 458 1955 justam
478 1896 541 1941 esse
564 1896 652 1957 posse
669 1896 785 1938 causam
807 1878 943 1938 mutandi
963 1880 1078 1939 confes·

19 1954 20 2038 l
79 1962 195 2033 sarium,
216 1960 365 2024 deiectum
390 1964 553 2037 bonitatis,
573 1964 615 2024 ita
637 1964 777 2042 inquiens
796 1983 805 2023 a
826 1961 862 2026 Si
880 1961 1076 2044 confessorias

19 2079 20 2114 ι
79 2043 203 2124 practicis
221 2043 316 2108 alicui
325 2047 456 2110 corileti
467 2056 792 2132 appareat,·mutcter‚·
808 2048 875 2109 ctu
887 2048 949 2128 ipsc
967 2050 1007 2109 sit
1021 2066 1075 2107 co·

19 2187 20 2216 c
79 2147 145 2203 nos,
157 2149 252 2192 cenos
274 2128 349 2194 atros
369 2131 481 2213 efficiet.
504 2137 663 2213 Propterea
682 2136 793 2212 poterit
814 2150 876 2192 csse
894 2132 974 2208 justa
989 2150 1075 2192 causa

19 2241 20 2250 ι
80 2215 219 2290 cunundi,
236 2216 366 2278 defectus
384 2219 548 2294 doctrinae,
572 2219 610 2278 de
634 2215 692 2278 hoc
708 2226 807 2276 tamen
826 2224 937 2274 certam
959 2224 1074 2294 oportet

19 2343 20 2388 t
80 2293 175 2364 tatere
185 2303 458 2380 praesumptionem.
471 2305 515 2364 De
526 2311 650 2385 eaetero,
667 2301 708 2360 ait
726 2302 758 2360 S.
779 2297 932 2374 Thermia,
946 2298 1025 2378 qudd
1036 2301 1075 2363 de

19 2401 21 2462 3
81 2381 165 2444 dubiis
183 2385 259 2448 bene
282 2395 378 2464 potest
399 2389 545 2467 paenitens
570 2388 642 2448 alios
662 2386 764 2447 doctos
785 2385 945 2448 directores
966 2405 1073 2449 oonsu-

80 2466 148 2563 lcre,
160 2471 219 2531 irno
242 2473 401 2550 aliquando
416 2474 472 2534 boc
492 2473 616 2535 omniuo
632 2474 760 2552 expedit.
774 2473 805 2532 l.
817 2473 914 2533 livitet
931 2474 1072 2536 confessa·
1096 2517 1099 2523 ¹

80 2569 131 2611 rcus
142 2556 293 2632 partialem
302 2575 333 2616 se
344 2559 497 2619 ostendere
512 2577 578 2618 curn
595 2559 696 2636 aliquo
709 2559 882 2636 penitense.
896 2559 1022 2631 Quidam
1035 2561 1073 2623 ad

80 2635 192 2714 aliquam
200 2641 292 2708 animi
300 2641 636 2703 benevolentiamnimis
646 2641 944 2718 adjiciunt3cumilla
953 2661 1073 2704 omnem

19 2735 21 2752 ³
80 2737 183 2795 curam,
208 2735 325 2802 tempus
349 2728 528 2788 etlaborem
549 2727 713 2786 insumunt.
732 2728 800 2786 llon
812 2725 979 2804 negandum
991 2727 1072 2805 qudd

79 2805 163 2884 aliqua
177 2809 276 2870 anima
298 2811 477 2891 quaudoque
497 2811 604 2890 majori
625 2809 772 2890 indigebit
789 2811 970 2880 assistentia,
983 2812 1073 2890 quiam

79 2889 126 2950 aliu
137 2912 146 2967 ς
157 2893 206 2953 sed
216 2895 281 2954 -alia
303 2907 348 2956 est
368 2899 548 2974 assistentia,
564 2898 621 2958 alia
634 2905 679 2957 est
687 2894 833 2968 adhaesio,
846 2914 912 2972 quae
922 2896 1026 2966 eflicit,
1040 2905 1074 2958 ut

78 2980 179 3051 parcior
190 2999 260 3042 cura
279 2981 318 3042 de
335 2983 400 3044 aliis
416 2984 628 3062 poenitentibus
649 2982 806 3043 habeatur.
820 2979 891 3040 ldcd
913 2981 1073 3058 expediet,

19 3119 21 3140 Ι
79 3070 106 3117 ιι
122 3065 310 3126 confessarius
333 3083 466 3146 personae
486 3069 531 3128 illi
552 3067 744 3146 indigentiori
767 3065 898 3141 aliquem
919 3062 999 3125 diem
1021 3077 1074 3128 aut

19 3189 21 3248 l

19 3159 21 3186 t
80 3149 181 3242 tempus
214 3151 394 3230 particulare
425 3153 572 3234 assignet,
595 3153 669 3232 quin
698 3151 748 3212 alii
777 3149 1000 3212 incommodum
1025 3171 1073 3215 re·

81 3241 184 3292 corrant.

102 3247 174 3374 ¹llll.
197 3319 237 3378 5.Ἰ
258 3321 292 3380 ln
325 3323 505 3404 excipiendis
536 3322 766 3384 confessionibus
796 3317 903 3380 barum
931 3338 1074 3400 persona·

19 3409 21 3478 g
82 3411 138 3456 rum
157 3403 355 3480 spiritualium
382 3410 574 3470 confessarius
593 3409 696 3468 catere
719 3404 826 3478 debet,
852 3423 891 3465 ne
918 3407 1007 3466 nimis
1028 3417 1073 3466 at·

83 3482 151 3548 tollat
170 3503 270 3550 vaccua
289 3535 297 3564 ,
319 3496 454 3572 quamvis
475 3494 512 3553 dc
528 3492 655 3572 peccatis
673 3509 734 3551 nou
752 3491 891 3568 loquatur
912 3509 921 3546 a
945 3489 1013 3565 quia
1037 3507 1074 3548 ex

19 3575 20 3582 ¹
84 3559 128 3626 boc
143 3573 269 3634 accidere
284 3587 398 3656 potest,
413 3589 448 3640 ut
461 3579 511 3640 alii
525 3585 715 3659 captavescaut
730 3593 797 3636 suas
809 3575 909 3650 culpas
922 3571 1073 3645 confiteri,

107 3655 193 3722 ιΤιιιιι.
213 3661 274 3721 IX.
905 3655 924 3712 8
