2475 3975
357 161 408 222 Ex
422 157 560 242 operibus
572 159 728 245 Benedicti
734 163 827 229 XIV·
1043 169 1096 230 644

88 258 193 322 bendit
203 277 274 334 eos,
290 260 343 340 qui
358 261 547 341 privilegium
561 264 650 324 butte
665 265 811 328 cruciate
830 266 1043 346 obtinuerunt,
1066 276 1101 330 ut

88 363 125 406 ex
141 343 537 408 tulttBened.X111.tnst.
550 350 627 410 Eeeb
640 351 691 410 86.
707 352 780 412 ιι.8.

127 431 184 490 Per
193 429 404 505 consessionem
415 431 521 492 saetam
536 434 658 494 cuilibet
669 435 811 496 secerdoti
821 434 971 511 soeculari,
983 437 1031 496 vei
1043 439 1101 500 Re·

88 515 226 594 grutariab
240 516 382 593 Episcopo
393 517 555 594 approbato
566 519 701 580 satisfieri
712 521 816 580 mnoni
831 519 937 581 Omnis
947 518 1100 600 utriusque

86 599 177 662 ocutis
201 617 238 660 ex
265 600 531 662 constitutionibus
552 600 710 665 clementio
743 606 831 666 VIII.
850 623 930 665 anno
958 607 1046 665 tour.
1070 615 1101 668 et

86 683 257 747 Iureoccntii
275 687 317 748 Χ.
337 703 415 746 anno
433 689 508 750 4646
520 733 528 762 ,
541 689 702 770 incipieus,
715 689 839 774 Reponi
851 689 959 763 eote,
973 699 1098 752 constet.

87 773 132 831 De
144 774 217 851 Syn.
232 772 325 832 Dioee.
340 771 394 831 lib.
414 773 443 833 9.
458 792 522 851 cap.
536 777 585 836 48.
598 795 634 835 n.
647 778 679 835 4.

126 860 222 922 Etiam
242 874 304 918 non
330 858 486 918 commissu
502 861 586 938 gravi
599 861 687 937 enipi
707 866 888 938 preceptum
904 878 1011 925 annuae
1028 879 1100 923 eon-

84 945 219 1006 tessionis
233 943 362 1021 obligat,
375 944 471 1021 utqui
484 963 516 1004 sc
528 954 712 1022 peecatorem
725 946 830 1006 saltem
841 946 931 1006 semei
940 947 1099 1023 quotannis

84 1037 288 1109 recognoscat,
302 1037 335 1088 ut
345 1045 384 1088 ex
398 1029 430 1092 S·
444 1027 500 1091 Tb.
516 1030 550 1092 in
558 1032 590 1092 4.
605 1032 688 1095 Sent.
705 1029 776 1091 dist.
798 1031 846 1092 tt.
863 1049 896 1108 q.
916 1031 947 1089 5.
962 1031 1097 1091 institut.

83 1115 192 1174 Erotes.
203 1115 251 1175 48.
266 1131 295 1173 n.
311 1113 341 1172 4.

124 1197 271 1260 Paroehus
284 1199 419 1277 quemvis
442 1193 621 1280 plerumque
650 1200 772 1262 eredere
790 1197 897 1261 debeat
921 1193 1100 1276 parochiano

81 1303 138 1350 sno
152 1283 291 1344 asserenti
305 1327 314 1354 ‚
329 1301 362 1343 se
374 1285 583 1346 contessionem
603 1287 768 1364 peregisse,
782 1286 808 1345 si
819 1294 924 1349 ,tamen
936 1280 1099 1359 prudenter
1200 1316 1203 1321 ·

82 1369 205 1433 eredere
225 1385 286 1426 non
309 1369 401 1444 possit
422 1371 583 1445 asserent13
616 1371 767 1430 abstinere
785 1368 875 1434 debet
894 1368 932 1427 ob
955 1365 1099 1428 adminis-

82 1453 190 1519 trandi
211 1451 310 1514 eidem
330 1454 542 1524 *communione
558 1455 649 1526 etiem
659 1453 788 1534 paschali
800 1497 811 1531 ,
822 1462 857 1515 ut
871 1470 909 1518 cx
921 1446 1097 1533 Romcqtiu.

83 1539 184 1601 instit.
198 1537 308 1606 Bcelos.
319 1539 369 1598 45.
379 1556 411 1602 n.
425 1540 475 1599 45.
842 1611 848 1618 .

123 1624 153 1686 Si
175 1623 323 1702 poenitens
339 1631 472 1702 tempore
499 1623 614 1686 Paschae
632 1624 851 1699 absolutionem
874 1620 1004 1684 obtinuit
1019 1663 1029 1693 ‚
1044 1615 1096 1680 sed

52 1698 120 1772 *cx
143 1709 266 1773 consssio
290 1708 458 1776 comessarii
478 1709 678 1784 admonetur,
699 1719 734 1784 ut
752 1713 853 1786 aliquo
873 1716 1007 1784 tempore
1030 1705 1097 1764 abs·

82 1795 177 1857 tinent
196 1790 214 1852 d
239 1792 449 1860 communione
467 1837 476 1864 ,
496 1803 593 1870 potest
609 1795 728 1871 parere
747 1794 859 1872 absque
878 1800 1006 1868 percute.
1027 1792 1096 1850 Non

82 1890 182 1942 tomen
196 1885 292 1954 potest
311 1877 502 1941 confessarius
527 1877 564 1936 ad
582 1877 742 1938 arbitrium
757 1893 919 1954 prorogare
935 1892 1001 1935 eum
1015 1892 1096 1933 eom-

81 1963 280 2034 munionem,
303 1969 336 2028 ut
359 1979 396 2023 ex
415 1980 478 2042 nep.
494 1961 603 2035 Oresio
625 1961 781 2042 00400000
800 1961 913 2033 eecce,
936 1957 974 2019 de
989 1958 1096 2037 poenit,

80 2050 221 2110 etrenris.
238 2049 283 2110 lb.
295 2067 327 2109 ιι.
346 2048 395 2111 46.
714 2112 718 2117 ,

121 2135 247 2195 Possunt
264 2134 399 2211 Episcopi
417 2134 575 2198 limitatam
592 2134 764 2196 facultatem
782 2127 923 2192 audiendi
939 2128 1095 2190 consessio-

79 2236 135 2283 nes
147 2218 447 2297 dare‘Regularibus,
464 2220 580 2280 etiamsi
593 2228 661 2297 post
678 2234 802 2278 examen
818 2216 940 2277 idoneos
961 2214 1030 2274 iilos
1047 2230 1095 2273 re·

78 2302 227 2386 ponerint.
241 2302 314 2363 lust.
332 2303 408 2362 Eeel.
429 2304 479 2363 86.
500 2321 533 2364 0.
557 2304 587 2365 t.

120 2385 224 2461 Quoad
247 2386 457 2449 consessionem
470 2389 577 2450 scetem
598 2388 673 2449 laico
695 2387 727 2448 in
747 2387 918 2448 necessitate
934 2385 1007 2447 dum
1033 2400 1095 2445 nou

80 2470 163 2532 adest
177 2469 260 2549 eopia
278 2470 455 2547 sacerdotis,
479 2473 516 2535 de
536 2473 594 2554 qud
612 2489 711 2534 sermo
721 2473 779 2533 fuit
795 2472 867 2532 olim
884 2470 963 2551 apud
980 2477 1094 2531 veteres

80 2554 254 2633 theologos,
269 2563 299 2616 et
312 2557 400 2620 etiam
422 2558 500 2639 apud
512 2560 544 2621 S.
571 2556 734 2630 Thoonem,
747 2557 828 2617 reete
840 2556 927 2617 docet
938 2557 1091 2627 Pontifex,

80 2641 232 2703 nominem
255 2656 292 2701 ex
313 2643 462 2703 veteribus
490 2645 550 2705 illis
580 2644 753 2725 agnovisse,
771 2642 880 2702 laicum
903 2658 966 2700 esse
988 2642 1094 2699 renim

81 2729 253 2790 ministrum
284 2726 373 2806 hujus
392 2731 590 2809 sacramenti3
618 2730 671 2789 sed
692 2746 758 2788 eam
781 2728 993 2790 contessionem
1011 2725 1095 2788 testi·

82 2814 217 2875 monium
234 2831 296 2873 csse
315 2814 406 2875 animi
423 2815 566 2889 demissi,
590 2822 621 2877 et
636 2814 831 2888 humilitatis,
853 2833 891 2876 ex
920 2832 980 2892 quo
1000 2812 1095 2891 magis

82 2896 213 2959 flectitur
232 2898 311 2959 Deus
330 2898 368 2959 o'd
389 2901 590 2981 elargiendam
605 2902 774 2963 uberiorem
792 2902 937 2979 gratiam,
954 2898 1094 2975 quiquis
1151 2952 1155 2959 ,

82 2982 119 3043 ud
137 2983 345 3045 contritionem
374 2993 404 3046 et
422 2984 664 3065 justificationem
687 2987 843 3047 excitetur.
865 2982 967 3047 Nihilo
993 2991 1093 3043 tamen

81 3064 175 3129 seeiius
196 3066 272 3127 hunc
285 3086 448 3147 numquam
461 3071 526 3132 fieri
545 3080 682 3151 praestat,
698 3070 766 3133 oiim
778 3070 880 3130 multis
897 3068 1092 3128 incommodis

81 3153 121 3232 sit
141 3152 277 3212 obnoxia.
296 3153 340 3211 De
359 3155 431 3232 Syn.
456 3157 547 3215 Dime.
574 3158 594 3215 Ι.
618 3156 648 3215 7.
670 3172 734 3233 cap.
760 3156 808 3215 46.
829 3172 884 3233 per
902 3160 1015 3226 totum,
1039 3152 1091 3213 ubi

81 3234 162 3296 reete
179 3254 215 3295 ex
237 3234 365 3297 decreto.
387 3237 541 3300 cementis
566 3242 657 3302 VHI.
679 3241 783 3300 illicita
798 3258 879 3310 esse,
906 3247 938 3299 et
962 3238 1091 3301 invalida

82 3320 224 3381 consessio
245 3320 319 3381 sueta
342 3324 487 3385 sacerdoti
507 3324 621 3385 absenti
643 3342 698 3402 per
720 3325 939 3386 internuntium
958 3334 1090 3386 nomtur.

120 3404 156 3463 In
167 3403 255 3477 loeis,
269 3403 320 3464 ubi
328 3406 471 3467 rarissimi
481 3417 550 3469 suut
560 3408 735 3479 secerdotes,
747 3408 926 3485 quieudinut
935 3406 1092 3470 consessio·

82 3506 155 3559 nos,
179 3488 286 3549 suffieit
307 3488 345 3549 ed
365 3508 415 3550 eos
432 3493 640 3571 approbandos
662 3492 783 3569 seientia
801 3494 901 3555 minim
919 3492 1009 3569 quim
1028 3506 1091 3549 me·

82 3572 190 3635 diceris
218 3581 252 3634 ut
273 3590 309 3635 ex
327 3572 416 3635 cord.
431 3574 467 3637 dc
478 3578 571 3657 Lupo.
588 3578 660 3636 4004.
676 3575 992 3637 eecles.8d.num.12.
