2475 3975
883 107 891 145 t

366 185 395 267 S.
408 186 460 247 lV.
477 185 561 247 Circa
571 182 685 267 judicis
700 182 841 269 officium.
1069 191 1104 252 dl

90 308 151 371 pro
182 288 310 363 veniali3
331 284 363 347 hi
390 286 471 347 enim
492 286 643 347 multoties
667 290 867 367 respondent,
891 298 926 351 ut
946 306 1030 350 casua
1051 288 1109 350 sibi

91 374 186 435 verba
206 372 353 451 suggerit3
374 379 405 430 ct
421 369 477 431 hoc
496 372 679 449 experientid
697 383 838 435 testamur
857 373 902 453 (ut
924 392 977 451 ogo
1002 374 1108 435 millies

92 458 271 533 observavi).
286 452 371 530 Qudd
381 456 405 515 si
420 456 610 515 confessarius
623 456 711 534 panld
723 458 790 535 pdst
804 457 915 520 iterum
927 459 1107 532 interroget,

91 542 278 622 respondent
298 538 389 600 modo
413 546 476 599 toto
496 537 512 598 ti
532 540 630 617 primo
657 538 785 603 diverso.
809 544 861 605 tv.
885 542 1107 603 Advertendum

91 630 172 688 circa
195 642 355 685 numerum
383 631 590 701 pcccatorum,
618 643 746 702 quorum
769 644 861 704 provo
888 624 991 685 habitu
1014 624 1106 703 aliqui

91 718 256 782 tenentur,
274 708 342 770 crim
354 708 516 787 nonpossit
532 706 634 769 haberi
651 728 794 769 numerus
806 721 923 779 certus,
941 718 1025 768 curet
1037 726 1108 769 con·

93 795 234 857 fossarius
251 802 359 853 statum
381 793 553 871 poenitentis
573 810 768 871 cognoscere,
783 812 890 873 nempe
902 792 1022 854 vivendi
1042 810 1108 852 mo·

15 870 25 879 ’
94 880 190 955 dnm,
205 877 431 957 applicationem
443 894 533 953 quam
555 876 703 953 impendit
719 877 825 937 adalia
843 878 957 956 negotia
966 922 976 953 ,
991 886 1108 954 tempus

94 962 318 1024 consuetudinis
337 979 404 1021 eum
424 960 585 1037 complice,
607 960 707 1019 locum
727 961 778 1020 ubi
800 959 987 1039 potissimum
1008 976 1107 1020 morn-

94 1056 143 1107 tus
157 1052 220 1121 est3
235 1051 265 1104 ct
277 1044 385 1104 deinde
402 1044 567 1122 interroget
589 1042 627 1103 de
649 1061 794 1113 numero,
810 1043 1019 1121 interrogando
1045 1060 1107 1121 pce-

94 1131 264 1199 nitentcm‚
279 1128 395 1205 quoties
414 1128 533 1187 circiter
555 1127 719 1205 peccaverit
737 1127 768 1185 in
786 1126 855 1199 die,
872 1137 924 1186 aut
942 1128 975 1186 in
994 1124 1108 1186 hebdo-

94 1214 183 1275 moda
196 1258 204 1286 ‚
219 1220 271 1273 aut
292 1229 394 1273 mense
407 1256 415 1285 ,
432 1229 600 1290 proponens
613 1210 641 1270 ei
654 1211 754 1289 plures
771 1230 930 1284 numeros,
945 1228 991 1271 ex.
1002 1214 1048 1289 g'r.
1061 1217 1109 1271 ter

94 1309 148 1359 aut
165 1304 285 1376 quater,
305 1298 397 1357 octies
421 1297 467 1355 vel
486 1296 599 1368 decies,
623 1303 658 1354 υι
675 1297 775 1355 videat
795 1298 843 1356 eui
864 1314 991 1356 numero
1009 1295 1108 1375 potiris

92 1384 145 1445 ille
164 1381 317 1442 adhaeret?
331 1382 367 1439 Et
385 1382 409 1439 si
431 1382 578 1458 poenitens
591 1397 717 1441 numero
735 1379 840 1457 majori
864 1380 1009 1452 adhaerct,
1028 1381 1107 1461 opti·

91 1485 179 1528 mum
198 1468 274 1525 iactu
292 1466 371 1536 erit,
389 1466 412 1523 si
434 1463 543 1525 iterum
563 1465 764 1543 interrogetur
784 1465 821 1525 de
841 1483 966 1525 numero
987 1465 1106 1542 majori.

92 1551 153 1611 Sed
174 1550 207 1608 in
225 1548 280 1608 hoc
291 1549 483 1609 confessarius
502 1548 652 1623 advertat,
666 1566 703 1608 ne
715 1549 824 1609 formet
842 1550 879 1610 de
893 1568 1018 1612 numero
1028 1549 1109 1626 judi·

92 1637 176 1696 cium
195 1643 311 1694 certum
326 1655 336 1709 3
353 1642 436 1693 notet
455 1633 654 1710 frequentiam
676 1635 706 1693 in
729 1653 856 1713 genere,
880 1643 910 1695 et
931 1636 962 1696 in
986 1635 1107 1695 conluso

90 1720 242 1798 judicium
257 1720 343 1778 iaciat
355 1762 363 1788 ‚
377 1716 626 1796 apprehendendo
646 1729 760 1797 peccata
772 1728 918 1797 quotquot
929 1729 995 1779 sunt
1007 1735 1107 1778 eornm

92 1808 169 1865 Deo.
187 1804 287 1881 Aliqui
302 1804 435 1863 doctores
453 1802 577 1875 dieunt,
593 1802 760 1879 quodcirca
774 1813 888 1882 peecata
902 1801 1107 1865 internahabi·

92 1896 269 1957 tuatorum,
291 1896 325 1947 ut
347 1894 415 1945 sunt
436 1895 551 1965 peecata
571 1886 654 1961 odii,
676 1888 905 1949 delectationum
926 1905 1105 1967 pravarum,

91 1965 123 2032 ct
145 1970 363 2032 desideriorum
377 2015 384 2040 ,
398 1970 504 2030 sufficit
517 1969 692 2050 pleritmque
713 1973 894 2053 interrogare
907 1973 944 2034 de
958 1984 1107 2050 tempore,

92 2077 149 2136 per
169 2055 250 2134 quod
272 2056 392 2114 duravit
412 2055 506 2114 malus
524 2055 661 2133 habitus3
674 2057 724 2117 scd
743 2057 798 2117 hoc
815 2057 888 2118 mihi
908 2056 1030 2118 omnini)
1046 2073 1108 2116 non

91 2140 250 2210 satisfacit,
265 2141 335 2217 qnia
351 2148 521 2218 potestesse
537 2139 617 2218 qudd
633 2142 739 2218 aliquis
759 2144 852 2217 magis
871 2144 910 2200 sit
924 2143 1056 2200 intentus
1067 2139 1105 2198 ad

92 2235 216 2286 externa
235 2223 372 2302 negotia,
393 2230 444 2280 aut
463 2235 597 2282 moretur
621 2224 673 2283 ubi
696 2224 753 2281 sibi
777 2233 933 2282 occurrent
955 2223 1108 2300 pauciores

93 2309 261 2371 occasiones
271 2306 481 2384 cogitationum
495 2323 675 2383 pravarum3
688 2305 762 2365 alius
773 2306 829 2365 erit
840 2308 931 2386 magis
945 2308 1001 2366 alii
1015 2307 1106 2367 animi

93 2392 230 2473 passione
250 2389 531 2467 allectust'idedque
544 2408 618 2468 opus
637 2398 682 2452 cst
701 2391 945 2470 interrogationes
958 2393 1108 2471 generales

94 2475 255 2549 ndhibdre,
271 2475 309 2534 de
328 2476 447 2552 propria
467 2475 679 2553 applicatione,
694 2473 732 2536 de
748 2476 831 2549 loco,
847 2475 885 2536 de
906 2476 998 2537 animi
1021 2477 1108 2538 incli-

94 2562 234 2632 natione,
254 2569 311 2620 cte.
326 2566 360 2618 ut
383 2559 492 2618 formet
508 2558 655 2636 judicium
673 2559 814 2636 majoris,
833 2561 881 2621 vel
898 2560 1024 2622 minoris
1047 2559 1107 2623 irc·

51 2696 58 2714 ‚
94 2645 227 2723 quentiae
247 2655 367 2704 actuum
388 2643 585 2704 internorum.
612 2642 759 2704 (Interim
785 2652 851 2720 post
877 2644 950 2705 duas
974 2646 1022 2704 rel
1046 2653 1107 2707 tres

93 2729 363 2806 interrogationem
378 2744 438 2787 non
450 2726 537 2787 debet
549 2727 616 2806 angi
636 2728 842 2802 confessarius,
859 2729 883 2788 si
901 2732 928 2791 ci
941 2729 1106 2808 judicium,

92 2813 177 2892 quod
196 2813 283 2882 lacit,
301 2811 418 2871 videtur
437 2831 498 2873 osse
515 2815 603 2874 nimis
621 2814 797 2890 confusum3
814 2833 883 2876 nam
906 2834 942 2876 ex
956 2818 1106 2876 eonscien-

93 2897 145 2958 tiis
161 2895 321 2976 implicatis
335 2904 364 2956 et
376 2897 502 2956 confusis
518 2897 671 2958 moraliter
686 2899 868 2975 impossibile
883 2908 946 2971 est,
963 2900 1107 2976 maiorem

1 3031 2 3038 ,
93 2982 261 3042 claritatem
281 2999 409 3060 sperare.
433 2981 616 3061 V.·0portet
636 2983 895 3056 animadvertere,
916 2984 1017 3062 quid,
1037 2982 1107 3045 licet

95 3065 293 3126 consessiones
311 3065 460 3143 generales
469 3066 529 3124 sint
541 3068 721 3139 utilissimae,
736 3065 933 3127 nihilominus
945 3085 1005 3128 non
1019 3068 1107 3130 dehet

95 3148 291 3209 confessarius
312 3166 375 3208 esse
392 3147 477 3210 valde
491 3151 639 3228 rigorosus
656 3152 693 3210 ad
714 3152 921 3223 efficiendum,
937 3163 972 3213 υι
993 3156 1107 3216 conses-

97 3233 194 3294 sioncs
209 3231 275 3310 jam
293 3233 560 3313 sactaerepetantur
576 3234 651 3314 (uit.
666 3237 695 3296 6.
708 3253 742 3295 υ.
758 3236 850 3315 sus).
866 3237 1108 3299 UndeaitP.Se·

95 3317 261 3398 puerinon
286 3335 349 3378 csse
371 3319 580 3398 obligationem
599 3321 754 3399 repetendi
768 3323 976 3398 consessiones,
992 3322 1054 3384 taisi
1073 3323 1109 3384 in

96 3420 169 3464 casu
181 3399 351 3482 otonisestoe
365 3402 555 3477 necessitatis,
566 3413 595 3465 et
609 3407 644 3466 in
656 3422 714 3486 quo
726 3423 809 3466 error
816 3406 857 3468 sit
866 3406 992 3468 evidens.
1005 3409 1107 3484 Neque·

97 3487 233 3565 relapsus
251 3496 321 3547 sunt
339 3497 416 3548 certa
434 3487 541 3548 indicia
562 3491 659 3548 nullas
671 3490 761 3550 fuisse
780 3491 975 3551 consessiones
995 3489 1106 3565 laetas,

96 3568 249 3651 praecipuo
267 3570 291 3632 si
310 3587 363 3653 per
379 3571 500 3651 aliquod
516 3581 633 3652 tompus
651 3588 711 3635 non
728 3574 886 3646 ceciderit,
902 3581 954 3634 aut
969 3573 1011 3647 si,
1024 3585 1106 3636 ante-
