2475 3975
148 110 205 173 tto
438 109 551 175 Pronis
564 108 747 192 confessarii.
766 111 840 191 Cap.
853 108 885 167 9.

145 210 500 296 ptmlamprarculmu
523 220 683 293 antequam
700 210 735 272 de
752 208 864 272 delictis
875 209 939 273 sors
957 211 1168 291 punitentiam

147 298 270 379 eperiut.
284 301 320 361 Et
328 301 490 380 propositio
509 300 558 361 23.
573 295 720 359 Similiter
740 295 861 357 arcendi
871 298 973 358 suntd
988 316 1075 358 sacra
1086 317 1167 359 cons·

146 382 288 445 munione
308 384 415 463 quibus
446 380 579 444 randum
610 380 687 443 inest
711 398 796 440 amor
820 380 880 441 Dei
904 382 1104 463 purissimus,
1130 392 1168 445 et

145 466 242 529 omnis
261 466 415 529 mixtionis
430 483 542 548 expers.
558 467 682 525 Sacrum
698 464 861 526 Concilium
880 465 1089 527 Tridentinum
1105 488 1164 529 vo·

145 552 230 614 oobct
244 553 300 615 hoe
322 561 537 615 sacromentum
559 548 759 611 :Aretidotum
770 567 829 629 pua
846 548 1008 613 liberamur
1025 553 1045 611 d
1062 550 1165 635 culpis

145 636 328 715 quotidianis
342 680 352 710 ‚
366 645 394 697 et
415 638 435 697 d
455 633 582 717 peccatis
598 632 774 695 mortalibus
791 646 1018 714 praseroamur.
1039 638 1075 697 Et
1092 642 1163 717 qui-

144 720 211 783 dem
224 722 261 782 od
273 721 352 783 huno
364 720 457 781 finem
470 719 667 798 praeservcndi
685 720 814 778 animam
827 717 843 778 si
854 720 989 781 recidivis
1001 765 1010 795 ‚
1024 723 1161 801 Apostoli

144 807 386 869 communionem
412 805 618 885 quotidianam
640 803 799 882 primitivis
830 802 994 865 christianis
1015 809 1162 869 concede-

143 889 242 966 tant,
269 892 349 955 inter
377 909 451 971 quos
474 891 539 951 sino
568 890 630 951 ullo
654 889 745 949 dubio
768 888 992 967 reperiebantur
1016 892 1160 954 similiter

143 976 309 1055 imperfecti
322 1023 330 1054 ‚
342 987 373 1039 ct
395 976 517 1038 fortiss&
543 974 798 1055 imperfectiores,
818 984 852 1034 ut
872 977 1007 1054 arguitur
1028 996 1065 1038 ex
1089 981 1146 1058 Epi

143 1061 226 1123 stolis
237 1064 291 1125 SS.
315 1058 428 1134 Pauli,
443 1058 598 1122 etlacobi.
620 1062 651 1119 S·
672 1055 796 1119 Ecclesia
813 1053 857 1137 (in
881 1064 1160 1139 postcommunione

143 1146 232 1206 Dom.
250 1148 356 1206 xxtll.
372 1154 437 1224 post
456 1142 662 1221 Pentecosten)
684 1145 773 1216 orat,
794 1152 830 1203 ut
848 1143 994 1227 quidquid
1004 1146 1037 1206 iu
1051 1155 1162 1209 nostra

142 1237 236 1289 mente
249 1229 386 1291 vitiosum
407 1237 468 1301 est,
488 1226 565 1289 dono
589 1226 793 1289 medicationis
809 1227 900 1309 liujus
913 1233 1091 1292 saeranreuti
1101 1252 1159 1292 au-

142 1320 233 1375 relur.
257 1316 335 1395 Ergo
353 1314 522 1377 communio
540 1314 596 1374 luit
612 1314 747 1373 instituta
763 1314 853 1375 etiam
872 1332 926 1391 pro
950 1314 1156 1394 imperfectis,

142 1406 176 1459 ut
198 1401 310 1463 virtute
338 1398 426 1477 hujus
451 1400 508 1460 cibi
538 1408 691 1460 sanentur.
714 1398 883 1459 Notandum
912 1399 1032 1478 insuper
1049 1410 1093 1461 est
1120 1402 1157 1463 id

141 1484 220 1563 quod
241 1486 276 1547 S.
293 1488 469 1549 Franciscus
495 1482 626 1563 Salesius
649 1484 681 1545 in
710 1501 763 1542 sua
785 1481 936 1543 Philothco
952 1484 1037 1561 (Vita
1051 1484 1159 1547 diootu

139 1588 167 1629 e.
187 1569 250 1647 dl.)
272 1570 304 1631 in
327 1567 383 1631 hoo
402 1560 555 1649 proposito
576 1570 648 1630 dicit
672 1590 681 1627 z
709 1566 746 1629 Si
759 1576 898 1649 quarunt
919 1569 940 1627 d
965 1577 990 1629 te
1015 1588 1067 1629 cur
1089 1579 1157 1635 tam

139 1654 308 1735 frequenter
334 1655 549 1729 arminericus,
569 1652 711 1736 responde
732 1643 815 1725 illis,
839 1652 919 1734 qubd
947 1651 1056 1733 duplex
1080 1674 1154 1737 per-

138 1758 281 1802 sonarum
295 1757 388 1821 penus
398 1737 500 1802 debeat
510 1738 619 1820 sapius
634 1738 867 1816 communicare,
883 1735 1007 1818 perfecti
1020 1736 1152 1813 scilicet,

137 1832 167 1886 et
180 1823 344 1906 imperfecti
351 1849 364 1903 ,-
374 1822 499 1907 perfecti
504 1870 514 1902 ,
528 1833 565 1886 ut
581 1842 611 1887 so
632 1824 665 1885 iri
683 1821 860 1906 perfectione
881 1830 1072 1900 conseruent,
1091 1822 1154 1885 im-

137 1909 275 1993 perfecti,
297 1918 334 1971 ut
357 1910 398 1973 od
415 1906 622 1992 perfectionem
646 1908 766 1969 ualeant
787 1906 949 1990 pervenire.
970 1910 1087 1980 Fortes,
1111 1928 1154 1971 ue

137 1993 242 2060 debiles
258 1995 338 2077 fiant
346 2020 359 2073 ,-
376 1992 501 2074 debiles,
519 2003 554 2056 ut
568 1991 659 2076 fortes
676 1991 822 2070 eoodant3
838 1992 974 2073 infirmi,
988 2001 1024 2054 nt
1042 2009 1153 2056 ruren-

138 2090 209 2156 urr,
224 2082 293 2146 beni
311 2077 459 2156 ualentes,
485 2101 521 2144 ne
542 2080 743 2163 infirmentur.
765 2083 809 2141 Et
826 2076 906 2160 quod
922 2078 964 2140 ad
986 2089 1013 2141 te
1042 2081 1155 2146 attinet

137 2172 236 2249 utpotl
253 2168 477 2251 imperfectam,
498 2167 652 2250 infirmam
678 2185 713 2229 aa
740 2163 884 2242 debilem,
906 2185 970 2247 epes
997 2165 1154 2249 frequenti

136 2253 421 2320 communierant
443 2251 521 2332 illis,
544 2252 624 2334 qubd
642 2252 685 2330 ii,
699 2251 754 2334 qui
770 2249 931 2312 mundanis
949 2252 1072 2332 nepotiis
1083 2273 1152 2317 non
1184 2307 1188 2312 .

135 2344 208 2394 suut
233 2334 399 2414 implicati,
416 2337 540 2400 debeant
560 2337 670 2418 sapius
689 2336 919 2409 comminuimus,
942 2337 1015 2417 qnia
1038 2335 1156 2402 lrabeat

135 2419 383 2499 opportunitatem
393 2443 405 2495 ,-
415 2420 470 2502 qui
481 2424 549 2483 uero
559 2421 731 2502 hujusmodi
742 2421 864 2503 nepotiis
876 2419 1059 2496 detinentur,
1071 2425 1151 2503 quia

135 2511 219 2584 cpont
246 2503 457 2566 routmunione.
489 2509 624 2585 Denique
648 2509 771 2567 Senatus
808 2505 981 2578 concludit,
1007 2507 1110 2570 dicens
1135 2536 1146 2572 ε

134 2587 378 2670 Accedesapiles,
396 2592 413 2654 b
428 2587 606 2664 Plcilotlcea‚
631 2589 672 2652 od
696 2589 944 2665 Eucharistiam,
968 2589 1029 2652 imo
1052 2597 1150 2673 quam

134 2673 293 2756 sapissiml
303 2672 424 2737 oonsilio
440 2678 486 2738 tui
495 2676 666 2751 directum,
685 2685 714 2738 et
729 2675 810 2739 crede
821 2676 897 2738 mibi
906 2720 914 2749 ‚
936 2676 1016 2756 quoa
1033 2674 1150 2760 lepores

134 2760 166 2820 in
187 2757 297 2820 nostrs's
322 2760 470 2823 montibus
490 2759 553 2824 albi
576 2761 705 2824 erodant
734 2781 796 2824 uon
819 2758 884 2821 alib
909 2759 1052 2835 ratione,
1080 2763 1151 2825 nisi

135 2842 208 2990 puio
227 2862 287 2906 non
305 2841 397 2904 edunt
411 2847 472 2908 nisi
492 2847 587 2908 nivem
603 2869 616 2906 .·
631 2855 660 2907 et
680 2856 713 2910 tu
738 2843 909 2909 emnedendo
926 2852 1089 2926 puritatem
1108 2847 1148 2912 in

155 2949 188 2992 oc
204 2937 385 2994 sacromento
405 2937 467 2992 tota
481 2950 561 3012 pura
586 2929 701 2995 mades.
723 2935 798 2994 item
825 2935 863 2993 P.
888 2932 1026 2992 Granata
1043 2931 1075 2991 in
1087 2950 1148 2993 suo

102 3036 105 3055 ³
137 3023 258 3079 tractatu
276 3016 313 3078 dc
334 3019 542 3078 communione
559 3017 600 3078 uit
626 3039 635 3077 z
660 3019 731 3079 Non
749 3012 830 3084 debet
850 3013 936 3078 honio
960 3013 1087 3095 recedere
1103 3017 1149 3081 ab

134 3099 186 3163 boa
207 3109 388 3166 sacramento
405 3099 441 3164 ot
457 3101 615 3184 propriam
639 3101 847 3185 indipnitatem
859 3124 872 3181 ,-
886 3119 943 3182 pro
959 3100 1148 3182 pauperibus

97 3253 99 3262 ¹
133 3183 212 3246 enim
230 3186 348 3250 relictus
363 3197 407 3251 est
428 3187 475 3250 leia
494 3189 649 3252 thesaurus
666 3233 675 3262 ‚
692 3199 721 3251 et
741 3207 795 3269 pro
821 3185 950 3267 infirmis
969 3185 1031 3248 blaa
1046 3185 1146 3248 medi-

132 3269 200 3330 sina
211 3290 222 3328 .·
234 3269 335 3350 itaque
349 3291 432 3336 nemo
442 3271 563 3354 (subdit)
583 3273 730 3353 quantiam
750 3272 952 3354 imperfectum
968 3288 999 3331 se
1015 3279 1143 3346 noscat,

133 3353 214 3416 debet
223 3371 254 3416 se
270 3350 353 3435 lonpl
368 3357 405 3422 ab
420 3357 472 3421 lcoc
483 3357 607 3420 remedio
623 3362 733 3436 tenire,
747 3358 776 3420 si
787 3359 853 3420 ueri
864 3355 966 3417 curari
979 3351 1141 3419 desiderat.

133 3440 216 3512 imo,
238 3440 378 3501 nitidem
398 3453 522 3522 auctor,
540 3443 619 3525 quod
659 3443 748 3504 nanto
770 3445 863 3522 magis
874 3442 940 3521 quis
960 3458 991 3501 sc
1008 3440 1142 3505 debilem

133 3526 247 3596 noscit,
262 3521 344 3584 tanto
364 3528 456 3602 magis
473 3527 601 3588 adhunc
616 3464 715 3589 tillium
733 3527 856 3590 sortium
870 3527 962 3589 dohet
976 3525 1137 3603 secedere:
