2475 3975
155 166 213 227 sto
339 158 477 245 Epitome
491 158 630 223 doctrine
651 153 771 218 ororuiis
783 164 813 217 et
829 157 977 219 correctione

148 262 347 325 nuntiandam
362 263 394 324 in
419 262 455 323 ed
474 260 559 323 eausa
578 257 793 319 cumulotivum
808 256 857 334 jus
874 264 919 317 est
946 244 1025 317 inter
1052 257 1157 322 Sodem
1225 236 1226 261 ἢ

150 348 364 427 apostolicam,
379 356 409 409 et
419 346 533 425 judices
548 342 725 405 ordinarios.
741 340 786 401 ib.

186 432 289 507 Quoad
298 433 486 496 matrimonia
496 431 573 490 inter
585 424 756 505 impuberes
766 425 902 487 nondum
914 426 1051 509 conjugio
1062 439 1158 509 aptos,

147 518 226 578 solus
242 520 390 579 Romanus
402 516 536 577 Pontifex
547 512 708 591 dispensat.
723 511 768 571 fb.

186 602 398 683 impedimenta
420 598 645 660 matrimonium
659 594 850 675 impedientia
869 596 907 656 ab
925 596 1067 677 Episcopo
1083 600 1159 661 rela-

148 686 209 745 xari
225 694 364 765 possunt,
379 686 403 745 si
421 685 548 763 excipias
559 680 806 761 impedimentum
817 688 918 741 ortum
930 700 966 742 ex
975 686 1157 762 sponsalibus

147 787 216 829 eum
232 771 324 830 altero
344 766 428 849 prids
440 767 542 839 initis,
562 775 592 827 et
612 764 687 825 illud
698 809 708 838 ,
721 764 801 843 quod
814 783 851 825 ex
867 774 937 827 voto
951 777 1102 845 perpetuae
1113 790 1159 831 ca·

148 854 271 927 stitutis,
282 863 313 916 et
326 851 513 933 ingrediendi
523 850 718 930 religionem,
732 850 788 910 nisi
806 849 918 910 fuerint
939 851 1157 931 conditionata,

148 946 247 998 ortum
269 938 364 999 duxit.
388 940 498 999 Cretera
519 936 591 997 verb
608 934 834 997 matrimonium
861 935 1008 997 irritantis
1029 938 1157 1011 tollere,

147 1022 206 1083 nisi
223 1024 372 1085 Romanus
383 1023 544 1097 Pontifex,
566 1038 655 1081 nemo
677 1026 785 1099 potest.
800 1020 953 1098 Excipitur
964 1029 1063 1081 tamen
1076 1041 1159 1083 casus

151 1125 239 1184 quem
252 1108 351 1168 statim
367 1106 474 1167 subdo.

187 1190 218 1253 Si
232 1191 308 1254 forti
319 1190 431 1251 aecidat
446 1200 480 1252 ut
499 1188 723 1251 matrimonium
733 1189 797 1267 jam
812 1188 904 1249 fuerit
919 1196 1105 1251 contractum
1124 1194 1159 1253 in

149 1276 221 1337 facie
234 1278 368 1338 Ecclesia
379 1296 447 1337 eum
460 1276 598 1338 omnibus
616 1274 874 1348 solemnitatibus,
889 1275 1055 1353 initumque
1068 1276 1160 1338 fuerit

149 1359 226 1423 bona
239 1361 298 1423 fide
311 1381 347 1423 ex
366 1361 532 1441 ignorantia
551 1359 755 1439 impedimenti
767 1359 844 1437 juris
860 1367 889 1419 et
902 1359 969 1419 iacti
981 1404 989 1434 ‚
1002 1369 1032 1421 et
1041 1359 1078 1421 sit
1088 1380 1159 1423 con-

148 1448 525 1521 summatum-oecultum
548 1446 588 1506 sit
607 1454 706 1506 tamen
732 1443 1001 1523 impedimentum,
1024 1454 1055 1506 et
1080 1448 1157 1510 adiri
1225 1456 1226 1461 ’

150 1549 211 1591 non
237 1531 330 1609 possit
353 1532 513 1602 Pontifex,
536 1548 588 1589 scu
621 1530 658 1589 ab
686 1548 722 1590 eo
753 1530 931 1609 dispensatio
966 1530 1095 1595 obtineri
1118 1534 1158 1594 ob

149 1615 1157 1696 conjugumpaupertatem,rusticitatem,locorumdistantiametc.,
1225 1604 1226 1683 J

150 1719 205 1762 nee
224 1702 316 1781 possit
340 1701 484 1782 separatio
500 1700 567 1760 ficri
587 1700 652 1760 sine
677 1700 925 1777 scanda103dom
947 1702 1036 1761 simul
1055 1722 1158 1765 omnes

149 1787 213 1847 istae
225 1786 452 1847 circumstantiae
464 1784 629 1857 adfuerint,
642 1794 713 1846 tunc
729 1786 765 1845 ab
780 1788 923 1865 Episcopo
934 1805 966 1846 ea
979 1786 1158 1866 dispensatio
1225 1786 1226 1857 ζ

47 1899 52 1913 =
104 1876 113 1887 '
150 1870 216 1935 tuto
238 1873 431 1947 conceditur,
454 1890 543 1949 quom
563 1877 659 1949 potest
681 1870 778 1947 major
798 1872 1034 1931 Paenitentiarius
1051 1874 1159 1951 Papae,
1225 1876 1226 1885 ’

148 1958 201 2018 sed
218 1958 249 2018 in
265 1957 331 2018 foro
347 1966 447 2018 tamen
468 1954 654 2015 conscientiae
666 1952 799 2016 tantiam.
810 1956 906 2030 Quare
923 1957 948 2018 si
961 1956 1159 2036 impedimen·

150 2053 217 2105 tum
239 2043 313 2105 illud
332 2053 430 2123 postea
445 2041 619 2120 detegatur,
639 2046 669 2100 et
687 2040 847 2101 deducatur
869 2042 907 2101 ad
922 2043 1019 2102 forum
1036 2054 1159 2104 conten·

150 2128 277 2204 tiosum,
294 2127 478 2207 impetranda
502 2124 580 2187 esti
602 2125 726 2186 Summo
750 2127 891 2188 Pontifiec
908 2127 1097 2205 dispensatio.
1115 2132 1160 2191 De

150 2213 263 2294 Synod.
275 2213 362 2274 dioee.
377 2213 431 2272 lib.
448 2213 480 2272 a.
492 2231 556 2291 cap.
568 2213 599 2271 E.
617 2231 648 2272 n.
665 2213 694 2271 f.

189 2297 276 2358 Forte
295 2298 383 2357 etiam
402 2297 562 2376 Episcopus
577 2295 746 2376 dispensare
761 2297 870 2376 poterit
888 2298 921 2358 in
942 2298 1159 2376 impedimento
1225 2303 1226 2306 ’

150 2380 309 2442 dirimente
328 2381 463 2453 occulto,
491 2378 559 2441 edm
582 2381 806 2441 matrimonium
827 2381 962 2460 proximi
984 2385 1159 2447 contrahen·
1225 2401 1226 2450 3

149 2466 221 2525 dum
237 2473 302 2537 est,
322 2464 355 2524 in
376 2481 442 2524 casu
463 2483 524 2543 quo
545 2465 617 2525 tales
638 2475 763 2543 urgeant
780 2485 882 2528 rerum
903 2468 1157 2541 circumstantiae,

149 2558 184 2610 ut
204 2566 258 2610 nec
274 2550 303 2609 S.
318 2546 452 2611 Pontifex
463 2549 575 2610 consuli
590 2550 706 2629 possit,
727 2569 781 2611 nee
799 2551 1022 2613 matrimonium
1041 2554 1158 2616 differri

149 2633 386 2707 sincseandalo,
403 2642 454 2694 aut
476 2633 597 2694 infamia
618 2634 868 2697 contrahentium.
890 2639 974 2696 Tune
995 2639 1160 2700 censendus

150 2731 194 2781 est
213 2722 244 2780 S.
262 2721 396 2781 Pontifex
417 2719 504 2781 taciti
522 2720 657 2801 delegare
681 2723 823 2803 Episcopo
838 2727 1012 2802 potestatem
1037 2724 1160 2803 dispen·
1225 2779 1226 2802 2

150 2806 245 2867 sandi.
258 2805 333 2867 ibid.
347 2823 378 2864 n.
393 2807 424 2866 2.

189 2892 241 2952 ilis
266 2891 394 2970 praeeisis
417 2907 520 2950 rerum
547 2892 796 2967 circumstantiis,
817 2894 930 2955 nemini
959 2895 1002 2955 fas
1023 2903 1068 2957 est
1088 2897 1161 2977 Epi·
1225 2953 1226 2958 ,

150 2995 237 3056 seopo
254 2977 424 3055 dispensare
440 2976 473 3036 in
483 2973 704 3054 impedimentis
712 2976 836 3054 publicis
846 2979 1071 3041 matrimonium
1085 2980 1161 3042 diri·
1225 2983 1226 3032 ἱ

151 3059 310 3123 mentibus.
324 3064 426 3140 Neque
442 3061 522 3121 enim
538 3079 643 3121 verum
660 3069 744 3121 estet
766 3081 890 3136 sanum,
912 3064 1026 3123 axioma
1037 3061 1121 3126 'illud
1142 3067 1159 3129 b

149 3147 301 3205 nonnullis
317 3145 487 3223 adoptatum
502 3165 510 3202 ι
526 3143 680 3224 Quidquid
697 3155 793 3227 potest
809 3144 953 3227 Pontifex
973 3146 1007 3208 io
1021 3152 1160 3214 universo

148 3227 234 3303 orbe,
256 3232 285 3288 ei
303 3229 453 3309 excipias,
475 3247 543 3309 qure
571 3229 663 3291 totius
687 3227 823 3291 Ecclesiae
843 3239 955 3291 stuturu
973 3233 1158 3313 respiciunt,

148 3306 228 3368 uelut
237 3309 310 3389 fidei
321 3310 486 3372 articulum
492 3311 614 3392 rufiroire
622 3356 630 3384 ,
639 3319 736 3392 potest
747 3317 912 3395 Episcopus
921 3318 954 3376 iu
967 3319 1023 3376 sud
1032 3314 1159 3394 dioecese,

148 3389 212 3448 uisi
230 3394 319 3470 Papo
334 3393 393 3452 sibi
409 3392 486 3453 iliud
503 3396 703 3457 reservaverit.
726 3400 793 3459 Non
817 3399 898 3458 enim
917 3409 1014 3478 potest
1033 3401 1161 3466 inferior
1225 3449 1226 3454 η

147 3468 437 3556 legemisnperiore
459 3478 549 3537 latam
572 3483 716 3540 relaxare.
740 3483 816 3542 Sunt
838 3484 888 3560 qai
912 3483 1159 3550 consuetudinem
1225 3525 1226 3558 r

149 3552 350 3631 praetendant5
374 3564 404 3615 at
418 3560 605 3623 considerent
623 3565 753 3638 attenti,
772 3564 840 3626 edm
857 3584 904 3626 res
916 3563 954 3627 s'it
967 3566 1005 3628 dc
1017 3571 1158 3631 minuen-
