2475 3975
342 172 368 253 §.
386 174 422 233 V.
439 168 742 252 Metboriusoitepro
753 172 889 235 moniali.
1064 180 1123 240 rso

105 292 189 345 'num
215 277 326 339 mirum
345 275 377 333 in
395 273 518 334 modum
538 290 587 333 ens
604 273 641 332 sd
666 292 754 334 suum
778 293 911 337 amorem
929 278 1119 356 pertrahere,

109 364 252 446 quamvis
264 357 342 438 sopit
358 357 414 419 boc
429 359 473 419 eis
492 376 553 435 non
567 359 736 420 monifestat
747 376 806 437 pro
825 359 931 436 mojori
948 365 1119 426 eorumdem

108 453 217 511 bonor
234 447 310 525 quin
329 452 359 503 et
371 443 523 504 multoties
541 460 589 503 ees
609 444 755 522 relinquit
767 445 798 504 in
814 444 970 518 tenebris,
989 456 1021 507 et
1036 450 1125 509 doso-

106 536 243 608 lntione‚
262 538 293 591 et
309 530 376 589 sine
390 529 450 588 ullo
473 526 630 589 devotione
651 528 793 589 sensibili.
807 529 971 591 Animabus
994 532 1058 592 istis
1075 534 1120 612 (ut

105 621 220 682 docent
250 616 281 677 S.
303 611 463 685 renerio,
489 622 520 673 et
542 613 574 673 S.
591 613 739 677 llerrieus
755 611 853 693 Suco)
879 614 997 675 nullum
1024 616 1120 677 ellico·

103 708 174 767 cius
196 709 242 763 est
266 697 452 768 remedium,
474 696 563 777 quim
586 698 726 777 frequens
748 699 932 761 communio.
956 700 1060 772 llnde,
1084 710 1120 762 ut

103 786 349 857 concludamus,
375 790 458 843 curet
485 783 677 843 confosserius
704 784 943 847 communionem
967 785 1119 860 sundere,

102 872 226 953 quoties
243 884 350 929 rerum
373 866 555 929 desiderium
572 865 779 938 demonstret,
799 876 831 928 et
850 869 968 946 quoties
985 870 1119 931 advertet

102 958 240 1019 unimam
262 954 294 1013 in
316 950 424 1030 spiritu
452 950 597 1030 prolicere
617 950 762 1011 beneficio
782 953 1009 1012 communionis.
1029 956 1121 1014 curet

103 1043 200 1103 etism
213 1039 387 1108 insinuare,
406 1042 441 1094 ut
460 1042 526 1114 poet
546 1035 792 1095 communionem
807 1034 984 1095 immoretur
1001 1037 1034 1095 in
1052 1055 1120 1117 gro·

104 1128 222 1187 tiorum
239 1122 356 1184 actione
372 1138 480 1200 proco
506 1127 641 1199 tempore
653 1136 714 1198 quo
735 1127 843 1200 potest.
863 1118 1035 1180 Peueissimi
1051 1132 1121 1182 sunt

102 1210 271 1272 directores
287 1206 340 1285 qui
357 1203 461 1265 sedulo
474 1204 505 1265 id
529 1204 665 1280 iaciunt3
685 1206 796 1265 scilicet
808 1203 958 1263 inculcem
976 1205 1039 1265 suis
1057 1222 1119 1283 poe·

104 1292 292 1363 nitentibus,
315 1298 349 1351 ut
366 1308 421 1370 per
437 1289 557 1368 aliquod
573 1289 705 1349 notabile
725 1298 845 1367 tempus
864 1297 931 1367 post
954 1301 1119 1370 susceptum

104 1378 328 1443 Eucharistiam
355 1376 463 1457 grotios
490 1381 600 1456 agent,
621 1384 652 1434 et
673 1376 750 1435 ratio
771 1383 837 1451 cet,
862 1374 931 1451 quic
953 1377 1119 1452 paucissimi

103 1473 181 1525 sunt
192 1462 355 1523 sacerdotes
371 1460 422 1538 qui
436 1467 503 1538 post
516 1460 612 1518 misser
634 1459 816 1521 sucrificium
827 1476 895 1519 cum
908 1459 978 1519 lesu
1001 1460 1119 1521 Christo

104 1552 141 1611 in
157 1549 318 1627 gratiarum
342 1546 457 1607 notione
475 1544 656 1621 subsistent3
670 1552 700 1603 et
722 1543 789 1606 loeo
800 1545 893 1623 pudet
905 1562 956 1605 eos
973 1545 1038 1605 eliis
1047 1546 1119 1606 insi·

104 1650 205 1697 nuere
221 1632 301 1711 quod
324 1630 380 1708 ipsi
400 1648 461 1689 non
477 1630 597 1694 faciunt.
614 1630 781 1691 Gratiarum
802 1630 879 1690 ectio
899 1628 1050 1691 ordinarit
1065 1648 1120 1709 per

105 1721 118 1779 i
123 1727 258 1795 ntegrcm
277 1714 382 1776 horam
397 1714 506 1775 durnre
518 1714 659 1791 deberet3
672 1715 726 1773 liet
740 1715 844 1775 saltem
866 1732 921 1793 por
940 1714 1117 1786 dimidiam,

105 1806 143 1864 in
168 1820 225 1880 quo
249 1801 345 1860 enimn
368 1800 399 1863 in
418 1798 544 1858 emendo
567 1808 598 1858 et
623 1799 753 1877 petendo
766 1816 798 1859 se
815 1810 958 1860 exerceat.
972 1801 1073 1879 lnquit
1084 1802 1116 1861 S.

112 1886 254 1955 Thermia
268 1931 277 1959 ‚
291 1884 372 1963 quid
392 1893 459 1964 post
484 1886 724 1944 communionem
743 1884 828 1944 tosus
845 1886 944 1947 existit
963 1884 996 1945 in
1021 1888 1118 1947 enimn

106 1982 253 2050 tunquam
275 1972 306 2032 in
324 1968 433 2031 throno
456 1968 677 2042 misericordie,
701 1977 736 2030 ut
753 1969 798 2029 illi
819 1970 927 2048 gratias
938 1970 1117 2048 elargiatur,

106 2057 232 2117 dicens:
249 2053 328 2131 Quid
343 2053 388 2116 oie
402 2100 409 2127 ,
422 2061 457 2125 ut
473 2054 527 2117 tibi
541 2051 678 2134 fortem?
690 2056 726 2114 Et
739 2055 810 2115 alibi
827 2075 836 2114 z
854 2057 924 2116 Post
936 2056 1121 2114 communio-

104 2159 182 2204 nem
209 2159 271 2202 non
295 2141 465 2200 omittemus
488 2147 550 2200 tom
569 2141 741 2218 preclaram
762 2141 1015 2218 opportunitatem
1030 2157 1121 2218 nego-

103 2225 218 2288 tiandi.
231 2227 298 2284 Non
313 2224 388 2288 solet
401 2223 503 2282 divine
516 2223 653 2300 majestas
666 2222 920 2299 rnoldrepondere
937 2221 1119 2300 hospitium,

104 2314 132 2374 si
148 2307 228 2371 bend
242 2307 274 2366 in
293 2308 389 2366 enimc
406 2306 581 2384 excipiatur,
597 2308 731 2366 losinuet
743 2307 853 2376 etium,
875 2315 908 2368 ut
918 2307 1120 2387 saepirisspiri·

105 2393 232 2458 inoliter
251 2392 450 2452 communicet
472 2411 481 2450 c
505 2409 570 2468 quoe
591 2407 641 2453 res
660 2390 781 2452 reided
804 2391 979 2453 Tridentino
991 2393 1120 2453 Concilio

108 2475 347 2542 commendetur.
361 2471 567 2556 spiritualiter
577 2475 910 2555 communicere(inquit
920 2479 952 2541 S.
971 2477 1120 2556 rterecio)

111 2571 155 2627 ret
167 2559 251 2624 occide
274 2560 356 2626 otilo.
370 2555 471 2622 Nolite
486 2559 519 2621 id
529 2560 775 2642 pretermittere:
788 2559 836 2622 bie
851 2561 932 2623 euim
955 2563 1121 2642 reperietur

111 2647 263 2711 Domitius
282 2643 429 2727 quantum
441 2661 507 2706 etun
523 2645 639 2720 curretis.

111 2825 140 2904 3.
158 2823 194 2887 V.
207 2821 364 2888 dietbodur
381 2821 451 2883 uite
462 2839 518 2904 pro
529 2820 634 2905 eliqua
646 2822 849 2904 cruciatique
857 2831 1021 2904 exposceret
1029 2822 1122 2905 diripi

430 2925 486 2988 per
500 2907 582 2981 oium
595 2907 795 2998 perfectionis.

154 3157 223 3217 tto.
235 3090 341 3231 Arre
363 3153 466 3214 omnio
485 3154 669 3238 promittere
691 3160 812 3232 oportet
830 3169 886 3222 er,
905 3167 974 3228 que
997 3152 1119 3217 inieritis

113 3259 282 3320 erponem,
310 3236 499 3316 intelligendu
524 3257 607 3310 esse,
628 3239 745 3318 quoties
768 3255 831 3298 non
852 3236 948 3301 obstet
964 3239 1119 3315 penitenti

112 3326 235 3406 aliquod
256 3325 502 3404 impedimentum
521 3324 656 3385 sanitatis
672 3368 681 3395 ‚
706 3323 819 3393 officii,
844 3330 896 3382 cut
917 3321 1117 3385 obedientiae:

114 3411 196 3492 quod
212 3410 301 3471 etium
315 3409 540 3488 intelligendum
555 3419 599 3469 est
614 3425 684 3469 eum
701 3407 820 3468 licentio
834 3407 930 3468 Putris
938 3409 1119 3487 spiritualis,

114 3507 147 3557 ct
160 3497 248 3555 etium
262 3493 398 3554 Praesulis
410 3495 601 3568 monosterii,
618 3509 674 3570 pro
689 3507 725 3550 eo
741 3492 821 3569 quod
839 3502 949 3572 spectat
962 3491 1121 3553 mortifico·

115 3583 212 3643 tiones
228 3587 363 3640 externas
376 3593 442 3664 quse
459 3577 584 3639 oliorum
601 3574 692 3636 oculis
708 3585 778 3637 sunt
797 3579 950 3718 exposing
