2475 3975
145 159 184 219 28
420 153 534 219 Prusia
549 154 732 237 cotaleaaecii.
751 156 825 235 Cap.
839 154 870 216 2.

143 266 237 337 utque
255 260 420 339 prasertim
440 256 526 319 alicui
546 258 704 336 Anonymo
723 255 953 334 respondeatur,
965 256 1017 335 qui
1031 257 1062 317 in
1076 274 1158 337 qua·

143 340 211 403 dam
228 362 278 405 suu
292 346 420 423 Epistola
439 343 513 405 mihi
528 341 725 409 contradixit,
744 341 842 419 aliqua
860 339 1011 418 objiciens.

182 428 256 490 Dico
277 438 376 490 atatem
395 428 633 491 maledictionem
651 433 853 501 cotoneorum,
867 444 922 504 per
937 444 969 485 se
981 425 1157 504 loquendo,

144 530 203 573 uon
220 530 281 574 csso
298 512 528 592 blasphemiam,
545 529 642 589 neque
656 512 688 569 in
703 528 753 582 se,
768 527 865 587 nequo
876 528 913 569 ex
928 509 1071 571 relatione
1084 511 1158 571 ille·

143 614 230 670 rum,
249 599 299 677 qui
318 617 384 659 eam
403 597 610 676 pronuntiant.
626 597 693 655 Non
711 596 798 654 estin
817 612 867 665 se,
882 595 951 672 quia
966 612 1023 655 vox
1038 593 1161 655 mortui

143 680 264 761 proprie
282 692 325 743 est
345 682 489 742 terminus
510 678 702 759 privativus,
717 680 769 756 qui
783 678 917 739 homines
933 678 1079 757 significat
1090 678 1157 739 vita

142 766 273 837 iunctos,
290 785 368 826 nune
391 763 518 843 ampliirs
541 782 601 823 non
621 762 798 837 existentes3
817 763 900 823 etin
924 763 975 823 tali
995 764 1154 841 supposito

144 850 268 910 verbum
292 849 404 915 raroruo'
424 862 478 911 uec
497 848 644 923 animam,
669 866 724 907 nec
743 865 851 923 corpus
868 848 1021 925 importat.
1039 848 1157 920 Quam-

143 934 244 995 obrem
261 934 409 1013 loquendo
428 935 460 995 in
481 930 684 1011 philosophico
704 932 821 1009 rigore,
845 932 896 1009 qui
913 933 1038 992 mortuis
1059 932 1157 991 male·

142 1017 215 1080 dicit
237 1020 348 1079 nemini
372 1018 514 1097 injuriam
537 1017 649 1096 irrogat
671 1037 680 1076 ε
710 1014 784 1077 ditm
805 1034 869 1076 rem
890 1015 1060 1089 maledicit,
1082 1034 1155 1095 quae

142 1102 268 1181 amplihs
287 1122 347 1163 non
366 1105 478 1164 existit.

159 1188 264 1247 ilicet
285 1189 410 1265 aliquis3
425 1187 481 1265 scd
502 1184 550 1246 hle
566 1205 625 1248 vox
644 1184 758 1248 ornatui
775 1184 937 1263 accipitur,
957 1202 1019 1246 non
1039 1195 1075 1248 ut
1089 1195 1154 1249 ter·

142 1269 242 1329 minus
265 1269 517 1350 patentissimam
536 1280 569 1331 ut
589 1272 735 1331 terminus
754 1266 918 1349 onulcpus,
934 1270 988 1347 qui
1009 1272 1152 1349 utrique,

143 1363 202 1414 tam
216 1354 322 1414 animae
340 1353 427 1432 quhm
442 1356 558 1434 corpori
571 1356 677 1415 relerri
693 1364 799 1433 potest
811 1354 984 1432 Respondeo
999 1353 1152 1433 primitur,

142 1437 222 1517 qudd
242 1440 267 1499 is
284 1439 335 1517 qui
352 1438 408 1499 hoc
425 1438 514 1512 dicit,
529 1440 664 1517 loquitur
679 1439 741 1517 jam
757 1439 795 1499 de
809 1438 951 1499 relatione
963 1439 1153 1519 mentis3sed

142 1544 196 1599 ego
217 1525 324 1603 loquor
342 1524 380 1585 de
398 1542 433 1584 eo
454 1526 534 1602 quod
557 1525 684 1585 uerbum
703 1523 816 1584 mortui
834 1525 867 1583 in
882 1524 1079 1603 scimportat,
1091 1525 1153 1587 Sed

142 1607 237 1669 adhuc
260 1609 345 1669 illum
366 1609 511 1670 sumendo
534 1617 568 1669 ut
594 1609 756 1668 terminum
780 1604 961 1686 conlapsam,
986 1610 1153 1684 respondeo

141 1692 292 1763 secundo,
317 1690 397 1769 qudd
421 1691 476 1752 sub
500 1710 569 1775 voce
591 1694 704 1753 mortui
725 1692 947 1770 principaliter,
970 1689 1054 1753 etin
1073 1700 1154 1753 recto

142 1780 188 1857 (ut
203 1778 306 1837 dicunt
323 1774 502 1856 philosophi)
517 1776 613 1838 solium
628 1777 711 1837 venit
727 1776 944 1854 eorpus,quoil
959 1777 1057 1837 solum
1069 1795 1153 1838 mor-

142 1874 227 1924 tuum
248 1862 306 1923 dici
328 1872 443 1940 potest,
465 1862 534 1924 ciam
554 1865 654 1923 anima
675 1861 853 1922 immortalis
872 1862 923 1921 sit.
936 1862 1097 1922 Dumtaxat
1116 1861 1153 1923 in

141 1946 259 2030 obliquo
275 1948 371 2007 anima
385 1948 468 2026 queit
488 1949 636 2010 intellecta
650 1948 753 2008 uenire
765 1991 773 2017 ,
787 1963 895 2024 nempe
906 1945 1005 2007 anima
1019 1948 1151 2021 mortui,

141 2032 177 2094 eh
196 2033 277 2112 quhd
295 2035 366 2093 olim
382 2035 445 2112 ipsa
466 2035 560 2094 forma
574 2035 631 2094 luit
643 2033 775 2110 corporis
792 2033 891 2107 illius,
910 2032 958 2091 eui
969 2032 1061 2092 vitam
1074 2051 1154 2111 praa-

141 2119 217 2180 huit.
238 2121 277 2180 At
295 2119 448 2197 supposito
467 2117 547 2196 quhd
569 2135 628 2176 vox
651 2125 787 2177 mortuus
807 2115 1011 2194 principaliter
1031 2118 1154 2194 respicit

142 2222 267 2283 corpus,
293 2213 323 2263 et
343 2201 442 2263 mimis
461 2202 665 2282 principaliter
684 2202 835 2270 animam,
855 2199 926 2261 ciam
944 2201 1050 2277 aliquis
1068 2219 1153 2262 mor-

143 2298 207 2349 tuos
224 2288 374 2356 nominat,
395 2304 450 2365 per
466 2304 497 2348 se
517 2287 686 2365 loquendo,
710 2302 772 2346 non
792 2284 830 2344 dc
851 2301 956 2345 comm
971 2285 1148 2365 animabus,

141 2373 192 2432 sed
210 2370 248 2430 de
267 2370 440 2448 corporibus
460 2371 660 2450 intelligitur3
677 2377 712 2429 ut
724 2370 762 2429 de
779 2369 934 2428 animabus
954 2369 1148 2447 intelligatur,

142 2474 216 2536 opus
235 2463 296 2525 cst,
316 2463 350 2513 ut
371 2454 421 2513 ille
442 2463 494 2514 aut
515 2455 668 2533 speciatim
687 2455 718 2513 in
741 2473 792 2514 suu
816 2462 916 2514 mente
934 2453 974 2514 de
994 2455 1149 2516 animabus

142 2539 224 2618 loqui
245 2537 407 2611 intelligat,
425 2545 477 2631 apt
491 2538 594 2598 saltem
608 2537 688 2617 qudd
702 2537 757 2598 alia
774 2539 920 2598 sermonis
932 2538 1021 2598 verba
1036 2541 1149 2602 animas

142 2625 306 2694 denotent,
327 2631 417 2702 prout
438 2633 483 2683 est
502 2624 576 2684 illud
597 2623 678 2700 quod
700 2624 842 2700 scriptum
863 2621 958 2682 estin
979 2620 1149 2686 blachahoeis

140 2707 174 2786 (l.
186 2708 230 2786 2.)
240 2731 251 2768 .·
262 2710 372 2770 Sancto
387 2715 414 2768 et
428 2705 556 2770 salubris
566 2715 609 2770 est
620 2707 775 2788 capitatio,
788 2725 842 2787 pro
855 2704 1000 2784 defunctis
1013 2725 1146 2770 ecorum.

142 2793 196 2856 llic
211 2792 336 2854 verbum
346 2835 354 2866 ,
365 2809 504 2867 exorare,
520 2791 583 2870 jam
602 2793 723 2854 denotat
738 2790 777 2851 de
793 2791 947 2853 animabus
959 2801 1146 2857 mortuorum
1235 2858 1236 2865 ,

141 2879 205 2941 lieri
223 2893 400 2938 sermonem.

179 2966 234 3024 Per
246 2979 277 3022 sc
292 2961 384 3039 igitur
400 2961 567 3040 loquendo,
582 2961 751 3022 maledictio
768 2969 952 3023 nanctoacum
965 2961 1145 3041 blasphemia

141 3067 201 3110 nou
220 3055 274 3108 est.
299 3047 458 3107 Videamus
476 3064 576 3118 nunc,
597 3065 635 3106 an
659 3045 839 3126 blasphemia
862 3047 901 3106 sit
923 3057 1044 3124 propter
1063 3067 1146 3109 meu·

139 3133 229 3192 talem
244 3131 415 3191 relationem
430 3149 533 3192 corum
554 3133 606 3211 qui
630 3130 711 3190 illam
736 3131 900 3210 proterunt.
914 3132 950 3190 Et
962 3131 1088 3191 dicimus
1100 3151 1145 3194 se·

139 3215 236 3278 cundo
263 3214 347 3286 loco,
375 3234 561 3294 nequaqnam
590 3233 627 3275 ex
653 3215 796 3278 relatione
823 3213 1035 3291 blasphemiam
1059 3232 1143 3292 csse,

139 3298 280 3379 quoniam
299 3298 320 3356 ii
337 3300 387 3376 qui
401 3298 525 3361 mortaria
541 3299 747 3372 maledicunt,
770 3297 920 3359 ordinarie
939 3296 955 3358 h
978 3300 1146 3361 considera·
1234 3316 1235 3351 1

140 3385 220 3444 tione
251 3381 416 3442 animarum
449 3385 582 3463 ipsorum
609 3384 821 3464 praecludunt.
846 3380 900 3443 llic
919 3371 1149 3446 autem'rluctor·
1234 3372 1235 3433 i

140 3466 277 3544 Epistulae
292 3484 339 3524 me
356 3467 562 3546 improperat,
583 3467 665 3548 qudd
687 3469 869 3548 distinguere
892 3467 1020 3528 nesciam
1044 3471 1145 3530 termi-

141 3565 215 3608 num
228 3547 405 3610 abstractum
416 3549 432 3610 h
445 3560 587 3614 concreto.
598 3551 768 3615 abstractus
778 3596 787 3629 ,
806 3571 854 3612 me
871 3551 1008 3626 instruit,
1028 3551 1079 3613 ille
1101 3561 1143 3615 cst
