2475 3975
148 119 207 184 ²l8
379 119 517 182 Examen
535 117 779 182 ordntcntlotnm.
802 117 875 200 Cep.
893 121 923 180 5.

148 239 179 280 n.
195 219 289 298 822).
304 217 485 298 Simpliciter
506 229 605 280 antem
623 219 787 292 tonsurati,
802 229 854 280 aut
867 216 966 282 clerici
984 220 1101 282 tantim
1120 224 1159 283 ad

148 305 268 367 ordines
289 305 420 366 minores
435 305 588 383 promoti,
606 305 671 364 sine
691 303 852 376 beneficio,
877 322 938 366 non
960 315 1082 383 peccant
1098 325 1160 386 gna·

148 390 243 464 viter,
255 389 307 452 scd
324 408 385 452 non
399 391 528 469 gandent
549 388 707 467 privilegio
722 390 779 452 lori
791 434 800 462 ‚
814 391 839 450 si
859 400 925 450 actu
945 389 1081 452 habitum
1097 411 1159 454 non

148 475 282 538 delerant
292 519 301 547 ‚
311 493 365 536 nec
374 474 507 538 licelesim
517 473 683 534 inserviant
696 517 704 545 ‚
715 484 747 534 ut
758 472 1013 536 ha‘betunin'lrid.
1025 493 1096 538 sesa.
1107 480 1158 540 25.

148 579 175 623 c.
192 563 222 622 o.
235 559 370 622 Gaudent
384 555 456 620 vero
474 575 637 636 semperne
656 557 792 619 habitum
812 567 1016 636 reassumam,
1031 561 1089 622 nisi
1102 560 1160 623 hoc

148 646 256 706 iaciant
276 645 307 704 ln
329 641 488 713 fraudem,
510 641 582 720 puta
605 642 630 701 si
652 642 763 702 suerint
787 643 819 702 in
840 660 986 706 carcerem
1005 643 1069 720 jam
1087 663 1159 706 eon-

40 720 51 744 ’
146 726 217 806 jecti
235 746 290 808 pm
306 727 529 798 criminalibus,
542 727 590 788 vel
609 726 673 804 jem
691 729 770 792 citati
788 728 819 788 in
836 728 901 788 loro
911 729 1005 789 laicali
1017 747 1072 807 pro
1087 729 1159 790 eivi-

148 813 226 874 libus
244 811 279 892 (l.
292 813 344 873 cit.
357 830 391 873 n.
407 812 502 890 822).
517 812 612 876 Aliter
633 821 732 874 tamen
746 812 852 874 dicunt
868 814 933 872 DD.
948 813 986 874 de
1003 813 1161 894 privilegio

148 899 273 960 eanonis
288 897 372 976 (ln).
392 899 439 959 An
462 905 561 958 autem
578 905 700 977 peccet,
721 897 774 974 qui
795 899 960 958 Tonsunam
977 899 1102 976 suscipit
1120 898 1161 958 cd

150 983 354 1062 accipiendum
377 982 576 1056 heneficium,
600 984 665 1044 sine
686 983 787 1042 animo
809 979 1001 1058 permanendi
1027 982 1059 1048 in
1082 989 1161 1042 statu

151 1067 381 1132 clericalilvidc
391 1069 473 1146 Opus
486 1073 621 1131 nostrum
633 1067 746 1129 morale
757 1063 789 1141 (l.
804 1069 834 1126 5.
848 1087 881 1129 n.
894 1065 976 1144 tto.)
985 1065 1037 1130 ubi
1052 1065 1161 1134 dicitur

150 1155 310 1232 suscipiens
325 1168 462 1230 peccem.
483 1149 534 1210 scd
553 1149 752 1226 probabiliter«
765 1149 880 1212 tantitas
903 1151 1069 1212 venialiter.

190 1239 244 1298 llic
261 1237 347 1314 juvat
364 1241 506 1296 annotare
517 1232 550 1294 id
569 1232 650 1310 quod
671 1241 815 1296 statutum
836 1235 961 1297 habetur
974 1255 1054 1298 anno
1072 1235 1158 1298 titt.

151 1326 184 1386 in
200 1323 382 1386 Concordato
402 1321 481 1382 intct·
500 1326 631 1392 sanctam
650 1319 775 1393 Scdem,
790 1321 968 1384 etCanolnm
983 1322 1159 1398 liningen

151 1427 312 1487 regnorum
323 1407 481 1485 Neapolis,
494 1413 526 1465 el
538 1405 705 1465 Sicilianum
721 1407 796 1467 circa
809 1405 1027 1466 ordinationem
1040 1423 1162 1482 promo·

151 1493 316 1553 vendornm
337 1491 374 1550 od
388 1499 498 1550 statum
514 1489 752 1550 ecclesiasticum.
767 1491 796 1548 1.
812 1488 917 1550 Ninno
932 1491 1020 1571 polrti
1032 1506 1109 1552 esser
1120 1487 1160 1550 do

150 1595 204 1639 oro
217 1573 346 1636 innanzi
357 1587 507 1651 nrontooso
521 1568 586 1630 atto
600 1569 702 1651 primo
716 1577 852 1634 Tonsnro
867 1591 897 1635 ao
909 1592 969 1636 non
981 1573 1032 1636 tlte
1044 1593 1065 1632 o
1079 1573 1161 1637 titolo

151 1661 187 1723 cli
192 1655 354 1737 Beneficio,
364 1674 381 1716 o
392 1651 586 1735 Coppellcnin
594 1663 738 1735 perpetue
748 1701 755 1724 ,
767 1653 792 1716 le
803 1655 836 1716 di
844 1655 894 1718 eni
905 1655 1032 1730 nendilo,
1041 1657 1162 1720 detrotti

151 1742 260 1826 ipen,
280 1739 445 1803 oscendono
462 1736 578 1800 olancno
599 1735 664 1800 otta
683 1742 761 1800 motti
776 1737 854 1801 dello
873 1739 1102 1804 consonatione
1114 1743 1161 1824 pel

151 1826 339 1893 Patrimonio
353 1843 437 1889 sacro
456 1822 537 1886 nelle
549 1825 667 1885 Diocesi
689 1821 736 1884 del
755 1827 956 1890 Pronnooendo
969 1850 979 1887 .·
992 1829 1037 1886 11.
1053 1828 1161 1890 (lindi-

151 1913 245 1978 conclo
267 1909 390 1995 qnolcle
415 1913 538 1972 l'cscooo
560 1917 726 1970 veromente
752 1905 845 1977 ntile,
868 1930 886 1971 o
912 1911 1074 1974 necessario
1099 1909 1161 1972 nlla

154 1998 259 2063 Citieso
267 2044 276 2071 ‚
285 1994 415 2076 conseris
423 1994 455 2055 lo
465 1994 567 2074 primo
583 1998 721 2055 Tonsuro
735 2014 755 2053 o
768 1992 890 2076 qualche
898 1997 1042 2075 cinnano,
1054 1996 1161 2059 lenoni

152 2104 213 2149 non
234 2083 323 2148 cotta
343 2098 437 2144 octnn
451 2076 621 2158 Beneficio,
643 2082 729 2157 notro
749 2076 848 2158 torio,
870 2100 922 2141 nto
941 2078 991 2141 nel
1011 2080 1075 2145 solo
1095 2100 1160 2145 ceso

153 2170 202 2234 elic
224 2169 313 2235 ollio
336 2167 360 2229 il
381 2165 536 2228 naedesimo
557 2182 621 2225 nno
641 2164 786 2225 Pensionc
804 2162 997 2229 aeclesiastico
1018 2176 1161 2249 perpetue

151 2254 230 2317 dello
247 2253 365 2315 nendilo
380 2252 430 2313 elie
445 2248 571 2311 ascendo
590 2247 706 2325 eltneno
724 2247 787 2310 olle
804 2253 882 2311 nnete
899 2248 984 2313 dello
999 2260 1080 2313 lassa
1098 2260 1161 2313 oto·

152 2337 238 2402 ollito
260 2335 308 2418 pel
329 2335 518 2397 Potrinnonio
541 2352 625 2394 sacro
648 2331 727 2394 nollo
751 2352 809 2395 sno
829 2336 974 2410 Dionem,
995 2355 1012 2399 o
1031 2334 1160 2399 t'tattcro

151 2418 338 2483 Patrimonio
344 2442 356 2494 ,·
368 2417 392 2478 il
402 2416 490 2497 quale
500 2435 555 2497 per
570 2418 680 2478 enitare
693 2416 864 2499 qnolnnqne
879 2418 993 2501 [rodco
1009 2422 1158 2503 iwanno,

152 2524 214 2567 non
233 2505 320 2585 notri
341 2500 504 2563 costitnirsi
520 2499 561 2563 de
579 2519 632 2561 oro
654 2502 802 2581 innanzi,
816 2504 865 2566 elo
877 2506 1060 2587 calcamento
1071 2524 1161 2589 sopra

153 2589 220 2655 beni
241 2584 361 2661 stabili,
380 2604 502 2666 ooopre
521 2602 621 2647 onnon
643 2586 755 2648 recidite
774 2586 889 2669 {isoc3e
911 2589 1002 2651 dovre
1019 2586 1161 2671 recolorat

153 2696 174 2737 a
194 2683 290 2736 tenore
311 2668 388 2734 dello
414 2680 496 2732 tasso
517 2668 655 2733 Sinodole
679 2671 713 2733 di
734 2674 874 2737 ciaocnno
894 2676 1012 2739 Dioccn'
1023 2720 1031 2747 ,
1051 2676 1162 2759 petrolio

153 2777 214 2823 non
224 2758 271 2819 sio
283 2773 345 2817 csso
358 2755 545 2818 Patrimonio
560 2757 597 2817 ne
613 2757 647 2818 in
666 2756 767 2824 minos
782 2778 895 2822 comana
914 2760 947 2821 cli
963 2762 1162 2843 notatiqnottro

151 2841 255 2909 clncoti
265 2884 274 2914 ‚
290 2842 328 2901 nl
347 2840 381 2901 in
399 2840 535 2921 mayqior
554 2840 588 2903 cli
604 2852 766 2922 quaranta.
788 2846 851 2903 111.
876 2842 956 2905 Oltre
971 2841 1003 2904 nl
1020 2845 1163 2921 requisito

152 2929 200 2993 tlcl
210 2924 377 3009 Beneficio,
391 2923 587 3005 Coppellonia
605 2935 764 3009 perpetuo,
778 2946 795 2987 o
809 2926 954 2989 Pensionc
968 2924 1163 2991 ecclesiastico

152 3022 314 3097 nonnemo,
332 3030 351 3075 o
369 3010 434 3075 dett
452 3011 559 3074 inticro
574 3012 779 3087 Potn'monio,
797 3031 817 3073 e
838 3010 932 3071 ninno
952 3013 1038 3093 petro
1060 3014 1162 3095 eonfe-
1231 3062 1236 3065 .

153 3096 226 3161 rirsi
242 3097 273 3158 le
291 3097 395 3179 ptimo
416 3100 573 3173 Tonsnro,
594 3096 619 3156 t'l
635 3094 722 3176 quale
741 3094 815 3176 dopo
835 3113 904 3155 aner
922 3096 1076 3159 terminati
1087 3096 1164 3161 dicei

154 3180 230 3240 enni
248 3180 282 3240 di
299 3199 356 3243 oon
375 3183 439 3255 elci,
459 3200 521 3243 non
539 3182 587 3242 sio
607 3180 718 3243 andalo
731 3199 751 3240 e
763 3179 896 3242 diotoror
914 3180 1031 3243 olaneno
1044 3200 1097 3262 per
1117 3203 1161 3245 nn

154 3261 282 3323 triennio
296 3264 331 3323 in
341 3262 464 3340 qnolclac
475 3264 639 3331 sentinante
656 3285 674 3326 o
690 3268 822 3329 Conoitto
841 3264 1028 3337 ecclesiastico
1039 3292 1050 3328 .·
1062 3286 1077 3327 e
1090 3268 1161 3331 done

153 3343 198 3402 cio
218 3358 278 3433 naon
292 3362 381 3418 possa
390 3345 481 3486 bonai
491 3396 500 3424 ‚
518 3369 580 3412 non
597 3349 686 3413 ollio
704 3348 819 3415 olmeno
834 3363 954 3435 porteto
965 3372 1018 3435 por
1030 3362 1072 3417 tre
1085 3354 1162 3415 enni

154 3423 257 3516 Valli?
284 3420 400 3520 defice·
444 3434 634 3500 continenza
656 3433 706 3499 del
723 3438 847 3523 proprio
867 3438 1048 3517 Ordinante,
1070 3436 1106 3513 ed
1126 3440 1161 3501 in

153 3508 229 3593 tutto
243 3500 268 3562 al
287 3511 437 3586 triciono,
456 3532 475 3574 o
495 3518 613 3590 almono
630 3539 684 3603 pet·
703 3518 735 3587 le
752 3522 886 3607 ntnynior
899 3531 986 3607 porte
999 3520 1072 3593 nelle
1086 3518 1161 3606 feste
