2475 3975
360 232 428 290 Art.
445 227 473 287 5.
492 225 538 286 Dc
551 215 705 282 ordinibus
722 211 796 294 maj.
1030 205 1088 266 2le

78 343 253 427 epistolam,
278 331 482 412 evangelium,
505 321 711 390 offertorium,
736 316 783 375 vel
807 313 982 375 infusionem
1006 324 1089 385 aquae

78 437 112 495 in
125 433 227 491 vinum
240 416 484 484 consecrandum.
495 408 617 469 Veniale
637 415 736 466 tamen
753 401 811 462 erit
824 398 960 458 omittere
974 390 1090 454 tantum

77 475 1090 580 Psalmumlttdica‚velKyricclci'soamnamexcolleatia,unumvel

78 603 202 662 alteram
215 609 333 656 erucem
345 603 436 664 super
446 581 559 648 oblata,
572 576 740 637 tunsionem
752 570 895 650 pectoris,
908 567 955 626 vel
969 565 1090 624 ablutio·

78 705 149 748 nem
160 681 340 759 digitorum,
351 680 381 730 ct
392 669 470 728 idem
482 661 676 745 probabiliter
687 659 790 718 dicunt
799 655 925 733 debapo
936 696 944 720 ‚
955 660 985 711 et
995 652 1042 710 alii
1054 651 1090 712 de

78 766 233 846 cvangelio
244 759 394 821 Sdoaaa.
408 751 441 831 (l.
454 752 524 812 tia.
539 746 634 822 boon.
651 744 698 804 Sic
714 758 832 820 quoque
846 737 960 797 veniale
974 734 1090 795 tantiam

79 864 126 915 est
141 850 278 912 emittere
295 851 392 920 partes
414 831 678 900 extraordinarias,
692 825 737 887 ull
754 833 824 885 sunt
837 820 958 891 Gloria,
981 819 1089 890 Crede,

77 932 259 1017 aquensia,
281 930 406 989 Tractus
419 965 427 991 ,
442 917 594 997 propriam
612 911 831 990 praelationem,
850 914 901 965 aut
921 905 1091 965 Cea'rmuui·

79 1030 198 1091 cautos,
219 1024 249 1076 et
265 1015 354 1076 Hanc
373 1006 468 1087 ipilar
486 999 606 1080 propria
617 1019 627 1074 3
638 996 679 1055 ita
693 992 890 1055 communiter
901 1007 1021 1058 omnes,
1035 983 1091 1047 nisi

80 1117 128 1168 tot
152 1110 249 1183 partes
271 1097 469 1162 omittantur,
491 1104 559 1164 quae
584 1081 673 1142 simul
695 1085 819 1156 sumptae
845 1073 1004 1134 notabilem
1024 1090 1094 1130 can·

80 1193 239 1272 stituerunt
255 1180 431 1245 materiam,
451 1180 486 1232 ut
508 1166 585 1230 bene
607 1167 768 1227 advertunt
784 1162 870 1222 Coae.
891 1165 921 1218 et
933 1153 1092 1236 Wipaudt,

82 1271 230 1358 quidquid
252 1269 350 1328 dicant
371 1254 500 1334 erorte',
518 1261 548 1314 ct
565 1256 658 1332 Posp.
677 1247 712 1329 tl.
730 1268 755 1309 a.
773 1266 805 1308 a.
824 1242 918 1322 bob).

122 1362 193 1421 lua.
212 1385 254 1401 -
273 1345 444 1412 Notandum
471 1343 501 1400 b.
524 1337 676 1416 prohiberi
707 1335 806 1394 Missas
835 1330 965 1400 votivas,
988 1327 1035 1388 vel
1060 1324 1096 1387 do

83 1443 214 1529 mpetum
229 1440 261 1500 iu
279 1427 460 1498 Dominicis,
475 1433 506 1484 ct
523 1423 602 1482 iestis
624 1419 809 1498 duplicium,
823 1422 912 1493 atque
933 1413 965 1472 in
987 1412 1095 1472 octavis

84 1524 296 1612 privilegiatia3
319 1516 377 1578 nisi
404 1527 508 1593 graves
525 1513 652 1586 urgeant
667 1521 777 1577 aausae,
807 1516 917 1578 nerupc
939 1499 964 1562 si
993 1505 1096 1576 urgeat

84 1615 201 1697 publiea
220 1606 396 1672 necessitas,
420 1599 444 1658 si
462 1596 514 1657 liat
538 1591 682 1671 expositio
702 1589 753 1650 SS.
777 1585 955 1648 Sacramenti
980 1600 1033 1663 per
1056 1584 1096 1643 40

84 1704 189 1770 bocas,
202 1698 275 1757 item
285 1691 316 1750 in
328 1689 376 1748 dic
386 1681 485 1744 obitds
496 1684 639 1758 praesente
659 1675 815 1749 cadavere,
830 1681 885 1731 etc.
900 1692 908 1730 ε
924 1669 986 1731 hacc
997 1679 1097 1729 autem

85 1780 275 1861 intelligenda
287 1771 403 1836 tanturn
415 1769 453 1828 de
465 1769 550 1824 blissa
559 1763 684 1822 solemni
693 1756 726 1838 ll.
741 1777 767 1818 c.
780 1777 812 1818 a.
823 1755 924 1834 lull,
944 1773 982 1814 an
997 1765 1095 1813 aulem

84 1875 118 1933 in
141 1863 287 1948 praedictis
310 1855 391 1918 iestis
412 1857 551 1911 vetentur
573 1846 667 1905 Missa
689 1843 795 1902 votivae
814 1841 870 1898 sub
888 1839 970 1916 gravi
987 1839 1096 1916 culpa?

85 1959 202 2034 negant
216 1940 413 2008 communiter
426 1939 525 2013 Lupo,
541 1931 632 1992 Suos.
647 1929 725 1989 Bou.
754 1922 858 1985 Escob.
881 1917 974 1982 Salus.
993 1923 1095 1995 Rosia,

85 2053 117 2103 ct
130 2039 179 2099 alii
198 2036 311 2115 plures.
330 2023 419 2086 llectb
436 2016 508 2079 verb
525 2015 662 2076 limitaut
678 2008 781 2075 Escob.
808 2016 837 2067 et
858 2008 963 2073 Rana,
984 2004 1007 2063 si
1029 2013 1099 2064 tunc

86 2129 222 2190 occurrat
233 2120 341 2179 festum
361 2110 492 2169 solemne
504 2102 609 2162 saltem
622 2106 743 2178 propter
757 2111 845 2172 grave
864 2090 965 2169 populi
980 2089 1099 2148 seanda-

86 2218 164 2293 lum.
189 2203 255 2267 lmb
278 2203 311 2261 in
341 2196 422 2257 iestis
452 2188 618 2267 duplicibus
641 2186 735 2261 llissae
757 2179 791 2239 de
814 2176 944 2257 requiem
968 2173 1100 2234 districta

86 2291 287 2380 probibentur
299 2286 331 2344 in
342 2281 460 2341 decreto
477 2278 557 2334 Sacr.
572 2272 680 2345 congr.
694 2264 854 2342 approbato
868 2260 905 2319 ab
922 2255 1004 2320 Alos.
1021 2258 1099 2333 vll,-

87 2388 122 2445 in
135 2376 271 2460 pluribus
286 2377 386 2430 autem
405 2360 518 2423 casibus
531 2353 642 2416 cantari
656 2359 777 2431 possunt
791 2348 883 2408 blissae
893 2344 1099 2405 defunctorum
1176 2324 1184 2331 ’

89 2470 123 2529 in
145 2458 314 2541 duplicibus
334 2451 422 2511 etiam
443 2440 622 2520 majoribus,
637 2436 728 2496 scilic.
744 2437 772 2495 l.
786 2435 820 2492 ln
839 2432 889 2493 die
903 2428 1001 2491 obitus
1023 2420 1117 2508 prae·v

90 2558 175 2613 scote
185 2544 342 2614 cadavere3
353 2530 542 2595 ethocetiam
551 2527 581 2584 in
591 2521 744 2582 Dominiea
754 2564 762 2592 ,
772 2519 818 2578 vel
827 2518 857 2577 in
867 2516 931 2576 aliis
943 2515 1100 2575 solemnio-

90 2636 192 2704 ribus,
206 2625 295 2690 modb
311 2640 372 2684 non
384 2619 444 2679 sint
455 2618 484 2675 l.
502 2610 610 2672 classis.
623 2610 652 2668 2.
665 2604 740 2667 Cum
754 2600 886 2683 primum
896 2600 996 2659 habita
1009 2598 1099 2659 lecerit

92 2718 197 2781 notitia
209 2711 308 2775 obitus
319 2704 454 2780 alicujus.
472 2690 765 2759 5.1nannivusari0
786 2686 889 2747 relicto
910 2682 927 2742 is
949 2691 1098 2741 testatore.

92 2808 168 2866 llam
181 2801 213 2859 in
225 2796 275 2857 die
290 2792 398 2865 tertio,
420 2784 545 2863 septimo
558 2787 587 2839 et
602 2775 751 2852 trigesimo
764 2794 772 2831 ι
786 2770 810 2832 si
822 2766 893 2829 verb
907 2766 938 2827 hi
952 2767 1014 2826 dies
1028 2767 1102 2825 aeci·
1212 2830 1214 2835 Ι

86 2883 167 2948 'dant
181 2884 213 2943 in
225 2882 299 2941 sesto
312 2876 350 2936 do
361 2877 526 2951 praecepto,
537 2859 753 2922 transferantur
766 2857 798 2916 iu
818 2854 897 2914 diem
910 2858 1101 2931 sequentem,

94 2972 142 3031 vcl
159 2967 358 3041 anticipentur
373 2957 428 3017 sub
444 2952 549 3013 eodem
565 2948 638 3007 ritu.
658 2948 688 3005 l.
705 2945 738 3003 ln
758 2942 831 3002 sesto
851 2938 961 3015 duplici
982 2936 1054 2995 min.
1074 2934 1098 2993 si

95 3062 213 3138 petatur
233 3043 469 3111 anniversarium
490 3032 666 3117 proaliquo
689 3028 848 3097 defuncto,
870 3027 966 3101 potest
992 3018 1102 3079 cantari

97 3143 193 3204 llissu.
207 3140 251 3199 lta
269 3152 306 3194 ex
325 3128 462 3209 pluribus
477 3123 559 3182 decc.
574 3122 656 3177 Sacr.
681 3118 788 3192 congr.
801 3110 861 3169 Rit.
879 3103 968 3186 (Vide
983 3101 1005 3164 i.
1027 3124 1051 3164 a.
1070 3122 1102 3164 rt.

96 3224 192 3301 biba).
203 3217 337 3297 Exceptis
350 3222 450 3275 autem
463 3207 543 3268 lestis
559 3200 743 3281 duplicibus,
756 3196 879 3271 aliisque
897 3200 930 3252 ut
942 3189 1030 3270 suprb
1043 3235 1051 3263 ,
1066 3190 1103 3251 do

97 3310 192 3373 blissis
202 3304 310 3368 votivis
324 3302 366 3361 sia
380 3295 514 3374 loquitur
531 3288 658 3353 Rubrica
672 3306 680 3345 r
696 3282 798 3344 Misscc
819 3276 925 3339 uotiua
948 3275 981 3335 iu
1002 3276 1105 3337 Missis

96 3391 225 3475 priuatis
245 3386 311 3449 diei·
323 3386 449 3466 possunt
472 3393 526 3458 pro
557 3368 682 3434 arbitrio
702 3353 894 3429 satisdatum.
918 3361 974 3422 Sed
996 3357 1104 3419 deinde

98 3479 198 3540 statim
221 3474 350 3534 advertit
368 3490 376 3526 z
397 3463 435 3526 ld
455 3464 524 3522 verb
537 3458 651 3539 passius
675 3470 736 3513 reon
756 3450 833 3531 fiat,
853 3446 914 3507 uisi
934 3437 1108 3505 rationabili

99 3561 136 3623 de
149 3576 255 3634 casso,
275 3554 449 3635 prosrtvessst
470 3538 604 3624 specialis
618 3537 731 3600 devotio
749 3530 924 3600 sacerdotis,
938 3526 984 3585 ael
1005 3521 1108 3603 petitio

100 3646 137 3707 dc
160 3641 262 3706 sativa
285 3635 385 3701 danitis
405 3629 627 3707 eisirrsosyaaru.
648 3621 833 3698 Quapropter
857 3615 958 3673 dicens
980 3608 1109 3666 votivam
