2475 3975
148 106 206 171 aet
417 101 529 166 Praete
540 98 724 182 molestarit.
742 100 816 185 Cup.
827 102 878 167 li.

146 206 244 269 eulosa
269 202 383 283 obiecta
399 210 627 274 removeantur,
648 203 740 265 ueluti
760 220 842 265 arma
851 247 863 282 ,
881 205 1024 286 imagines
1041 205 1149 286 parim

146 286 293 368 honestae,
306 300 335 351 et
351 287 512 368 prasertim
523 304 671 365 personae,
683 304 751 365 que
763 288 861 367 alique
871 292 1149 355 modooeaasiouem

146 377 255 451 peccati
268 374 399 455 proeliire
415 381 556 453 pessunt3
570 382 600 433 et
616 373 680 433 istas
700 390 761 435 nou
778 374 873 435 selim
890 374 908 436 l
927 377 1080 453 eubiculo,
1098 378 1149 439 sed

145 456 162 518 l
180 467 240 523 tota
258 460 347 523 deme
363 458 469 537 expelli
485 456 604 519 debent.
621 459 658 518 Et
674 456 748 519 dum
767 459 904 523 infirmus
921 463 1034 540 egonioe
1050 464 1150 541 proxi·

145 562 212 607 mus
228 546 346 607 videtur
369 562 431 605 esse
443 587 451 615 ‚
464 542 599 605 sacerdos
616 560 721 605 omues
733 544 773 606 ab
787 545 850 622 ejus
862 545 999 607 eubiculo
1009 546 1149 626 depellat,

145 638 253 710 proeter
265 648 360 690 unum
379 636 430 689 aut
445 628 519 689 duos
537 627 674 700 unium,
690 629 743 707 quii
757 630 813 709 ipsi
826 630 898 692 dum
909 638 1028 708 oportet
1043 632 1149 711 praete

144 714 214 775 sint.
225 711 392 786 ceterum,
406 711 529 774 omnini
538 710 693 791 prohibeat
702 713 733 773 in
743 715 845 792 agnou
857 711 956 781 cubile
966 717 1149 796 propinquos

144 798 277 877 tapeti,
289 798 426 865 uceticui
445 797 884 879 passsinnioausamprebeeut.

355 968 383 1050 §.
401 970 439 1029 ll.
447 964 585 1031 Remedio
597 964 739 1031 admont
751 966 934 1031 tentationes.

182 1140 249 1201 25⁷.
270 1140 419 1217 Proeeipua
445 1146 546 1199 eontra
577 1137 754 1198 tentationes
769 1136 901 1199 remedia
927 1147 998 1201 sunt
1021 1142 1092 1205 iesu
1114 1162 1151 1206 ac

143 1227 244 1287 itariae
267 1224 320 1285 SS.
342 1224 465 1285 nemina
485 1219 591 1301 sepiis
612 1223 771 1293 invocare,
793 1232 824 1283 et
844 1224 940 1284 eruas
951 1226 1101 1304 signaculo
1117 1247 1151 1290 se

142 1312 272 1372 munire.
295 1312 352 1373 Pro
374 1308 522 1388 aliquibus
544 1314 645 1370 tamea
670 1308 843 1389 specialibus
867 1306 1011 1373 demonis
1034 1313 1151 1375 insidiis

141 1396 276 1474 quadam
289 1394 338 1457 hie
356 1405 498 1455 annotare
510 1394 641 1471 expedit.

179 1483 249 1541 258.
262 1484 298 1542 lit
315 1484 339 1541 l.
350 1480 497 1542 tiverius
512 1479 584 1559 fidei
597 1479 782 1543 testationes.
796 1478 843 1541 tt
860 1477 917 1541 laec
931 1482 1061 1544 terribili
1083 1492 1150 1547 ten·

140 1567 251 1629 tatione
261 1566 423 1643 presertim
439 1567 605 1643 agitantur,
616 1566 669 1642 ¹qui
679 1564 747 1627 eum
757 1566 904 1643 perditam
918 1568 1035 1644 egerint
1044 1569 1148 1647 vitam,

139 1654 196 1715 sibi
210 1669 322 1729 sueque
335 1650 449 1729 judicio
462 1652 551 1713 nimis
570 1650 778 1729 adheserunt3
791 1651 942 1732 precipua
955 1654 980 1713 si
1006 1655 1064 1715 viri
1079 1673 1151 1718 ere·
1226 1671 1227 1678 ¹

139 1738 195 1801 diti
209 1738 331 1799 inerint.
348 1735 402 1799 llic
412 1735 514 1799 seduli
529 1737 758 1809 advertendum,
771 1736 887 1816 quidsi
900 1737 1017 1800 demon
1026 1741 1150 1820 aliquod

140 1826 182 1887 cis
202 1825 278 1885 eirea
291 1822 381 1886 iidem
396 1823 522 1885 dubium
533 1832 585 1883 aut
596 1822 789 1885 subtilitatem
801 1832 952 1902 suggerat,
965 1825 1066 1887 statim
1077 1846 1152 1889 con-

139 1911 228 1972 stanti
242 1910 342 1970 anime
360 1906 476 1969 tantine
491 1909 654 1985 generatim
666 1907 865 1985 respondeant
879 1926 888 1980 3
901 1908 966 1988 Epo
973 1907 1057 1969 erede
1068 1911 1152 1990 quod

138 1996 171 2060 S.
191 1989 556 2062 antecantamenta,
572 1990 805 2074 quoeoeritotear
826 1984 918 2054 melli
930 2000 960 2053 et
977 1992 1147 2072 confitetur.

139 2083 339 2159 ilortetiuque
350 2077 482 2138 sacerdes
493 2075 666 2151 infirmum,
679 2087 715 2136 ut
724 2077 865 2138 maximas
874 2078 939 2137 Deo
947 2079 1057 2155 gratias
1066 2090 1146 2159 aget,

139 2166 219 2245 qnid
235 2171 332 2246 ipsum
345 2164 376 2224 in
393 2163 525 2224 Ecclesia
535 2163 638 2224 sinum
647 2163 688 2226 at
702 2160 891 2224 incunabulis
899 2162 1030 2240 accipere
1042 2162 1147 2243 ‹ligue-

139 2261 187 2312 tus
199 2253 259 2327 sit;
275 2249 401 2327 ideique
421 2250 453 2308 in
466 2250 528 2326 ipae
547 2247 606 2310 tide
623 2263 718 2327 usque
730 2246 769 2307 ad
784 2247 1031 2307 extremumritoe
1050 2267 1149 2326 perse-
1221 2242 1224 2323 l

137 2351 241 2393 rerare
260 2333 337 2392 velle
353 2331 537 2410 profiteatur.
556 2333 723 2409 Praecipuus
735 2340 835 2392 tamen
852 2328 978 2402 modus,
995 2339 1026 2390 et
1041 2333 1148 2396 utilior
1220 2326 1223 2417 l

138 2417 175 2476 ed
192 2414 362 2492 hujusmodi
376 2415 553 2475 tentationes
571 2416 755 2494 repellendas
765 2416 823 2476 erit
839 2414 1039 2476 montemalii
1049 2416 1149 2480 diver-
1219 2420 1222 2497 ζ

136 2509 218 2574 tere,
236 2498 366 2577 eliasque
384 2497 710 2572 varioeelieereaetrre‚
724 2517 831 2579 nempe
842 2499 1047 2572 counitionis,
1060 2502 1145 2581 spei,
1218 2506 1221 2588 l

137 2584 287 2648 charitatis
299 2603 369 2666 erga
381 2586 493 2657 Deum,
506 2593 536 2646 et
554 2585 673 2647 similia,
687 2588 732 2646 lie
748 2586 876 2663 quodem
888 2587 1015 2644 Doetnre
1024 2585 1147 2650 Baiter.
1217 2596 1220 2678 p

135 2672 360 2745 minuentem,
380 2671 461 2750 qued
479 2671 528 2734 hic
545 2672 617 2732 dum
638 2673 672 2732 in
690 2682 790 2733 morte
805 2670 1025 2739 camdenianae
1049 2669 1147 2736 disse-
1217 2682 1219 2765 l

136 2775 203 2818 rere
220 2756 258 2818 de
273 2756 402 2834 quedam
420 2757 491 2818 lidei
504 2758 629 2822 mlieulo
645 2757 796 2829 volumit,
813 2756 953 2834 deeeptus
968 2756 1143 2835 succubuit,
1215 2784 1218 2855 p

136 2853 166 2904 at
179 2848 314 2902 mortuus
331 2848 386 2902 est.

174 2928 244 2990 259.
269 2928 299 2989 Si
319 2925 442 2988 tentatio
464 2931 564 2988 nmen
590 2927 687 3007 pergit
703 2940 834 2997 rexere,
858 2923 994 2986 ostendat
1020 2924 1144 2989 intirmo

135 3010 215 3090 qulld
234 3022 342 3074 nostres
356 3013 425 3074 fidei
439 3012 504 3091 (per
527 3030 559 3073 se
578 3021 685 3073 sancta
697 3018 755 3086 ,et
771 3012 955 3070 intemeratae
966 3006 1005 3081 ,i
1028 3026 1143 3089 paupe·

134 3097 218 3156 ribus
231 3098 425 3172 piscatoribus
440 3115 494 3178 per
511 3105 609 3160 toturn
628 3097 731 3169 orbem
752 3094 947 3166 attremat
967 3093 1138 3171 miraculis,

134 3193 167 3238 tc
180 3186 225 3236 tot
243 3181 371 3247 millium
386 3192 553 3262 martyrum
572 3184 733 3262 sanguine,
745 3181 797 3259 qui
815 3179 907 3240 vitum
916 3194 1068 3255 suampen
1078 3179 1142 3258 ipsa

134 3262 590 3347 immolauerunt‚cont1rmatae)
617 3274 789 3346 argumenta
810 3265 878 3326 luce
899 3262 1024 3323 clariora
1044 3272 1138 3340 suni,

133 3358 164 3410 et
182 3347 334 3410 manifeste
347 3352 428 3414 illam
441 3371 541 3415 veram
553 3372 615 3416 esse
631 3352 827 3432 patefaciant,
838 3347 908 3408 lieet
919 3362 983 3417 reo,
995 3363 1068 3425 quas
1078 3349 1138 3427 ipen

133 3435 236 3503 docel·
256 3449 336 3492 nune
358 3453 411 3510 per
427 3440 580 3514 speculum
602 3440 634 3498 in
655 3437 811 3517 aenigmate
836 3432 989 3492 videamus
1001 3450 1011 3506 3
1025 3447 1094 3495 nam
1112 3434 1137 3496 si

133 3515 272 3590 mysteria
292 3515 329 3575 de
346 3518 453 3593 quibus
469 3539 522 3582 uos
545 3524 673 3588 instituit
691 3530 788 3584 essem
803 3517 969 3593 euidentia,
987 3513 1041 3575 ubi
1062 3524 1139 3600 essct
