2475 3975
391 198 458 258 Art.
474 198 503 256 5.
520 197 566 256 De
580 191 732 256 ordinibus
743 195 817 276 rncj.
1053 199 1111 262 955

98 315 168 356 rum
185 296 312 368 Vicarii,
338 296 412 356 item
433 295 544 355 Vicarii
563 295 764 372 Capitulares,
789 302 820 354 et
844 293 968 372 capitula
989 296 1109 376 religio-

100 399 193 452 num,
208 397 373 460 corumque
396 380 530 458 praelati3
548 378 595 438 vel
615 378 797 458 delegatam,
813 387 847 438 ut
866 388 937 439 sunt
962 381 983 439 ii
1000 383 1107 458 quibus

94 466 133 526 ab
168 464 296 526 habente
327 464 509 527 ordinariam
536 463 658 524 facultas
686 463 906 543 committitur,
933 464 1002 525 vide
1025 463 1046 526 l.
1074 470 1105 527 7.

93 569 126 610 ιι.
139 551 168 610 9.
183 557 212 609 ιι
229 567 290 627 seq.

35 671 39 676 -
132 636 230 709 Quacr.
247 635 298 694 lll.
310 632 388 707 Quid
407 631 594 712 requiratur,
609 641 645 694 ut
662 635 728 712 quis
745 634 833 714 possit
852 634 938 713 ligari
956 637 1107 698 censuris?

91 719 268 797 Requiritur
288 719 317 776 l.
336 718 374 776 Ut
405 719 444 778 sit
467 715 569 779 homo.
590 722 621 780 2.
639 721 677 780 Ut
702 721 741 779 sit
760 720 934 798 baptizatus.
954 722 984 780 5.
1008 723 1044 782 Ut
1067 725 1106 782 sit

89 801 217 864 rationis
231 818 358 879 compos.
370 803 399 861 l.
413 802 497 862 lltsit
509 820 635 880 persona
648 802 854 866 determinata.
866 807 895 866 d.
905 806 943 866 Ut
952 805 991 866 sit
1001 805 1104 868 subdi·

90 896 152 947 tus.
166 887 268 960 Quoad
281 887 451 964 peregrinos
463 885 553 958 ιιιὸ,
567 887 637 945 vide
649 885 688 947 ib.
706 905 740 945 ιι.
752 888 801 947 ll.

129 973 229 1046 Quaer.
245 972 297 1030 tv.
311 971 389 1044 Quid
400 971 571 1048 requiratur
589 971 626 1031 ad
641 971 851 1030 incurrendam
865 989 985 1050 gravem
1000 994 1104 1035 censu·

90 1075 175 1127 ram,
192 1055 263 1134 puta
280 1053 617 1119 excommunicationem
636 1054 798 1132 maiorem,
815 1056 863 1115 ιιι
881 1061 1103 1134 suspensionem

91 1141 233 1212 totalem,
254 1149 306 1200 aut
330 1139 367 1199 ad
392 1139 515 1218 longum
542 1144 685 1218 tempus?
705 1140 885 1219 Requiritur
902 1143 933 1200 l.
953 1152 1103 1218 peceatum

88 1242 197 1304 grave,
211 1231 240 1283 et
255 1231 289 1284 ut
304 1224 427 1297 materia
441 1225 481 1282 sit
498 1224 587 1284 ctiam
604 1227 830 1304 persequaris,
845 1226 1008 1286 autsaltcm
1021 1228 1105 1289 raldo

90 1308 261 1372 conducens
275 1308 310 1368 ad
328 1309 420 1368 linem
439 1308 599 1368 intentum.
615 1310 654 1367 At
671 1309 704 1368 in
720 1309 812 1370 dubio
824 1310 985 1387 superioris
995 1329 1104 1390 praece-

87 1403 176 1473 ptum
193 1392 273 1454 certe
290 1393 373 1471 ligat.
387 1395 418 1452 ι).
431 1393 521 1451 Actus
539 1401 688 1452 externus.
709 1393 739 1452 5.
754 1395 846 1456 Actus
867 1405 1099 1460 consummatus.

86 1481 118 1539 l.
140 1479 353 1550 contumacia,
367 1477 408 1536 ita
424 1484 459 1535 ut
475 1475 650 1554 delinquens
668 1477 741 1538 seint
758 1479 896 1550 crimen,
919 1497 980 1538 non
1003 1478 1102 1541 solium

86 1562 213 1623 vetitum
227 1580 289 1623 esse
300 1561 370 1640 jura
390 1561 512 1634 divina,
527 1563 578 1622 scd
597 1564 688 1623 etiam
699 1564 903 1628 ecclesiastico.
914 1565 989 1628 Vide
1003 1575 1102 1626 autam

2 1700 4 1712 .
86 1648 253 1719 illationes,
267 1665 334 1727 quoe
352 1665 388 1708 ex
401 1645 448 1707 lris
467 1647 638 1708 inferuntur
650 1646 699 1708 eit.
716 1645 769 1711 lid.

124 1733 227 1806 Quaer.
240 1733 281 1792 V.
293 1732 366 1805 Quis
383 1731 475 1810 possit
494 1730 510 1790 ‘a
532 1734 663 1793 ecnsuris
677 1733 849 1794 absolvere?
865 1736 889 1796 Α
904 1752 1026 1796 censura
1041 1736 1100 1795 lata

84 1835 140 1898 per
150 1816 326 1878 sententiam
339 1816 550 1893 particularem
566 1815 718 1876 ordinarie
730 1819 755 1876 is
766 1817 886 1877 tantdm
902 1827 997 1894 potest
1009 1820 1103 1880 absol·

84 1918 174 1972 rere,
189 1902 241 1978 qui
262 1917 327 1959 cam
350 1899 432 1974 tulit,
451 1900 500 1958 vol
521 1897 583 1975 ejus
605 1901 757 1976 superior,
783 1907 834 1960 aut
853 1917 1022 1974 successor,
1048 1913 1100 1963 aut

83 1988 247 2066 delegatus.
260 1985 306 2047 db
319 1984 369 2046 illa
382 1994 481 2044 autem
500 2003 565 2063 qum
582 1983 641 2044 lata
661 1993 705 2045 est
722 1983 738 2046 ιι
755 1983 842 2064 jure,
858 1986 905 2046 vel
926 1984 962 2045 ab
980 1985 1104 2048 homine

83 2091 140 2151 pcr
158 2075 334 2132 sententiam
349 2070 520 2149 generalem
537 2068 638 2148 (modia
657 2087 718 2131 nou
738 2072 778 2133 sit
797 2068 975 2147 reservata),
1004 2080 1100 2149 potest

83 2159 243 2219 absoluere
257 2158 355 2234 quiris
371 2155 575 2216 confessarius.

123 2243 175 2302 80.
187 2273 226 2284 -
237 2238 292 2299 llic
309 2250 408 2299 autem
425 2239 590 2299 notandum
605 2242 636 2299 l.
652 2238 733 2317 quid
755 2240 889 2320 Episcopi
904 2258 940 2301 ex
958 2260 983 2303 c.
999 2242 1100 2306 Liceat

83 2332 113 2390 o.
126 2342 199 2387 sess.
213 2326 263 2386 rt.
278 2325 310 2383 in
328 2322 411 2384 Trid.
426 2332 552 2402 possunt
570 2325 742 2404 dispensare
756 2326 787 2386 in
802 2326 940 2387 omnibus
956 2329 1098 2408 irregula-

83 2410 243 2484 ritatibus,
265 2418 295 2469 ct
311 2408 552 2487 suspensionibus
569 2428 605 2470 ex
626 2411 732 2472 delicto
752 2413 885 2489 occulto,
914 2415 1041 2493 exceptis
1061 2415 1097 2475 iis

76 2505 150 2574 ‘quoe
169 2496 308 2557 oriuntur
328 2513 363 2555 ex
383 2494 545 2555 homicidia
564 2496 751 2572 voluntario,
772 2506 802 2557 et
819 2496 890 2575 aliis·
907 2498 1040 2559 deductis
1057 2502 1095 2561 ad

81 2582 181 2642 iorum
200 2581 427 2643 contentiosum.
442 2582 516 2643 ltcm
535 2591 658 2659 possunt
674 2581 1099 2662 absolvereoquibuscumque-

84 2666 198 2726 casibus
208 2665 329 2725 occultis
339 2710 347 2735 ,
356 2666 444 2725 etiam
455 2665 522 2725 Sedi
533 2668 700 2745 apostalicae
709 2667 882 2738 reservatis,
896 2684 1098 2745 quoscumque

84 2749 140 2809 sibi
155 2750 289 2811 subditos
301 2750 333 2810 in
353 2750 470 2810 dioecesi
484 2768 536 2809 sua
557 2770 612 2829 per
632 2752 760 2830 seipsos,
774 2759 826 2811 aut
841 2751 993 2811 Vicerium
1012 2752 1047 2811 ad
1064 2753 1093 2813 id

83 2835 251 2913 specialiter
266 2835 483 2915 deputandum.
497 2836 541 2898 De
562 2834 618 2897 hoc
637 2837 705 2896 ride
722 2838 820 2899 Trcct.
838 2834 873 2897 de
881 2834 985 2917 privil.
997 2856 1030 2897 n.
1044 2838 1092 2899 99.

83 2918 164 2981 llanc
192 2929 291 2981 autem
315 2920 482 2981 facultatem
502 2930 597 2999 potest
617 2922 777 3001 Episcopus
803 2922 892 2981 etiam
915 2923 1091 2999 generaliter

81 3003 146 3065 aliis
159 3001 294 3083 delegare
304 3026 313 3083 3
325 3003 365 3067 it.
377 3024 410 3065 ιι.
424 3007 473 3065 Ed.
489 3006 661 3067 Notandum
678 3010 707 3067 E.
722 3005 802 3084 quiid
823 3004 961 3083 praedicta
973 3007 1092 3069 facultas

84 3090 182 3151 varius
202 3091 316 3150 sublata
339 3099 383 3150 cst
402 3092 551 3169 Episcopis
573 3101 707 3171 respectu
731 3090 767 3151 ad
789 3089 944 3162 haeresim,
969 3101 998 3151 ct
1021 3094 1091 3156 alios

82 3192 163 3235 casus
176 3182 339 3236 reservatos
352 3174 384 3233 in
404 3174 487 3235 bulla
506 3177 623 3249 Curae,
643 3176 712 3237 vide
733 3172 755 3235 l.
775 3194 799 3235 ι.
822 3192 854 3232 n.
870 3174 918 3234 58.
941 3176 970 3235 Si
992 3183 1090 3241 tamen

83 3261 149 3337 quis
172 3261 210 3320 sit
235 3258 396 3337 impeditus
415 3259 496 3319 adire
517 3261 662 3336 Romam,
689 3257 765 3320 bend
790 3266 886 3337 potest
909 3259 1019 3323 absolvi
1053 3264 1090 3325 ab

83 3345 240 3423 Episcopo:
253 3343 386 3404 absoluti
400 3345 518 3421 quidem
530 3347 570 3417 ‚si
584 3345 832 3422 impedimentum
845 3352 888 3403 est
899 3357 1089 3425 perpetuum:

83 3430 136 3489 suh
146 3429 318 3506 juramento
335 3427 407 3488 vcro
420 3429 545 3489 adcundi
560 3432 685 3489 Ronram
695 3472 702 3497 ,
713 3429 737 3486 si
749 3437 792 3487 est
802 3432 979 3507 temporale,
991 3447 1090 3505 excep·

83 3513 118 3571 tis
131 3532 248 3591 semper
263 3512 458 3585 mulieribus,
472 3522 503 3573 et
520 3515 621 3592 pueris
634 3534 643 3587 ς
657 3510 772 3573 vidct'b.
785 3531 818 3573 ιι.
832 3515 881 3575 59.
896 3513 935 3573 ad
944 3515 994 3571 ts.
1006 3514 1090 3571 lnsu·

84 3615 135 3674 per
152 3596 201 3659 ιιιι
223 3598 319 3661 obitcr
333 3598 496 3660 notandum
513 3600 543 3660 5.
559 3596 637 3676 quod
660 3598 922 3737 excommunicrrqtgo
936 3594 1045 3673 papalis
1059 3595 1089 3653 in
