2475 3975
351 194 397 255 De
413 189 566 253 innodatas
583 190 727 265 concord,
744 196 798 252 ete.
1043 194 1083 255 75

70 299 180 363 librum
192 298 243 359 ubi
258 294 397 357 distincte
411 303 455 356 est
467 294 528 355 hacc
539 294 660 353 materia
674 292 801 354 discussa
813 292 891 371 (tta.
902 296 973 357 dm.
985 296 1078 376 biti).

70 385 127 447 Sed
145 386 221 445 eirca
240 382 357 462 praxim
377 381 510 441 advertat
531 378 723 439 confessarius
742 380 770 439 l.
784 378 817 438 in
834 376 1080 442 hacsollicitatio·

70 470 117 531 nis
139 466 264 530 materia
289 482 350 527 non
374 482 435 524 esse
457 463 547 523 nimis
569 462 710 523 festinum
730 464 763 524 in
786 462 966 543 imponendo
986 466 1081 543 poni·-

69 556 141 615 tcuti
160 572 236 614 onus
257 549 491 613 denuntiationis
505 593 513 619 ‚
527 566 596 607 nam
614 549 645 608 in
666 547 780 621 dubio,
799 566 839 608 an
859 550 910 609 illa
929 550 1017 609 luerit
1031 552 1078 613 rel

68 658 106 699 ne
124 638 314 705 sollicitatio,
336 635 394 694 tale
409 652 484 693 onus
503 631 619 711 injungi
639 650 700 692 non
720 633 808 693 debet
825 634 872 713 (t.
887 636 918 695 6.
932 654 964 694 a.
976 633 1079 713 702),-

68 725 126 784 nisi
145 722 214 783 caim
232 720 341 795 verba,
356 727 407 779 aut
425 727 506 780 actus
522 736 557 779 ex
572 736 604 778 se
617 718 852 779 sollicitationem
865 720 1078 798 importarent,

66 818 96 869 et
116 806 235 869 tantitm
256 803 382 864 dubium
399 811 529 869 verteret
541 801 580 863 de
593 802 756 862 intentione
774 804 976 881 sollicitantis3
990 812 1041 863 aut
1054 805 1079 864 si

66 894 200 953 adessent
221 888 408 950 vehementia
431 887 561 959 indicia,
582 894 645 946 esto
669 904 730 946 non
752 888 920 958 evidentia,
940 889 1080 949 sollicita·

65 979 172 1054 tionis,
188 977 253 1035 sine
276 973 393 1034 indiciis
415 974 447 1033 in
471 972 662 1051 oppositum,
679 980 751 1031 tunc
770 973 851 1031 enim
873 973 917 1032 illi
937 974 1080 1050 quodam·

64 1061 153 1121 modb
172 1060 317 1120 moralem
338 1057 466 1117 tundant
485 1054 693 1116 certitudinem
704 1053 763 1132 (lb.
779 1074 808 1116 o.
824 1054 1077 1135 decipiendorum

62 1146 205 1207 lldvcrtat
223 1146 254 1206 2.
267 1161 306 1204 ne
321 1142 361 1203 sit
381 1142 475 1201 facilis
488 1138 525 1199 ad
544 1140 766 1218 suscipiendum
779 1140 810 1201 in
829 1158 862 1201 se
873 1157 950 1200 onus
964 1140 1079 1201 denun-

63 1230 214 1302 tiationis,
233 1226 290 1289 nisi
310 1228 343 1287 in
362 1226 463 1304 aliquo
481 1244 547 1287 casu
566 1242 658 1297 raro,
680 1224 713 1286 in
734 1244 796 1305 quo
816 1224 946 1287 charitas
969 1226 1000 1287 id
1022 1226 1079 1287 sibi

62 1324 264 1395 proponeret,
285 1312 324 1373 ob
344 1330 482 1389 magnam
501 1310 705 1371 difficultatem
725 1330 814 1389 quam
834 1310 911 1373 torte
932 1312 1079 1391 poenitens

62 1401 187 1463 haberet
207 1398 336 1459 adeundi
353 1397 531 1476 superiores.
546 1394 687 1455 advertat
703 1394 733 1455 ὅ.
751 1395 831 1474 qudd
845 1397 908 1478 ipse
925 1416 1079 1475 nunquam

63 1488 202 1550 omittere
223 1484 311 1545 debet
333 1483 488 1559 imponere
511 1480 668 1559 paenitenti
692 1480 848 1542 soltictnto
874 1479 949 1543 hane
972 1482 1080 1563 obliga·

62 1574 176 1634 tionem
189 1567 437 1643 denuntiationis,
450 1567 586 1645 quamms
603 1564 981 1646 proeriderctpoenitentem
996 1568 1079 1629 illam

63 1675 125 1719 non
148 1656 367 1733 impleturum
389 1669 458 1711 nam
479 1649 591 1712 directe
613 1652 789 1713 confessario
808 1651 976 1727 injunctum
998 1651 1078 1714 esti

62 1742 209 1802 Pantilice
219 1756 294 1798 onus
303 1782 310 1807 ,
319 1744 353 1796 ut
364 1736 453 1796 talem
466 1736 679 1815 obligationem
690 1736 809 1797 intimet
819 1735 894 1816 (tit.
903 1739 932 1798 6.
943 1757 975 1798 o.
984 1736 1077 1815 libb).

63 1826 151 1885 Unde
172 1823 267 1884 donec
281 1826 428 1901 paenitens
449 1838 515 1882 eam
535 1838 595 1881 non
614 1820 793 1901 adimpleat,
813 1822 931 1900 expedit
947 1825 1080 1884 utabso-

63 1910 210 1970 lotionem
232 1907 260 1969 ei
285 1906 413 1967 diiierat.
427 1907 524 1984 Atque
547 1906 571 1965 si
594 1905 787 1966 confessarius
808 1905 945 1979 dubitat,
965 1927 1004 1968 an
1027 1908 1078 1969 ille

63 1995 225 2056 difficulter
246 2011 311 2054 eam
330 1993 545 2072 adimpleturus
562 1993 621 2066 sit,
637 2001 709 2054 tunc
725 1993 848 2057 omnino
862 1995 1076 2057 absolutionem

63 2082 108 2142 illi
121 2080 244 2142 diiierre
258 2079 357 2141 debet.
368 2077 445 2138 Bene
459 2087 556 2140 tomen
576 2087 675 2158 potest
686 2098 755 2140 eum
768 2081 919 2140 absolvere
929 2125 937 2150 ,
948 2083 972 2140 si
987 2083 1078 2158 poeni-

63 2177 130 2228 tens
151 2176 196 2228 est
217 2184 273 2245 pro
292 2175 364 2226 tune
383 2163 565 2242 impeditus,
585 2175 616 2224 et
635 2164 760 2224 firmum
779 2163 869 2223 habet
891 2167 1076 2243 propositum

63 2251 280 2326 denuntiandi,
294 2251 392 2308 statim
410 2267 443 2306 ac
459 2247 613 2308 commode
630 2255 726 2326 potest
739 2245 806 2325 (bc.
818 2265 849 2306 n.
863 2248 956 2328 695.).
975 2249 1077 2326 liujus·

64 2337 146 2398 modi
168 2335 406 2397 denuntiationes
422 2331 488 2391 lieri
507 2331 616 2392 debent
629 2332 732 2392 saltem
750 2332 827 2392 intra
840 2350 970 2394 mensem
986 2333 1074 2414 (lbid.

63 2439 94 2480 o.
111 2423 175 2482 Hoc
198 2418 329 2497 tamen):
353 2419 422 2478 item
444 2415 627 2489 notandum,
649 2416 729 2496 qubd
750 2414 767 2477 t
787 2419 825 2479 N.
847 2419 898 2479 SS.
921 2421 959 2479 P.
980 2423 1075 2482 Beue·

63 2503 141 2566 clieta
152 2505 204 2566 Xl
206 2507 242 2566 V.
254 2503 328 2584 (tit.
340 2506 368 2564 6.
378 2521 409 2562 n.
421 2501 502 2581 tat.)
516 2503 622 2582 cuique
634 2504 806 2583 impositum
822 2514 866 2565 cst
878 2524 952 2567 onus
964 2506 1076 2569 denun-

63 2591 158 2650 tiandi
180 2590 410 2658 confessarium,
434 2605 523 2666 quem
547 2589 635 2650 sciret
658 2588 799 2667 obligasse
820 2593 1013 2667 paenitentem
1038 2594 1074 2654 ad

62 2675 314 2736 manifestandum
333 2673 521 2750 complicem,
535 2674 592 2733 nisi
611 2691 647 2733 ex
666 2691 747 2732 mera
763 2674 948 2753 simplicitate
959 2685 1010 2735 aut
1024 2678 1077 2736 im·

62 2760 223 2839 prudentia
244 2760 272 2819 id
293 2760 408 2836 egisset.
426 2757 536 2819 utumb
556 2758 720 2819 notandum
733 2758 810 2819 circa
828 2760 975 2841 sortilegia
994 2763 1076 2822 laieo-
1164 2789 1167 2795 ·

62 2863 153 2916 rum,
169 2843 251 2922 qudd
261 2842 349 2905 hodie
369 2843 400 2903 in
414 2855 515 2906 nostro
531 2862 624 2923 regno
639 2845 793 2922 Neapolis,
811 2855 933 2925 propter
949 2849 1076 2908 insinua·

62 2929 175 2990 tionem
191 2929 284 2991 nostri
296 2929 374 3007 regis
387 2926 487 2989 Caroli
496 2929 558 2990 ΙΙΙ.
570 2947 630 2989 uon
644 2929 725 2989 adest
740 2929 879 3009 obligatio
898 2932 949 2991 illa
965 2933 1076 2993 denun-

63 3013 175 3085 tiandi,
196 3013 253 3075 uisi
269 3011 338 3074 eiam
359 3013 518 3074 intervenit
536 3013 644 3074 abusus
664 3015 715 3075 SS.
729 3011 936 3088 Eucharistiae,
950 3018 1075 3078 autOlci

64 3099 156 3160 sancti
173 3097 250 3178 (tit.
267 3100 295 3159 ὅ.
311 3116 344 3157 n.
361 3099 429 3159 255.
444 3097 477 3158 in
493 3097 563 3178 fin.)

103 3184 154 3243 ut.
170 3183 225 3242 lll.
240 3181 367 3243 Demitm
392 3182 471 3261 quod
489 3185 618 3262 pertinet
637 3182 674 3244 ad
692 3183 902 3263 impedimenta
922 3190 1075 3254 matrimo-

65 3267 128 3338 nii,
147 3266 215 3326 ctim
238 3268 384 3346 poeoitcns
397 3268 515 3346 aliquod
536 3268 785 3348 impedimentum
803 3266 907 3348 habet,
925 3284 955 3335 ct
971 3277 1074 3337 matri·

65 3350 202 3411 uranium
225 3349 359 3412 nondtim
383 3363 427 3413 est
447 3353 573 3429 initum,
595 3353 682 3431 plura
695 3353 875 3433 distinguere
887 3369 1024 3438 oportet:
1042 3363 1073 3421 Si

65 3435 315 3514 impedimentum
337 3445 380 3497 est
408 3438 694 3516 consanguinitatis,
716 3445 766 3498 aut
784 3443 965 3518 cognationis
987 3444 1072 3522 spiri·

65 3521 172 3592 tualis,
192 3530 244 3580 aut
257 3521 406 3583 affinitatis
422 3541 458 3583 ex
477 3524 581 3602 copula
602 3523 680 3582 licita
697 3541 790 3602 usque
806 3525 843 3584 ad
857 3534 995 3605 quartum
1007 3545 1071 3603 gra·

65 3605 160 3753 daupi,
185 3606 381 3757 aalrprpublieae
403 3601 582 3683 honesiatis,
600 3607 655 3668 etsi
674 3619 749 3670 esset
772 3611 942 3756 occultunvr,
963 3613 1075 3672 contes-

133 3707 192 3753 ortt.
257 3731 266 3756 .
