2475 3975
299 229 302 234 ¹
358 245 408 306 En
422 241 556 328 operibus
567 243 720 306 Benedicti
730 245 821 308 XIV.
1034 249 1093 310 817

87 355 152 416 tens
175 364 276 410 earum
296 345 597 427 congregationibus,
619 347 795 426 suffragium
819 346 982 410 decisirum
1003 348 1092 410 ferre.

87 431 329 586 ExPlcgrqamtlftmffl
349 535 385 584 ex
406 511 473 588 his,
490 537 557 599 qum
575 516 692 596 exigere
706 514 722 576 b
737 516 936 577 confratribus
949 515 1096 595 parochus

85 601 210 678 nequit,
224 610 347 680 possunt
364 601 430 661 fieri
443 601 481 662 de
500 602 639 664 mandato
655 600 812 679 Episcopi,
832 607 867 662 ut
885 599 917 661 in
937 601 1096 679 peculiari·

86 683 144 744 bus
163 702 266 745 rerum
284 685 437 746 eventibus
458 686 537 770 saepe
554 686 687 747 decisum
704 694 749 746 est
767 683 785 746 i
803 685 834 746 S.
850 685 1094 766 congregatione.
1215 762 1216 767 ἵ

87 767 134 829 lb.
148 785 180 828 n.
196 767 246 828 98.

105 881 107 885 v
127 851 295 913 Confratres
313 872 374 915 non
392 862 515 933 possunt
533 863 698 934 quaestuare
709 853 798 915 etiam
812 871 866 932 per
879 819 1030 933 propriam
1042 853 1096 913 iic·
1216 850 1218 913 i

28 975 30 979 ν
87 937 225 1010 elesiam,
241 937 299 997 nisi
315 939 352 998 de
369 939 488 1001 licentii
505 939 675 1010 Ordinarii,
689 948 724 999 ut
739 956 776 998 ex
796 937 913 998 decreto
924 941 954 998 S.
967 940 1098 1015 Congre·
1218 946 1219 973 ¹

55 1079 59 1086 .
87 1022 225 1102 gationis.
238 1023 338 1084 Missas
358 1025 430 1087 verb
448 1043 484 1085 ex
501 1026 662 1104 questibus
675 1025 733 1084 illis
745 1023 894 1094 collectas,
911 1021 1098 1084 celebrandas
1219 1032 1220 1037 ’

87 1125 151 1167 esse
168 1109 198 1168 in
211 1108 312 1168 eadem
325 1109 449 1172 Ecclesia
460 1155 469 1183 ,
482 1128 543 1171 non
557 1109 629 1174 verb
641 1111 672 1172 in
685 1107 845 1189 parochiali
856 1107 970 1175 censuit
980 1107 1012 1166 8.
1021 1107 1099 1168 Con·

88 1192 222 1271 gregatio
235 1195 368 1254 concilii.
386 1195 431 1255 lb.
448 1213 478 1256 n.
493 1197 561 1256 152.

51 1328 56 1347 ,
132 1277 216 1337 lnter
236 1278 488 1364 confraternitates
505 1281 649 1341 laieorum
670 1280 721 1342 illa
741 1278 900 1359 praeeedit,
917 1295 984 1356 quae
1004 1284 1049 1337 est
1066 1275 1099 1360 in

88 1361 272 1436 possessione
287 1361 471 1439 praecedendi
486 1385 495 1425 a
511 1374 541 1423 et
559 1364 627 1426 erim
645 1365 719 1425 nihil
732 1367 766 1426 erl
778 1366 816 1425 de
829 1383 863 1424 re
879 1372 1009 1433 constet,
1023 1379 1100 1440 prae·
1180 1407 1182 1413 .

89 1443 197 1514 cedere
212 1444 261 1504 illa
276 1444 363 1505 debet
374 1491 382 1518 ,
395 1466 460 1525 quae
477 1447 560 1533 priris
578 1450 667 1515 saccis
681 1449 784 1510 induta
797 1456 861 1519 est,
875 1456 910 1508 ut
923 1465 960 1508 ea
974 1447 1097 1509 Constit.

88 1530 140 1591 84.
157 1529 244 1620 Grep.
257 1531 354 1592 XIII.
368 1542 490 1595 constat.
507 1536 579 1595 inst.
593 1535 667 1605 Ecel.
683 1537 749 1608 105.
765 1554 798 1595 n.
813 1536 865 1596 81.

128 1614 186 1674 Sed
197 1615 228 1674 in
245 1617 497 1696 processionibus,
513 1619 545 1679 in
564 1619 673 1698 quibus
689 1619 822 1687 defertur
834 1618 885 1690 88.
896 1615 1098 1689 Eucharistia‚

90 1699 339 1762 confraternitatis
355 1703 407 1762 88.
421 1705 624 1776 Sacramenti‚
640 1706 664 1764 si
685 1724 767 1766 sacco
787 1703 947 1779 induatur,
961 1702 1101 1783 precedit

90 1792 229 1863 caeteras,
246 1792 281 1851 ut
297 1784 428 1846 decisum
451 1788 484 1849 in
503 1789 578 1857 Rota
598 1787 951 1854 nomana.1uid.n.‚8tt.

463 1962 735 2035 CONSECRATIO.

131 2129 165 2192 Si
174 2133 299 2210 parietes
307 2132 440 2195 Ecclesie
456 2133 517 2195 sint
530 2134 690 2203 destructi,
705 2133 767 2195 eti
779 2130 981 2214 fundamentis
992 2128 1102 2195 iterum

90 2216 332 2289 reaedificentur,
352 2218 476 2279 Ecclesia
495 2216 558 2295 jam
583 2226 748 2279 consecrata
772 2214 883 2279 iterium
907 2216 1102 2277 consecranda

92 2310 137 2362 est
145 2344 155 2377 ,
174 2309 207 2361 ut
226 2318 262 2361 cx
280 2302 373 2363 Titui.
393 2308 429 2365 de
443 2304 576 2364 Conseor.
590 2300 657 2364 eccl.
670 2300 716 2363 oet
729 2298 784 2363 oft.
799 2302 920 2361 firmant
934 2301 1100 2362 canonistoe.

93 2388 169 2447 lnst.
182 2385 260 2447 Eeel.
271 2387 318 2447 67.
330 2404 361 2447 n.
373 2390 403 2450 2.
412 2388 551 2449 Officium
566 2387 638 2450 verb
649 2388 764 2450 recitari
777 2386 865 2447 debet
874 2385 911 2447 de
923 2386 1017 2466 priori
1030 2403 1099 2447 con·

92 2470 273 2548 secretione,
290 2489 352 2533 non
372 2471 409 2533 de
428 2473 566 2533 secundi.
581 2474 627 2534 lb.
642 2492 672 2533 n.
688 2474 719 2533 6.

132 2554 240 2616 Altaris
260 2559 439 2619 consecratio
461 2556 548 2637 plane
567 2559 705 2619 distincta
723 2556 799 2638 estis
819 2556 1037 2617 consecratione
1048 2555 1102 2617 lie-

96 2640 190 2703 elcsioe
199 2685 210 2719 ,
234 2648 269 2703 nt
285 2660 321 2703 ex
334 2643 498 2706 Pontifieali
516 2646 650 2707 Romano
665 2652 836 2705 annotatur.
851 2641 897 2703 lb.
913 2658 946 2704 n·
961 2642 991 2710 8.

329 2821 579 2887 consumentu
598 2822 871 2892 vomentibus,

134 2998 263 3061 Publicis
287 2998 465 3063 refractariis
489 3000 630 3066 edversris
651 3001 900 3064 constitutionem
928 2995 1103 3078 Usipeaitus

98 3082 301 3163 denegandum
324 3092 368 3145 est
383 3087 435 3146 88.
449 3087 608 3155 viaticum.
623 3085 737 3152 Publici
756 3093 855 3145 autem
873 3093 1030 3143 censentur
1051 3083 1103 3160 qui

99 3185 151 3243 per
164 3168 271 3246 judicis
291 3172 466 3233 sententiam
486 3173 624 3234 declarati
643 3178 730 3248 sunt,
753 3168 834 3249 qubd
857 3168 985 3229 debitam
1006 3166 1104 3228 eidem

99 3251 305 3323 constitutioni
326 3256 567 3331 venerationem,
579 3251 756 3335 obsequium
774 3260 805 3315 et
821 3253 1019 3315 obedientiam
1033 3269 1105 3312 con-

99 3339 254 3399 tumaciter
274 3337 493 3417 denegaverint.
509 3344 548 3403 Ut
571 3342 685 3421 parites
703 3340 748 3400 illi
770 3339 823 3417 qui
844 3336 1014 3416 hujusmodi
1034 3351 1105 3393 con·

100 3422 233 3485 tumacioe
247 3440 314 3489 reos
330 3441 361 3483 se
371 3423 465 3502 judiei
486 3426 607 3486 confessi
621 3434 691 3485 sunt
701 3445 711 3501 3
723 3425 798 3484 sicut
812 3424 899 3486 etiam
919 3424 971 3500 qui
989 3432 1104 3478 ssorum

101 3502 246 3575 viaticum
261 3512 425 3588 suscepturi
443 3509 676 3573 inobedientiam
689 3525 772 3572 suom
786 3516 816 3571 et
828 3502 1041 3568 contumaciam
1053 3498 1106 3556 ad·

27 3586 29 3661 }
102 3588 202 3652 aursus
219 3609 284 3652 eam
303 3592 544 3655 constitutionem
561 3592 751 3671 profitentur.
769 3591 905 3665 Denique
924 3584 975 3660 qui
990 3579 1105 3656 aliquid

104 3674 254 3737 euidenter
273 3676 452 3739 commisisse
472 3684 636 3739 noscuntur
652 3672 803 3738 manifeste
823 3669 991 3812 opppp7itum
1010 3662 1105 3723 eidem
