2475 3975
128 164 188 233 908
427 162 824 228 anmmordiooadorum.

166 267 215 330 29.
227 297 268 314 -
280 267 379 342 Quaer.
395 268 450 330 lll.
469 267 536 346 quis
551 267 590 327 sit
606 267 742 326 minister
761 264 893 326 ordinis?
904 263 1039 327 Minister
1051 265 1137 328 ordi·

128 355 232 416 narius
249 351 340 433 hujus
364 355 536 415 sacramenti
561 360 606 412 cst
627 351 743 413 lentim
764 353 931 430 Episcopus.
947 353 1046 412 Potest
1062 350 1138 412 verb

128 438 263 501 Pontifex
283 440 410 518 simplici
431 437 572 499 sacerdoti
597 446 771 515 potestatem
795 435 941 513 impertiri
964 435 1138 496 conterendi

128 525 248 587 ordines
272 526 424 598 minores,
448 531 539 602 prout
559 540 625 582 cam
646 521 755 583 hahent
776 521 901 582 abbates
929 520 1063 600 mitrati,
1084 519 1140 580 sed

129 610 239 673 habant
261 629 316 691 pro
333 611 394 670 suis
415 608 540 669 subditis
558 605 675 666 tantrim
698 607 881 686 regularibus
905 606 1061 685 professis,
1088 604 1139 666 vel

129 697 266 768 novitiis,
284 713 344 754 non
360 703 458 754 autem
477 692 754 772 prosecutoribus,
774 699 808 751 ut
830 691 917 752 hodie
938 699 1051 750 certum
1073 697 1137 766 est,

129 799 165 842 ex
182 782 298 842 decreto
320 781 399 838 Sacr.
421 780 640 857 dungeone,
663 777 823 856 approbato
842 777 879 836 ab
901 775 1019 837 Urbano
1047 776 1138 836 Vlll.

128 866 179 944 qui
189 864 276 943 jussit
297 865 371 924 illud
388 859 598 925 inuiolabiliter
618 862 768 924 obseruari
775 907 785 939 ,
803 861 958 942 reprobate
974 859 1059 922 omni
1069 877 1140 920 con·

129 953 224 1011 trarid
235 948 372 1031 opinione
381 949 428 1030 (l.
437 951 467 1010 6.
477 968 510 1009 at.
519 949 575 1008 763
584 956 613 1008 et
621 949 689 1008 tot.
698 954 726 1008 et
737 949 834 1008 Truet.
842 945 876 1008 de
884 943 990 1007 Priori.
1000 965 1031 1006 aa.
1043 945 1139 1021 ll7.l.

129 1035 287 1097 Seculares
308 1042 408 1097 autem
425 1034 462 1094 ab
480 1034 642 1094 abbatibus
661 1033 807 1103 ordinati,
826 1033 850 1092 si
869 1032 927 1092 sint
946 1032 988 1092 eis
1006 1029 1139 1106 subditi,

129 1121 177 1183 vel
200 1121 328 1183 habeant
350 1120 558 1181 dimissoriales
583 1120 697 1178 litteras
717 1117 734 1178 b
759 1117 887 1196 propriis
912 1116 1078 1176 Ordinariis
1100 1113 1138 1174 ad

131 1210 227 1288 ipsos,
250 1205 353 1268 illicite
376 1204 496 1284 quidem
520 1203 716 1273 ordinantur,
742 1213 772 1262 et
792 1203 1014 1280 suspensionem
1038 1202 1142 1262 incur-

130 1304 222 1370 runt,
237 1291 287 1353 sed
304 1289 400 1352 aalide
420 1289 613 1366 ordinantur,
629 1294 664 1348 ut
681 1287 839 1349 declaravit
850 1288 930 1348 Saea.
946 1289 1053 1365 congr.
1067 1284 1141 1352 Vide

131 1378 211 1440 dieto
226 1375 287 1438 eod.
307 1377 405 1438 Treet.
424 1371 447 1434 l.
461 1393 486 1436 e.

169 1460 450 1536 50.-Quaer.1v.
465 1460 593 1533 Quinam
611 1459 671 1520 sint
685 1457 805 1520 ellectus
820 1457 955 1519 ordinis?
970 1466 1038 1519 sunt
1054 1467 1138 1520 trest

131 1550 161 1608 l.
172 1547 294 1607 collatio
306 1547 409 1622 gratim
418 1543 633 1622 sanctificantis
643 1543 769 1613 ,scilicet
779 1561 845 1618 quae
854 1544 1003 1604 confertur
1011 1543 1043 1604 in
1056 1545 1139 1606 omni

130 1638 314 1692 sacramento
324 1672 333 1699 ,
343 1636 378 1687 ut
390 1627 518 1687 diximus
527 1645 559 1685 ra.
568 1629 616 1686 22.
629 1636 658 1685 et
667 1627 767 1703 gratiae
776 1624 1018 1701 oppresseramus,
1032 1645 1140 1706 nempe

131 1713 263 1794 specialis
284 1711 386 1772 auxilii
411 1709 447 1771 ad
474 1709 609 1769 ordinem
636 1709 711 1770 bend
737 1711 944 1772 exercendum.
966 1714 1139 1775 heortasio

131 1798 285 1879 potestatis
301 1795 455 1858 exercendi
467 1795 635 1856 lunationes
648 1793 778 1872 ordinis,
792 1795 842 1872 qui
856 1797 1024 1875 suscipitur.
1037 1800 1067 1858 5.
1080 1802 1140 1860 lm·

131 1883 244 1964 pressio
269 1882 445 1944 characteris
461 1879 646 1956 indelebilis,
669 1879 708 1942 ob
730 1879 812 1959 quod
829 1882 940 1942 nullius
954 1880 1066 1944 ordinis
1080 1883 1140 1944 col-

131 1969 204 2032 latio
221 1971 321 2032 iterari
336 1976 444 2048 potest.

171 2058 221 2118 ttl.
234 2090 273 2102 -
286 2057 384 2129 Quoer.
399 2054 437 2114 V.
453 2071 518 2131 quoe
530 2051 740 2131 requirantur,
757 2059 791 2111 ut
805 2052 872 2129 quis
888 2051 1001 2125 aalide,
1018 2064 1049 2116 et
1061 2056 1140 2119 licitd

132 2142 311 2204 ordinetur?
332 2140 372 2199 tte
390 2136 487 2198 aalide
506 2137 680 2209 ordinetur,
697 2136 860 2213 requiritur
879 2136 904 2196 l.
918 2137 957 2198 Ut
975 2140 1014 2199 sit
1033 2143 1139 2203 viator.

133 2230 173 2289 ΙΙ.
193 2230 233 2289 ttt
251 2227 290 2287 sit
307 2244 388 2303 mas3
407 2224 536 2284 imminue
557 2223 638 2283 enim
657 2240 717 2283 non
738 2230 809 2281 sunt
829 2239 946 2301 capaces
966 2228 1140 2289 sacramenti

132 2311 256 2373 ordinis.
270 2312 325 2372 lll.
341 2312 379 2370 tlt
392 2310 432 2369 sit
448 2308 623 2386 baptizatus.
636 2309 688 2367 lV.
704 2307 743 2367 lit
755 2304 861 2367 habeat
876 2307 1071 2370 intentionem
1082 2312 1142 2374 sal·

131 2405 193 2457 tem
207 2394 387 2453 habitualem
401 2391 495 2468 (juxta
509 2392 587 2451 dieta
602 2410 636 2451 aa.
651 2390 695 2470 9.)
709 2391 887 2470 suscipiendi
902 2391 1048 2454 ordinem.

170 2480 220 2538 52.
237 2476 329 2535 -Ut
350 2482 449 2534 autem
467 2472 546 2534 licite
564 2475 731 2549 ordinetur,
746 2477 911 2552 requiritur
923 2480 947 2537 l.
962 2488 996 2539 ut
1013 2479 1054 2539 sit
1071 2496 1142 2542 con·

131 2562 269 2646 fimatur
287 2582 299 2619 .·
319 2558 369 2619 sed
391 2556 448 2618 hoc
469 2575 530 2618 non
551 2558 606 2618 sub
628 2569 774 2638 praecepto
798 2562 900 2636 gravi,
924 2570 959 2625 ut
979 2563 1043 2626 vult
1060 2582 1141 2624 com-

133 2648 233 2713 munis
250 2644 395 2706 sententia
413 2640 448 2724 ll.
461 2644 490 2703 6.
505 2662 537 2703 aa.
551 2643 645 2721 786).
658 2644 761 2717 Quoad
781 2645 990 2725 obligationem
1003 2646 1074 2708 verb
1089 2670 1142 2711 cu·

131 2735 239 2817 jusque
257 2732 355 2793 tidelis
372 2728 548 2809 suscipiendi
572 2729 849 2803 confirmationem,
866 2732 933 2793 vida
951 2734 1027 2793 dicta
1042 2731 1093 2796 lib.
1108 2740 1140 2801 li.

133 2842 165 2883 aa.
179 2820 247 2882 l8l.
265 2818 303 2876 ll.
320 2817 360 2875 Ut
380 2815 497 2875 nonsit
518 2811 705 2893 neophytus,
725 2825 777 2875 aut
799 2816 938 2887 inlamls,
957 2826 1009 2877 aut
1026 2817 1142 2898 irregu-

134 2907 214 2968 laris.
228 2900 389 2963 Dubitatur
401 2897 470 2972 hie,
484 2918 522 2959 an
540 2899 646 2978 aliquis
663 2899 876 2977 irregularitate
893 2898 1026 2960 irretitus
1045 2904 1142 2968 validd
1231 2912 1235 2918 ’

134 2991 309 3057 ordinetur,
335 2983 360 3044 si
384 2982 546 3061 Episcopus
566 2986 805 3062 protestationem
824 2983 983 3059 praemitlat
1004 2984 1049 3066 (ut
1069 3004 1142 3052 con.

133 3085 250 3135 suetum
268 3068 322 3151 est)
334 3069 413 3129 nolle
424 3069 561 3130 ordinare
572 3066 1141 3142 irregulares,excommunicatos,eto.l

135 3156 327 3235 despondeo,
348 3156 380 3214 in
403 3151 493 3214 dubio
515 3154 673 3232 (quidquid
695 3152 745 3213 alii
768 3150 878 3230 dicant)
895 3152 1017 3215 omnino
1040 3155 1141 3221 dieen-

135 3242 225 3310 dum,
245 3239 325 3315 qudd
340 3237 488 3300 ordinatio
507 3238 667 3317 repetenda
688 3246 749 3314 est;
763 3238 820 3299 nisi
841 3244 953 3299 constet
967 3240 1140 3321 Episcopum

135 3319 225 3381 rerba
245 3320 296 3378 illa
319 3323 475 3397 protulisse
497 3321 614 3383 tantiam
636 3322 674 3382 ad
697 3331 860 3394 terrorem,
886 3340 919 3381 ac
937 3340 1021 3385 suam
1044 3327 1140 3389 inten-

135 3404 246 3461 tionem
261 3404 462 3477 protestationi
474 3404 597 3465 minime
611 3405 743 3481 alligasse
756 3402 788 3481 (l.
802 3406 831 3466 6.
844 3424 876 3466 a.
888 3405 982 3485 wa).
995 3408 1139 3473 caeteruin

134 3485 281 3558 sapienter
300 3493 401 3541 monet
418 3486 527 3547 Bened.
543 3490 594 3549 Xl
599 3490 635 3548 V.
655 3486 690 3548 da
704 3489 787 3549 Sacc.
806 3490 894 3551 Mica.
909 3500 976 3553 seat.
993 3496 1023 3554 2.
1043 3494 1068 3575 S.
1090 3498 1137 3556 70.

134 3576 171 3616 cx
190 3563 306 3620 decreto
326 3560 405 3621 Saar.
423 3568 567 3645 congreg.
588 3572 700 3632 concil.
724 3589 814 3651 super
840 3572 872 3633 id
896 3574 1137 3656 interrogandum
