2475 3975
247 190 275 273 ς.
292 192 330 251 ll.
343 190 388 249 De
402 189 534 249 oratione
548 184 803 271 contemplationis
815 234 824 262 ,
837 197 890 251 ete.
1028 194 1086 254 lli

88 312 167 373 orgo,
181 298 215 352 ut
236 290 305 351 forti
324 288 424 350 animo
445 290 501 362 sit,
517 296 546 350 et
562 289 691 349 viriliter
707 298 838 368 expectet
863 308 911 351 res
931 292 1084 371 magnosd

86 382 157 449 Deo,
173 377 244 438 dum
261 392 326 451 eam
345 393 399 454 per
414 374 555 435 tutiorem
573 375 652 434 riam
667 373 804 446 deducit,
818 374 930 436 scilicet
940 393 994 454 per
1005 377 1084 436 viam

21 474 22 489 ¹
87 464 191 533 crucis,
205 469 324 523 moneat
343 461 450 535 etiam,
462 467 496 519 ut
512 458 611 539 primd
629 457 767 520 humiliet
786 479 817 521 se
835 460 939 540 utpotd
964 461 1084 540 dignam

22 555 23 583 l
85 550 118 608 ita
137 546 153 607 ὲ
176 548 238 608 Deo
258 544 379 619 tractari
398 546 436 604 ob
455 552 595 605 anteactae
614 544 683 604 vitae
708 543 859 605 delectus:
874 545 1026 618 seeundo,
1050 554 1084 604 ut

21 652 22 709 s
86 632 183 694 divinae
192 631 338 693 voluntati
351 648 382 689 se
394 636 486 689 totam
500 630 646 705 resignet,
659 630 873 709 paratissimam
884 648 915 691 se
926 630 1085 709 prehendo

21 736 25 763 t
85 718 114 778 ad
133 737 165 779 ea
185 717 285 793 omnia
308 713 500 794 perferenda,
515 712 576 774 imd
599 722 629 773 et
645 712 756 791 majora
775 731 831 794 pro
852 714 1085 801 omnitempore

22 853 25 874 ,
84 804 156 880 quod
177 804 241 863 Deo
265 800 409 880 placuerit
431 820 440 856 a
468 796 557 859 tortio
575 797 713 876 projiciat
727 816 758 858 se
776 807 917 879 tanquam
933 810 1083 877 mortuam

84 889 109 946 iu
127 886 245 948 brachia
270 886 380 945 divinae
406 882 636 953 misericordie,
662 891 692 941 et
717 884 884 944 committat
908 885 1082 964 protectioni

83 970 173 1047 itariae
184 973 236 1032 SS.
246 988 312 1049 quae
323 974 418 1029 mater
433 966 662 1041 misericordiae,
676 974 706 1025 et
715 965 893 1027 afflictorum
907 969 1083 1029 consolatrix

22 1054 23 1107 ἱ
81 1053 139 1141 jure
155 1054 334 1149 appellatur.

23 1164 24 1177 ³
114 1166 179 1237 itt,
195 1163 325 1231 Ariditas
341 1159 443 1235 sensis
464 1158 606 1239 perdurat
625 1176 798 1239 quousque,
810 1158 975 1239 purificatis
991 1160 1085 1221 seusi-

22 1293 26 1317 ,
82 1248 129 1309 bus
139 1294 147 1323 ,
159 1249 260 1309 aminea
277 1254 345 1326 apta
359 1245 396 1305 ad
416 1244 693 1325 contemplationem
705 1244 857 1305 reddatur.
871 1245 1001 1306 Ariditas
1012 1242 1084 1307 verd

23 1324 27 1419 ᾗ
82 1333 195 1411 spiritis
221 1332 310 1392 durat
333 1348 487 1409 quousque
515 1328 658 1393 reddatur
687 1347 777 1408 capax
802 1329 912 1389 divinae
938 1331 1081 1390 unionis:

23 1422 24 1445 ¹
82 1422 209 1495 quamvis
222 1415 380 1495 aliquando
398 1415 486 1479 etiam
508 1422 574 1493 post
594 1414 736 1472 unionem
755 1414 908 1492 permittat
919 1416 1082 1489 Dominus,

23 1490 24 1569 3
81 1511 110 1561 ut
128 1505 226 1571 anima
247 1499 356 1561 iterim
373 1500 475 1559 redeat
493 1499 529 1560 ad
547 1496 624 1557 hanc
643 1497 831 1568 ariditatem,
846 1517 879 1559 ea
896 1497 1083 1578 potissimum

81 1587 113 1648 de
124 1608 208 1649 causa
221 1632 230 1663 ,
244 1604 281 1647 ne
296 1586 394 1645 anima
411 1585 537 1664 seipsam
555 1584 703 1664 negligat,
720 1594 751 1645 et
768 1594 804 1645 ut
821 1584 984 1647 identidem
995 1602 1084 1650 suurn

23 1705 28 1812 q
81 1673 203 1734 uihilum
222 1678 370 1750 agnoscat.

23 1826 27 1853 ,
114 1783 179 1847 tta.
193 1779 345 1857 Completa
365 1796 435 1856 ergo
458 1780 633 1857 purgatione
654 1779 779 1852 sensis,
797 1790 829 1841 et
844 1782 881 1842 ad
900 1782 993 1843 finem
1015 1798 1084 1861 par-

81 1865 160 1931 duetd
182 1864 320 1936 ariditate
336 1864 485 1937 sensibili,
507 1866 593 1943 ponit
615 1867 693 1924 Deus
714 1864 845 1925 animam
864 1866 896 1926 in
917 1875 995 1927 statu
1012 1884 1084 1926 con·

24 1940 25 2007 l
82 1949 288 2032 temptationis.
301 1948 518 2027 Contemplatio
538 1949 585 2010 vel
604 1958 649 2010 est
662 1948 916 2024 affirmativam}
935 1950 1082 2030 negativa.

24 2030 25 2068 ³
81 2033 268 2114 Afficmqtiao
290 2043 334 2101 est
352 2034 472 2111 quaudo
491 2036 589 2096 anima
611 2035 756 2096 beneficio
779 2037 854 2096 lucis
872 2036 999 2106 divinae,
1021 2034 1084 2093 sine

25 2153 26 2198 1
82 2121 134 2180 ulla
151 2139 204 2181 sua
225 2137 314 2196 opera
333 2119 429 2190 cernit
449 2120 576 2197 aliquam
605 2121 785 2190 veritatem,
809 2129 862 2179 aut
880 2128 1029 2191 creatam,
1050 2122 1085 2178 ut

81 2215 148 2268 esset
167 2204 323 2266 infelicitas
339 2203 466 2279 inferni,
487 2204 610 2264 felicitas
623 2203 750 2282 paradisi
765 2212 836 2275 eta,
850 2210 901 2263 aut
912 2203 1082 2276 increatam,

25 2355 26 2360 η
81 2300 109 2359 pt
120 2290 252 2362 divinam
269 2288 504 2349 misericordiam
516 2331 524 2360 ,
543 2305 694 2359 amorem,
708 2289 893 2366 potentiam,
907 2288 1082 2350 bonitatem.

24 2442 25 2452 χ
80 2375 221 2457 Nepotioo
246 2382 293 2442 ost
315 2373 434 2450 quando
450 2373 596 2452 dignoscit
616 2372 810 2451 perfectiones
833 2373 949 2434 divinas
968 2392 1029 2434 nou
1049 2374 1082 2435 in

24 2456 25 2520 ³
80 2460 267 2537 particulari,
288 2457 339 2518 scd
356 2459 387 2517 iu
401 2476 508 2536 genere
527 2476 596 2526 cum
614 2459 734 2518 confusa
752 2458 879 2536 quadam
897 2461 1019 2538 notitia,
1031 2462 1083 2522 sed

82 2563 143 2622 qum
158 2545 269 2623 ingerit
281 2549 457 2620 conceptum
470 2541 558 2620 lange
574 2543 717 2620 majorem
732 2543 946 2620 magnitudinis
957 2543 1085 2622 divinae,

22 2675 23 2692 t
81 2639 107 2689 ct
119 2631 158 2690 ita
173 2629 263 2692 etiam
283 2627 314 2686 in
336 2626 456 2693 corifuso
470 2629 601 2704 agnoscit
619 2628 750 2703 aliquam
762 2629 918 2686 veritatem
933 2637 1082 2698 creatam,

23 2761 24 2777 t
81 2723 111 2774 ut
128 2713 353 2776 horribilitatem
368 2712 477 2782 inferni
491 2723 547 2774 etc.
562 2711 621 2776 Sed
638 2719 822 2772 transeamus
836 2711 873 2772 ad
889 2713 1002 2792 primos
1019 2731 1085 2773 con·

22 2810 23 2844 t
80 2798 275 2879 templationis
289 2797 414 2876 gradus:
430 2795 463 2862 hi
478 2807 567 2872 suut,
585 2797 754 2862 recollectio
763 2798 889 2860 interior
901 2797 1043 2877 spiritis,
1054 2805 1085 2858 et

22 2957 23 2970 χ
81 2884 173 2960 quies:
189 2884 228 2946 de
241 2882 354 2944 unione
369 2883 527 2960 loquemur
541 2881 617 2961 pdst.

21 2985 22 2996 ³
116 2993 182 3052 155.
197 2990 316 3052 Primus
342 2990 435 3070 igitur
456 2991 564 3070 gradus
585 2993 841 3073 contemplationis
863 2999 907 3052 est
927 2990 1084 3056 recollectio

82 3070 324 3156 supernaturalis.
335 3075 379 3134 De
386 3077 512 3135 naturali
518 3077 579 3154 jam
591 3078 719 3138 diximus
729 3077 815 3156 supra
826 3078 1084 3166 numquamne

20 3201 21 3212 ,
82 3158 335 3239 trabatur,quando
345 3161 595 3239 animaepotentiae
605 3165 784 3242 colliguntur
793 3162 830 3222 ad
840 3163 1084 3227 considerandum

20 3281 22 3328 3
83 3246 172 3304 Deum
181 3243 790 3324 intrase3etdieiturnoturalis‚nonquia
800 3247 940 3309 animaex
949 3269 981 3311 se
991 3253 1085 3311 valeat

20 3373 22 3412 Ξ
83 3330 160 3389 illam
176 3333 293 3410 operari
305 3350 314 3408 3
328 3331 425 3390 omnis
437 3333 517 3392 enim
531 3333 606 3393 actio
626 3334 745 3393 virtutis
760 3377 768 3403 ‚
783 3342 817 3392 ut
830 3337 920 3413 possit
939 3346 1085 3398 aeternum

83 3413 1086 3497 praemiumpromereri‚indigetauxiliogratiae3undegenoratimlo-

20 3557 21 3564 ,
85 3499 196 3572 quaudo
212 3507 257 3558 cst
272 3499 361 3560 etiam
374 3502 606 3576 supernaturalis
623 3521 632 3576 3
648 3500 699 3558 scd
714 3498 865 3560 notterolis
881 3503 1006 3571 dicitur,
1019 3502 1086 3577 quia

20 3573 22 3592 ³
86 3581 177 3644 anima
195 3592 267 3643 tunc
285 3591 330 3642 est
348 3584 382 3644 iu
394 3594 471 3644 statu
489 3585 583 3644 activo
599 3629 607 3658 ,
625 3592 655 3643 et
668 3583 809 3645 beneficio
820 3584 922 3721 graqiae
934 3583 1089 3643 ordinariae

889 3668 930 3722 0..
