2475 3975
343 134 393 194 Ec
406 131 541 212 operibus
552 129 706 192 Benedicti
715 132 765 192 XI
771 133 806 193 V.
1022 138 1079 198 525

71 238 169 315 digent
180 243 313 308 ,tenetur
321 235 402 294 illam
415 233 555 292 resarcire
566 232 674 292 fabrico
688 233 712 292 si
720 233 814 303 odsit,
826 234 871 293 sin
884 235 984 297 minius
996 247 1079 300 teuc·

70 330 123 382 tur
137 319 280 400 parochus
294 337 354 380 non
367 318 489 398 quidem
502 318 647 378 reditibus
662 319 722 378 suis
740 319 1014 396 patrimonialibus,
1026 326 1078 385 scd

71 424 108 466 ex
126 405 270 466 reditibus
286 404 441 477 beneficii,
455 403 479 464 si
499 403 536 462 ed
558 421 642 462 suem
655 403 899 464 sustentationem
912 409 1078 484 supersint3

70 488 250 568 utrumquem
272 507 332 550 non
348 489 498 566 supersint
518 487 555 548 sd
575 489 818 549 sustentationem
842 489 1079 567 propinquorum

69 574 202 652 ejusdem
226 573 358 652 parochi.
382 574 484 634 Tertio
503 573 568 634 loco
593 573 645 650 qui
667 571 777 632 babent
797 571 974 635 beneficium
989 575 1080 636 eoele-

70 660 218 720 siesticum
238 659 270 718 in
290 657 341 718 illel
360 657 495 718 Ecclesid.
511 659 624 731 Quarto
643 657 707 718 loeo
726 658 750 716 si
767 659 892 736 paroecia
904 668 948 719 est
961 659 999 720 de
1010 659 1080 737 jure

68 741 260 824 potronatus,
278 749 395 802 tenetur
424 751 565 821 petronus
584 743 646 802 suis
666 742 834 818 sumptibus
860 741 892 802 id
907 761 1013 822 ogere,
1039 746 1079 805 itu

69 831 190 897 temen,
215 834 248 885 ut
267 827 290 886 si
311 827 387 886 inire
405 826 561 905 prefixum
579 826 617 885 ob
640 824 782 903 Episcopo
804 833 921 903 tempus
948 830 1080 890 noluerit

69 921 207 990 sumptus
232 911 299 971 illos
319 911 565 983 subministrare,
588 910 706 970 omittet
720 907 771 986 jus
795 913 967 988 potronottis
991 915 1078 974 illud.

70 997 207 1074 Denique
219 994 326 1056 ultimo
342 994 407 1057 loco
422 1002 542 1055 tenetur
560 995 708 1072 populus,
729 995 826 1072 etqui
847 994 880 1052 in
899 996 933 1054 cd
954 999 1081 1075 poroecid

69 1082 205 1142 habitent
217 1125 225 1150 ,
239 1080 353 1141 etiamsi
371 1078 537 1140 conducent
552 1079 656 1140 domos
676 1078 804 1150 ulienns,
819 1086 850 1138 et
864 1076 1002 1140 dominus
1015 1081 1080 1139 illo-

69 1166 222 1229 rumolibi
236 1163 366 1240 liabitet3
378 1172 501 1244 possunt
520 1173 619 1232 temen
638 1165 671 1224 in
687 1181 722 1224 eo
742 1181 810 1222 eosu
834 1166 1080 1242 expensionibus

68 1253 195 1314 retentis
210 1268 241 1309 se
253 1249 406 1310 indemnes
417 1248 552 1310 reddere.
565 1251 608 1310 lte
623 1267 660 1308 ex
670 1247 845 1310 Cononistis.
860 1249 958 1310 Instit.
971 1251 1078 1312 Eccles.

68 1339 140 1397 100.
151 1354 204 1413 per
219 1343 322 1414 tutem.
360 1378 361 1382 ,

111 1422 234 1481 Ecclesia
248 1419 394 1499 polluitur
412 1437 467 1500 per
477 1418 676 1480 homicidium
694 1419 896 1481 voluntarium
907 1465 916 1494 ,
929 1441 955 1482 c.
968 1425 1080 1505 Propo·

69 1507 175 1581 suisti,
196 1503 231 1569 de
248 1521 328 1566 coos.
348 1503 427 1566 Eeel.
442 1505 471 1565 Si
486 1506 520 1566 in
537 1505 570 1564 et
591 1523 696 1583 mngno
717 1504 762 1564 ris
782 1502 905 1566 humaui
930 1511 1081 1587 sanguinis

69 1590 249 1652 effundatur.
262 1591 332 1648 Con.
345 1587 483 1652 Ecclesic's
491 1635 501 1667 ,
517 1587 551 1650 de
569 1607 648 1650 coes.
664 1589 735 1650 dict.
747 1590 776 1649 1.
789 1589 820 1648 Si
831 1591 935 1669 sponte
946 1594 1080 1654 ellundo·

69 1689 122 1739 tur
138 1693 237 1735 semen
259 1673 444 1748 humanum,
468 1677 528 1736 sice
547 1673 652 1754 effusio
669 1677 710 1736 sit
730 1674 890 1736 monadem
916 1686 1077 1752 notorum,

69 1760 273 1828 sivecoetra,
287 1757 346 1819 sice
365 1776 418 1837 per
436 1757 574 1838 copulatu
588 1755 665 1818 alies
683 1755 815 1829 licitam,
837 1759 899 1818 siue
918 1779 972 1840 per
991 1760 1080 1822 illici·

71 1857 154 1921 teet3
169 1864 206 1906 ee
222 1841 319 1904 eodem
338 1850 441 1916 teste,
458 1853 486 1902 et
503 1861 571 1922 cop.
584 1841 619 1904 Si
630 1837 777 1912 Ecclesia,
788 1840 824 1902 de
842 1859 967 1909 consecr.
982 1845 1077 1906 eccles.

69 1934 102 1993 Si
113 1929 383 1993 excommunicatus
392 1926 530 1989 vitandus
544 1927 575 1986 in
593 1927 628 1988 ed
644 1925 825 2005 sepeliatur,
842 1944 870 1983 c.
886 1925 1080 2001 decrementi,

68 2016 106 2078 de
115 2033 193 2077 coece.
211 2010 278 2075 eccl.
293 2016 366 2077 ltcm
378 2014 402 2073 si
420 2014 461 2075 ibi
476 2014 635 2093 sepelietur
648 2012 804 2083 ethnicus,
820 2028 886 2071 con.
901 2010 1079 2089 Ecclesiaste,

27 2126 31 2133 ¹
68 2099 105 2161 de
119 2118 245 2161 celestes.
259 2098 328 2160 dise.
344 2100 374 2159 1.
392 2100 435 2159 De
449 2098 596 2160 Sacrificio
611 2099 706 2158 blissoe
719 2095 742 2155 l.
756 2096 786 2154 5.
801 2114 828 2155 c.
842 2096 873 2157 7.
888 2113 920 2155 n.
931 2097 962 2155 1.
1124 2092 1127 2096 ’

474 2265 683 2331 EPlSCOPUS.
702 2319 706 2325 .

110 2440 244 2521 Episcopi
262 2439 441 2501 consecratio
458 2438 496 2499 eb
513 2456 632 2511 unone,
648 2438 696 2499 sel
718 2439 844 2501 btribus
862 2440 930 2503 lieri
950 2460 1081 2505 neeesse·

71 2527 120 2590 rib
133 2526 236 2587 deboc
249 2570 257 2598 ,
268 2534 302 2585 ut
319 2525 431 2601 voleat,
448 2524 629 2603 quemquem
638 2525 677 2585 sit
690 2528 813 2602 questio
827 2528 905 2586 inter
917 2527 1079 2607 theologos.

70 2614 141 2677 crim
152 2622 251 2674 temen
257 2611 412 2674 Pontifices
420 2612 665 2671 consueverintin
676 2611 749 2670 loeis
762 2654 770 2681 ,
782 2611 833 2671 ubi
844 2609 953 2671 desunt
964 2614 1082 2691 Episco-

71 2702 102 2780 pi
111 2745 119 2771 ,
128 2698 207 2759 utub
220 2714 281 2756 uno
292 2694 408 2756 tantdm
422 2695 565 2773 Episcopo
580 2689 760 2755 consecratio
773 2696 828 2754 ists
837 2694 903 2771 liet,
914 2696 1081 2759 soculmtem

71 2783 250 2857 concedere,
263 2779 333 2843 hinc
341 2779 460 2840 ridetur
470 2778 652 2858 probabilior
660 2781 804 2841 sententio
816 2798 947 2842 asserens
959 2784 1082 2843 unicum

24 2944 25 2947 Ἴ
72 2870 249 2948 Episcopum
269 2864 413 2925 sufficere.
438 2864 540 2925 Solent
558 2874 659 2925 temen
675 2865 829 2927 Pontifices
847 2867 1026 2945 precipere,
1047 2878 1081 2928 ut

24 3010 25 3019 ξ
72 2954 216 3032 Episcopo
230 2949 409 3035 consecranti
418 2946 617 3029 adjungentur
627 2950 687 3011 duo
703 2950 847 3019 Abbates,
860 2951 907 3010 vel
921 2952 980 3010 duo
993 2969 1082 3011 secer·

73 3039 157 3099 dotes
177 3038 208 3096 in
234 3032 377 3114 dignitate
392 3034 583 3095 ecclesiastice
598 3035 762 3095 constituti.
779 3038 821 3095 lto
835 3034 972 3113 pluribus
984 3036 1080 3096 allatis

73 3122 226 3200 exemplis.
238 3122 281 3181 De
291 3120 410 3195 Synodo
423 3119 601 3189 dioecesana,
616 3119 671 3179 lib.
687 3121 736 3179 15.
756 3138 821 3199 cop.
833 3121 882 3181 15.
897 3124 981 3181 uum.
993 3122 1022 3181 t.
1037 3123 1080 3181 lbi

73 3208 186 3285 puriter
198 3205 368 3267 decernitur
379 3204 476 3264 valere
492 3206 741 3265 consecrationem
757 3205 890 3282 Episcopi
901 3204 939 3264 sb
949 3222 1009 3265 uno
1020 3206 1081 3265 llu-

73 3292 181 3363 tistite,
197 3308 258 3349 uno
275 3287 391 3349 tuntum
404 3286 517 3365 adjecto
532 3290 725 3366 presbytero,
743 3289 922 3364 conlectam,
937 3291 1010 3366 quin
1027 3288 1080 3346 etsi

74 3375 174 3435 nullus
201 3375 275 3433 elius
303 3382 410 3451 praetcr
435 3383 656 3433 consecrantem
681 3373 803 3433 assistet
825 3376 869 3433 De
893 3375 965 3451 Syn.
986 3371 1081 3429 Dioec.

74 3460 96 3519 l.
114 3461 163 3520 15.
178 3480 205 3519 c.
219 3461 266 3519 15.
280 3478 311 3518 n.
327 3461 356 3518 9.
898 3490 901 3499 ·

113 3544 265 3604 Pectioucs
280 3540 388 3603 iuitaed
404 3540 538 3619 Cupitulo
558 3542 701 3613 electore,
720 3539 864 3617 etjurutce
881 3539 919 3597 sb
932 3534 1081 3612 Episcopis

117 3632 201 3691 Tem.
216 3630 275 3689 IX.
863 3624 901 3681 28
