2475 3975
275 169 302 253 5.
319 168 371 232 IV.
385 170 430 231 De
444 166 613 253 frequentia
626 177 888 234 cruentatorum.
1026 176 1085 239 lte

12 282 13 317 ³
81 274 266 340 communior
282 271 382 343 tenet,
406 272 539 351 recipere
563 270 776 333 Eucharistiam
793 290 862 333 cum
881 277 998 352 peccate
1023 276 1081 337 levi

81 360 270 433 actuali,aut
291 374 360 417 cum
381 354 488 416 aiiectn
503 354 541 415 ad
558 357 676 434 ipsum,
695 374 803 419 nevam
824 358 1015 437 esseculpam
1034 378 1083 419 ra·

12 490 13 509 2
79 446 159 507 tiene
169 441 444 517 irreverentiaequae
455 441 604 519 irrogatur
613 442 813 503 Sacramenta.
821 443 947 516 Quidam
955 442 1083 505 aderunt

80 530 234 588 Decretum
257 525 290 586 S.
309 522 445 585 decenti
459 523 587 603 (comet.
609 528 693 586 licen
708 522 745 587 de
756 526 888 587 Sacrum.
906 526 1078 589 delectet.

78 630 106 693 p.
117 616 147 675 il.
163 629 197 672 e.
210 608 283 688 bb),
296 610 327 669 in
340 627 400 687 quo
423 607 571 670 babetur:
587 612 713 671 Peracto
725 614 940 673 mncecretione
955 655 964 683 ‚
983 629 1083 673 omnm

79 693 385 773 commentumque·
403 692 552 755 noluerint
570 692 768 757 aecensus
785 698 886 757 cerem
906 694 1081 775 liminibue3

78 782 117 841 sie
128 780 209 841 enim
225 786 254 839 et
274 774 407 857 Apostoli
418 780 837 853 concentusconcentus
849 788 927 841 tenet
938 778 1080 842 Eceten'e.

78 865 131 925 Sed
153 864 293 943 inprimis
311 872 436 939 negnm
456 859 473 922 a
496 865 533 921 Ρ.
553 864 689 935 Saurea,
709 870 740 923 ct
764 866 830 925 aliis
842 864 924 943 quod
948 884 1080 945 onmem

12 1002 13 1005 ,
77 951 163 1011 luerit
176 950 236 1009 tale
250 948 460 1026 Apostolorum
468 954 661 1027 praeceptum.
674 948 809 1009 Secunde
818 950 977 1011 Decretum
989 952 1079 1025 istud,

12 1062 13 1087 1
76 1042 109 1093 ut
124 1034 226 1095 Glossa
249 1032 359 1093 ibidem
377 1040 516 1104 testatur,
532 1040 560 1092 ct
579 1030 776 1093 Catecbismus
787 1031 1034 1111 Romanus(1bid.
1049 1052 1081 1093 n.

12 1146 13 1151 ¹
77 1118 222 1197 60.)‚nen
237 1116 385 1195 obligabat
406 1133 509 1177 omncs
529 1116 652 1189 fideles,
666 1117 717 1177 sed
739 1115 856 1177 mntem
874 1118 1084 1177 ministresas·

77 1204 209 1265 sistentes
220 1197 318 1263 alteri.¹
340 1202 377 1262 Et
398 1201 519 1263 tandem
537 1203 637 1280 posite
657 1202 739 1279 quod
759 1204 919 1263 Decretum
940 1202 1085 1283 obligaret

79 1306 197 1362 omnes,
210 1294 324 1349 certum
347 1294 392 1347 cst
406 1284 513 1358 ,bodie
532 1288 564 1347 in
583 1286 810 1348 desuetudinem
819 1287 935 1348 abiisse.

112 1376 185 1435 ibt).
209 1374 232 1433 E
253 1368 401 1433 contrarie
421 1377 522 1431 errant
540 1370 619 1431 certe
637 1372 759 1449 quidam
780 1372 830 1431 alii
853 1371 1034 1447 directores,
1053 1383 1084 1435 et

77 1458 204 1519 multem
226 1474 257 1517 se
277 1452 454 1533 elongaret
474 1456 580 1534 spiritu
603 1455 757 1533 Ecclesiae,
779 1455 852 1517 dum
871 1457 936 1523 sine
956 1457 1018 1518 ullo
1035 1477 1084 1520 rc·

76 1552 174 1621 spectu
201 1542 239 1603 ad
260 1541 436 1621 exigentiam
462 1548 514 1601 aut
545 1558 731 1620 progressum
753 1542 943 1615 animarum,
975 1552 1085 1623 negant

76 1624 333 1687 indiscriminatim
346 1625 585 1687 communionem
600 1626 807 1704 frequentem,
822 1627 951 1687 nonulli
968 1630 1085 1689 ratione

76 1708 1084 1791 ducti,quamquiasrequensestdpsecatccbismueltemanuslibid.)

12 1830 13 1835 κ
75 1794 221 1871 explicans
241 1792 419 1854 desiderium
439 1794 469 1853 S.
493 1792 616 1854 concilii
640 1794 829 1865 Tridentini,
854 1805 889 1855 nt
912 1814 1015 1855 omnes
1035 1814 1082 1856 sa-

76 1878 185 1939 crificio
206 1879 302 1939 missae
329 1876 475 1937 adstantes
497 1878 741 1949 communicent,
765 1877 850 1938 decet
870 1896 932 1938 csse
951 1880 1082 1941 efficium

75 1960 195 2038 parochi
212 1960 314 2024 sedule
331 1960 445 2022 bertari
466 1960 568 2022 fideles
589 1960 628 2021 ad
646 1962 888 2023 communionem
910 1980 970 2024 noe
993 1962 1084 2026 modo

12 2083 13 2090 κ
73 2045 281 2125 frequentem,
306 2047 358 2108 sed
380 2047 469 2110 etiem
490 2046 716 2125 quotidianam,
740 2064 810 2106 cum
830 2047 1009 2125 obligatione
1036 2049 1084 2106 in-

76 2129 213 2192 struendi
230 2131 317 2202 illos,
337 2130 418 2206 qued
442 2132 519 2190 sicut
543 2147 670 2207 corpus,
687 2131 730 2190 ita
744 2137 776 2192 et
788 2131 887 2188 anima
899 2139 965 2208 eget
985 2132 1084 2207 queti-

74 2211 162 2274 diane
178 2213 329 2274 alimento.
347 2214 544 2272 Praetermitto
559 2211 608 2272 bic
626 2212 733 2274 afferre
755 2221 923 2273 sanctornm
942 2215 1082 2288 Petrum,

74 2304 101 2354 ct
115 2295 465 2373 magistrorum-spiritus
475 2297 662 2356 auctoritates
671 2295 795 2358 omnine
813 2297 991 2370 conforme,
1008 2316 1084 2377 que·

12 2427 13 2430 ,
49 2380 155 2458 xniam
178 2377 226 2438 bae
253 2379 445 2458 reperiuntur
465 2387 611 2438 annetnae
629 2383 660 2440 in
683 2389 728 2440 tot
747 2381 853 2452 libris,
873 2382 927 2459 qui
957 2391 1084 2444 tractant

76 2461 110 2521 de
127 2461 277 2541 frequenti
292 2463 511 2524 communione.
534 2463 666 2525 Sufficiat
685 2465 761 2526 scire
772 2483 808 2526 ex
826 2465 1008 2530 Catecbisme
1022 2470 1082 2529 Ro-

78 2564 163 2609 mane
176 2549 240 2609 loco
256 2547 343 2628 sopri
363 2547 471 2621 citato,
492 2557 522 2609 et
539 2566 575 2608 ex
589 2550 714 2610 Decreto
733 2550 902 2612 Ineeccratii
917 2553 1086 2613 XLrelato

52 2625 57 2636 “
77 2629 107 2690 in
117 2640 218 2694 nestro
228 2633 314 2694 Libro
324 2631 401 2710 (tit.
415 2635 447 2694 6.
462 2652 493 2694 u.
509 2633 590 2710 254.)
602 2679 609 2702 ,
620 2634 702 2710 qued
712 2634 849 2712 frequens
863 2637 1083 2695 communionis

78 2731 162 2789 usus,
184 2715 245 2778 ime
266 2717 454 2794 quotidianus
464 2719 522 2778 fuit
543 2737 661 2796 semper
680 2718 717 2777 ab
739 2719 865 2780 Ecclesia
877 2727 907 2778 et
925 2719 964 2779 ab
985 2720 1083 2778 omni·

62 2796 129 2860 bus
148 2801 283 2862 Patribus
300 2801 495 2880 approbatus,
518 2804 585 2881 qui,
599 2802 825 2864 utdemenstrat
838 2803 943 2865 dectus
960 2801 1083 2880 quidam

79 2893 193 2958 auctor,
213 2886 328 2965 quoties
356 2884 549 2948 adverterunt
575 2887 730 2966 frigescere
752 2907 839 2949 usum
863 2886 1082 2949 communionis

80 2969 269 3044 quotidianae,
287 2987 406 3030 emnem
421 2971 603 3050 diligentiam
619 2971 819 3034 adhibuerunt
830 2973 871 3032 ad
882 2967 969 3032 illum
981 2971 1083 3032 redin-

80 3055 260 3130 tegrandum.
274 3057 310 3116 Et
328 3056 361 3116 in
375 3056 428 3116 lll.
443 3055 562 3136 Synede
580 3057 790 3118 Mediolanensi
800 3057 901 3117 habita
916 3057 972 3118 sub
981 3059 1014 3118 S.
1032 3058 1084 3118 Co-

80 3132 136 3196 reto
154 3141 345 3213 Berreeaoeo,
368 3138 535 3216 injunctum
563 3140 619 3202 suit
644 3140 781 3221 parochis
802 3140 954 3202 exhortari
982 3141 1083 3214 fideles

81 3219 109 3280 in
127 3223 315 3305 concionibus
337 3223 375 3284 ad
399 3222 475 3286 banc
497 3226 698 3304 frequentiam.
718 3226 962 3304 communionis3
982 3238 1013 3296 et
1037 3229 1083 3289 in·

12 3343 13 3346 κ
81 3308 351 3388 superimpositum
377 3311 434 3371 suit
451 3313 598 3392 Episcopis
620 3312 804 3391 provinciae,
826 3319 860 3372 ut
887 3313 1082 3392 prohiberent

82 3392 265 3467 concionari,
287 3401 319 3454 et
338 3395 467 3456 severius
487 3398 631 3476 punirent
651 3413 701 3456 ees
723 3396 775 3473 qui
794 3401 962 3476 oppositum
988 3399 1081 3457 disse-

83 3473 223 3535 minarent
240 3484 391 3558 tamquam
409 3481 612 3542 scandalorum
631 3487 766 3552 satores,
784 3491 814 3541 et
837 3483 928 3542 totius
948 3480 1083 3540 Ecclesiae

84 3559 174 3620 sensui
194 3563 436 3625 contradicentes.
452 3565 575 3644 insuper
594 3565 626 3624 in
638 3565 759 3643 prelato
775 3569 900 3628 Decreta
915 3564 1084 3625 torrerentii
1104 3646 1114 3662 ι
