2475 3975
130 199 187 260 566
325 196 461 276 Epitotue
474 189 615 253 doctrinae
637 183 758 248 otorult's
779 191 808 248 et
826 201 972 246 eorumne
1210 15 1226 350 l

130 297 250 360 trcriam
263 340 271 369 ,
286 303 358 358 ωηο
378 294 416 355 ad
438 293 517 354 tertii
536 290 712 352 electionem
736 285 955 368 procedendum
973 291 1040 358 est,
1056 285 1141 364 juxta
1224 352 1226 355 ,

130 379 288 444 lormulom
306 380 322 442 1
343 380 415 442 Trid
435 397 504 440 sess.
519 379 567 438 16.
584 394 611 437 ο.
629 376 658 434 6.
678 372 714 436 cte
733 369 800 452 lies.
815 372 1028 450 praescriptam.
1045 372 1091 431 lte
1104 390 1140 431 ex
1216 365 1226 495 ’1

130 466 267 546 pluribus
295 465 418 526 decretis
443 463 473 523 S.
497 459 739 540 congregationis
764 456 909 528 concilii,
931 465 962 516 et
992 473 1027 514 es
1050 457 1141 516 colla·
1224 497 1226 502 ·

133 551 216 614 tione
238 549 512 612 duorumlocorum
531 545 728 615 Tridentini,
747 543 840 604 altero
861 541 891 601 in
912 557 982 600 sess.
1004 542 1035 600 6.
1057 559 1085 601 ο.
1100 542 1139 614 d,

132 635 224 695 ultcro
249 634 278 696 in
303 652 372 694 sess.
399 633 448 693 ott.
470 650 497 692 c.
518 631 547 692 6.
578 632 622 690 Do
645 627 757 708 synod.
780 627 868 688 dimo.
896 625 949 686 lib.
971 625 1020 684 15.
1048 645 1076 686 ο.
1109 626 1138 685 o.

135 737 166 780 n.
179 721 208 780 7.
231 728 260 779 ot
280 736 342 796 seq.

516 893 770 958 ttutrttttrto.

134 1171 236 1250 copula
250 1169 348 1230 habita
369 1178 414 1230 cst
434 1169 512 1229 inter
536 1169 715 1248 impeditos,
737 1175 768 1227 et
784 1167 880 1245 proles
901 1177 968 1226 ueta
984 1174 1028 1228 est
1040 1167 1146 1226 eodem

134 1254 348 1334 impedimento
366 1259 591 1333 perseverante,
614 1251 781 1314 communis
795 1261 838 1311 est
854 1252 1009 1311 sententie.
1027 1251 1057 1311 Si
1074 1251 1147 1311 verb

134 1347 266 1407 constet,
290 1339 402 1416 prolem
425 1347 524 1399 natam
537 1355 600 1399 esse
611 1337 728 1398 sublato
748 1335 979 1415 impedimento,
992 1334 1147 1396 dubitetur

133 1419 206 1484 verb
232 1420 305 1482 num
329 1433 469 1502 concepta
493 1423 533 1484 sit
555 1422 659 1482 eodem
683 1419 1146 1502 impedimento-perseverante,

133 1513 206 1566 tunc
224 1507 254 1564 in
273 1508 402 1566 savorem
423 1508 515 1582 prolis
539 1505 687 1581 judicium
705 1505 861 1566 serendum
882 1514 939 1567 est.
957 1503 1089 1581 Epistola
1109 1503 1146 1562 nd

174 1087 230 1146 Por
247 1103 370 1164 sequens
387 1085 611 1146 matrimonium
625 1102 685 1144 non
698 1082 856 1162 legitimari
871 1083 1008 1161 prolem,
1024 1081 1145 1164 quondo
1218 1117 1226 1527 Ι

133 1585 390 1668 Arehicpiscopum
405 1589 604 1667 Hispooiolee,
623 1587 860 1651 Redditccatobt'o.
1176 1630 1181 1639 ·
1219 1564 1226 1687 Ι

446 1786 520 1847 tux
536 1785 830 1847 uectusttsmct.

173 2007 249 2083 tege
264 2002 418 2081 episcopali
444 2002 491 2061 vol
513 2000 646 2079 synodali
665 2018 726 2059 non
740 2009 882 2062 tenentur
901 2002 945 2061 illi
962 2002 1014 2079 qui
1028 2002 1064 2067 1η
1075 2004 1150 2065 dim·

137 2091 195 2151 cesi
221 2089 342 2167 quidem
364 2087 499 2165 degunt,
524 2084 575 2144 sed
595 2093 677 2145 extro
699 2084 849 2146 dioeccsim
879 2086 992 2146 obeunt
1014 2106 1088 2150 mox
1103 2106 1151 2147 re·

135 2174 229 2235 dituri
244 2218 252 2245 ,
266 2173 290 2233 si
309 2173 429 2233 interim
448 2177 531 2231 extro
547 2169 622 2233 fines
640 2170 797 2231 dioceseos
812 2170 927 2248 aliquid
945 2179 1033 2249 agant
1047 2181 1150 2233 contra

136 2260 219 2321 illam
243 2258 362 2337 legem,
388 2256 458 2335 quia
489 2256 537 2317 lox
562 2274 616 2334 por
641 2273 673 2316 se
702 2264 734 2315 ct
758 2255 933 2319 immediato
963 2256 1151 2318 territorium
1222 2305 1226 2317 .

135 2342 267 2419 respicit.
294 2338 406 2401 Vertim
428 2340 452 2399 si
471 2342 538 2419 quis
557 2338 574 2401 c
596 2340 712 2401 dioeocsi
734 2356 767 2398 se
787 2338 924 2402 absentet
940 2341 1041 2400 animo
1059 2341 1151 2399 decli-
1221 2328 1226 2438 1

135 2426 224 2487 nandi
245 2423 385 2501 synodale
404 2432 548 2483 statutum
560 2467 569 2495 ,
581 2424 714 2485 fraudem
730 2424 773 2485 illi
790 2426 988 2502 patrocinium
1009 2436 1153 2503 prestare

135 2527 196 2571 ηοη
209 2516 253 2567 cst
270 2524 409 2584 equum3
435 2525 528 2585 quare
547 2515 618 2567 tunc
638 2515 738 2586 peccat
757 2516 861 2570 contra
885 2508 1017 2574 eumdem
1041 2510 1152 2592 legem.

134 2595 178 2655 lta
195 2590 325 2654 Clemens
345 2592 387 2653 X.
407 2590 439 2651 in
463 2592 587 2653 Constit.
607 2592 745 2673 Superbo
768 2592 885 2666 edixit,
902 2593 1089 2673 poenitentes
1104 2615 1157 2661 re-.

134 2677 270 2739 cedentes
286 2676 301 2737 1
319 2675 469 2737 territorio
489 2676 522 2737 in
548 2676 681 2738 fraudem
696 2696 756 2738 non
780 2695 844 2740 esso
858 2678 1052 2740 absolvendos
1070 2678 1088 2746 lt
1104 2699 1156 2744 re·.

134 2763 309 2826 servatissui
319 2762 473 2821 territorii.
483 2764 527 2823 Dc
538 2764 609 2841 Syn.
620 2762 707 2825 dioec.
719 2764 773 2823 lib.
788 2764 838 2825 15.
848 2782 912 2843 cap.
922 2765 954 2825 1.
972 2782 1004 2830 η..
1015 2764 1044 2829 9.
1055 2774 1087 2831 el
1101 2768 1153 2825 to.
1223 2801 1226 2875 y

173 2849 232 2909 Lex
254 2846 290 2905 ab
314 2846 456 2923 Episcopo
471 2845 527 2904 lato
551 2857 634 2906 extra
658 2847 826 2925 synodum,
845 2848 947 2910 audito
968 2858 1066 2914 tameo
1080 2867 1154 2913 cou-
1217 2887 1226 2916 :-

134 2932 201 2995 silio
217 2929 339 3011 capituli
354 2926 442 3007 louge
456 2928 638 3007 probabilius
653 2941 820 3009 perseverat
833 2934 922 2995 etiam
943 2940 1010 3011 post
1031 2931 1153 2997 obitum

135 3016 267 3095 ejusdem
288 3016 448 3093 Episcopi,
473 3032 569 3097 neque
589 3015 671 3076 onim
691 3014 780 3077 babet
795 3018 868 3095 quid
888 3016 1041 3081 diversum
1054 3015 1072 3077 ia
1084 3018 1154 3098 lege

135 3102 167 3162 in
187 3101 301 3181 synodo
316 3100 400 3172 latd,
425 3119 513 3177 quam
535 3101 624 3163 etium
643 3101 781 3194 defuneto
798 3104 940 3187 Episcopo
962 3120 1156 3186 perseverate

134 3186 203 3245 satis
223 3194 346 3245 constet.
369 3188 414 3244 De
427 3187 500 3263 Syn.
516 3186 601 3245 dioec.
619 3186 642 3246 1.
657 3188 706 3247 15.
720 3206 746 3247 ο.
759 3190 789 3248 tt.
811 3206 842 3251 tt.
858 3190 888 3254 l·
1224 3197 1225 3208 ¹

172 3268 231 3329 Lex
247 3268 397 3345 synodalis
407 3268 431 3329 si
446 3286 506 3329 nou
520 3279 686 3349 acceptetur
699 3270 717 3331 a
732 3271 842 3351 populo
854 3316 863 3350 ,
876 3272 1012 3351 quamvis
1025 3285 1154 3352 peccent
1224 3213 1226 3340 μ

135 3365 195 3409 ηοη
226 3360 439 3425 acceptantes,
458 3358 558 3415 tamen
587 3356 611 3414 si
634 3354 666 3414 id
694 3356 765 3415 scint
792 3359 930 3436 superior
952 3367 1019 3437 post
1043 3376 1157 3439 paucos

132 3439 214 3487 octus
229 3430 266 3489 ab
288 3448 323 3522 οη
347 3435 516 3509 neglectos,
542 3446 572 3497 et
601 3456 661 3498 non
687 3440 837 3516 punitos,
859 3441 952 3517 ligare
978 3440 1091 3503 desiuit
1119 3464 1157 3507 ex

12 3558 15 3565 .
132 3508 258 3603 quddam
283 3527 346 3585 ejus
364 3518 572 3607 Ιοοηηίνοηῑῐο.
592 3524 637 3583 De
666 3523 738 3601 Syn.
759 3524 851 3589 Dima.
876 3524 930 3583 lib.
961 3526 1009 3584 15.
1029 3515 1098 3604 cap.
1124 3532 1157 3591 5.

131 3596 163 3637 u·
178 3586 208 3642 5.
228 3590 257 3647 St
271 3594 343 3653 verb
362 3594 393 3655 td
407 3602 517 3663 nesciat
536 3605 721 3686 Episcopus,
737 3615 808 3669 ωηο
822 3607 1002 3675 dorcnuittm
1017 3612 1158 3693 sulticero
