2475 3975
382 203 577 289 deoperitur
590 206 739 271 Benedicti
751 158 875 274 Jr'lt'.x
1057 218 1111 278 151

108 299 238 372 reditum
249 311 478 389 perseverante).
496 313 595 373 Potest
604 314 693 372 etiam
709 312 768 373 illis
784 311 943 373 concedere
957 316 1114 377 transitum

108 393 250 456 adolium
263 395 408 455 ordinem.
421 396 540 456 Nemini
552 405 653 458 autem
664 397 792 473 regulari
807 398 958 474 permittat
971 406 1005 457 ut
1015 399 1114 460 vivere

106 480 199 625 messit
215 478 248 539 in
265 488 347 540 vesto
371 479 526 553 saeculari,
549 498 603 542 seu
621 480 720 541 clerici
739 478 896 541 saecularis.
910 481 994 545 Bulla
1008 484 1115 545 Pastor·

143 579 210 623 aces.
1038 585 1040 590 ·

145 643 316 709 'transitum
331 649 368 709 de
381 649 439 721 und
453 649 599 728 religione
611 649 648 709 ad
661 651 748 711 aliam
764 651 853 711 etiam
867 652 1008 714 laxiorem
1019 658 1115 731 potest

107 732 203 812 major
221 735 460 795 Poenitentiarius
485 735 667 812 concedere;
694 736 734 796 ita
761 743 860 797 tamen
886 744 920 796 ιιι
958 740 1117 815 restringat

105 818 183 879 hanc
195 836 279 879 suam
291 819 459 878 facultatem
477 820 648 879 transeundi
666 821 703 881 ad
714 820 832 879 ordines
846 865 853 889 ,
867 822 898 881 in
912 822 1018 899 quihus
1032 840 1115 900 regu·

57 976 63 985 .
106 906 177 965 laris
190 904 375 964 observantia
392 906 489 983 viget,
500 913 531 963 et
544 904 575 963 in
587 904 679 966 dubio
689 906 833 966 attestatio
846 906 996 968 Ordinaril
1011 909 1114 985 requi·

105 1000 201 1051 ratur.
212 992 279 1051 Non
296 990 429 1051 concedit
446 999 546 1050 tamen
560 990 719 1051 transitum
738 989 776 1049 ad
790 989 908 1049 ordines
924 988 1114 1070 hospitalares

106 1084 138 1136 et
154 1075 315 1146 militares,
336 1074 472 1152 quamvis
485 1074 522 1134 ad
538 1074 674 1134 ordinem
688 1077 720 1135 S.
732 1076 861 1135 donanis
873 1072 907 1133 de
921 1076 983 1135 Deo
1001 1075 1114 1137 iacilids

104 1160 278 1237 indulgeam
294 1160 370 1219 sicut
384 1176 439 1219 nec
451 1157 585 1220 coneedit
603 1159 761 1219 transitum
776 1158 812 1219 ad
828 1157 963 1217 ordinem
979 1160 1010 1219 S.
1019 1161 1114 1227 Bene-

106 1242 181 1304 dicti
195 1244 370 1321 antiquioris
383 1244 595 1317 observantiae,
608 1251 660 1303 aut
670 1242 708 1303 ad
722 1243 791 1303 alias
803 1242 969 1303 consimiles
985 1244 1114 1323 Congre-

104 1328 237 1406 gatioues
255 1327 464 1407 cujuscumque
475 1328 587 1388 ordinis
608 1328 731 1388 tuerint.
744 1327 820 1389 thid.
833 1326 859 1407 §.
873 1328 911 1387 51
925 1336 955 1387 et
967 1326 1016 1389 511.
1120 1328 1126 1335 ’

145 1412 175 1471 Si
185 1412 329 1489 regularis
342 1421 413 1473 ante
426 1412 638 1490 professionem
654 1410 796 1471 habituali
810 1411 915 1472 morbo
926 1412 1112 1487 detineatur,

106 1512 161 1555 nec
173 1496 370 1574 interrogatus
390 1496 499 1558 vitium
517 1514 605 1557 suum
621 1496 791 1572 denuntiet,
808 1496 863 1557 nisi
878 1504 943 1573 post
958 1496 1113 1575 professio·

104 1597 174 1646 nem
187 1582 311 1659 ,expelli
332 1599 393 1647 uon
411 1589 530 1660 potest,
555 1582 612 1640 nisi
626 1582 712 1641 aliter
731 1580 897 1641 declaretur
915 1581 947 1640 in
970 1582 1114 1643 constitu·

105 1664 236 1725 tionibus
249 1663 381 1742 ejusdem
397 1666 532 1741 ordinis,
551 1662 597 1725 uti
610 1665 706 1743 reipsa
724 1665 904 1726 declaratum
924 1673 968 1725 est
986 1666 1017 1725 in
1041 1684 1113 1727 cou-

103 1749 309 1809 stitutionibus
321 1750 377 1809 PP.
391 1750 641 1828 capuccinorum,
653 1751 684 1808 iu
696 1749 804 1827 quihus
816 1750 919 1826 religio
932 1748 973 1809 ud
984 1752 1113 1811 retinen-

103 1832 178 1895 dam
193 1832 338 1915 ejusmodi
345 1832 512 1915 professum
525 1832 649 1894 minitrat
659 1829 728 1893 velte
737 1850 766 1892 se
779 1829 1003 1913 esseobtt'gutoeo
1012 1834 1113 1915 expri-

106 1918 173 1981 orit.
185 1922 232 1981 An
248 1930 321 1980 tunc
342 1919 416 1981 veri>
435 1920 582 2000 protessus
598 1936 659 1981 non
672 1918 812 1979 dimissus
831 1916 1004 1997 treligione
1021 1920 1112 1998 possit

102 2005 208 2084 sponte
223 2005 304 2067 altire
317 2046 330 2078 ‚„
343 2007 435 2067 etiam
451 2006 502 2066 illa
521 2013 724 2085 repugnante,
745 2003 867 2083 quaestio
881 2013 925 2062 est
938 2021 999 2065 nan
1016 2004 1111 2066 adhuc

103 2089 121 2150 1
136 2092 166 2151 S.
181 2091 413 2171 congregatione
423 2090 555 2152 definita.
567 2092 611 2150 De
624 2088 822 2170 Symdimees.
835 2087 857 2148 1.
872 2089 922 2149 15.
936 2107 963 2148 c.
976 2091 1025 2150 11.
1036 2109 1067 2150 n.
1077 2091 1109 2150 1.

141 2177 300 2255 Regulares
314 2193 376 2255 ‚pro
388 2175 526 2256 apostatis
544 2173 716 2248 habentur,
740 2176 764 2234 si
777 2191 840 2234 sese
860 2175 983 2236 nulliter
1005 2177 1111 2254 proies·

103 2277 150 2320 sos
168 2262 380 2323 contendentes
399 2263 565 2342 regularem
579 2261 715 2320 habitum
742 2269 872 2330 exuunt,
891 2259 952 2320 etia
975 2262 1111 2324 claustris

98 2345 278 2426 discedunt,
299 2365 354 2408 nec
373 2363 516 2426 umquam
528 2346 691 2406 audiuntur
701 2361 819 2405 causam
837 2363 921 2404 suam
940 2344 1109 2419 defensuri,

102 2431 158 2492 nisi
167 2441 323 2512 postquam
334 2430 532 2493 redieruntad
542 2431 766 2492 monasterium.
781 2431 824 2490 lta
838 2447 875 2490 ex
888 2430 1023 2492 Trideut.
1038 2449 1106 2492 sess.

99 2516 152 2578 tt.
169 2534 196 2576 c.
212 2518 262 2578 to.
277 2519 324 2578 De
337 2512 431 2597 repud.
445 2518 489 2576 De
499 2515 571 2594 Syn.
586 2515 672 2575 dioec.
689 2515 710 2576 1.
724 2516 772 2576 15.
792 2533 819 2575 e.
837 2516 884 2575 11.
897 2533 928 2576 n.
941 2517 990 2577 15.

140 2601 265 2678 insuper
279 2619 340 2662 uon
356 2601 426 2662 lieet
437 2600 514 2672 illis,
534 2615 571 2659 ex
589 2599 718 2660 inaniter
739 2601 920 2680 praesumpta
939 2603 1111 2665 necessitato

100 2684 274 2745 recurrendi
300 2684 336 2744 ad
359 2686 527 2763 superiores
552 2683 681 2755 ordinis,
695 2685 777 2744 exire
795 2693 878 2743 extra
901 2683 1026 2746 claustra
1045 2689 1110 2748 sina

101 2769 261 2846 superioris
270 2769 376 2830 littoris
388 2769 540 2848 3alioquin
551 2769 633 2828 enim
645 2777 843 2846 apostatarum
853 2769 947 2848 poenis
960 2787 1013 2848 per
1021 2767 1110 2832 Ordi-

102 2852 221 2914 narium
233 2853 290 2914 loci
309 2853 483 2932 puniantur.
497 2855 540 2913 Ex
552 2851 637 2912 Trid.
656 2852 701 2912 lb.
713 2871 740 2912 e.
755 2853 803 2913 11.
818 2871 850 2912 n.
867 2854 914 2914 15.
928 2855 995 2914 llaec
1010 2865 1109 2918 tamen

100 2936 294 3016 intelligenda
314 2946 404 3010 sunt,
423 2936 542 3018 quando
565 2937 737 2998 recurrendi
764 2955 849 2998 causa
865 2955 926 3000 nou
949 2949 994 3001 est
1016 2957 1107 3016 vcra,

100 3037 210 3098 urgens
224 3030 254 3082 et
268 3021 410 3100 gravioris
419 3021 574 3084 momenti.
592 3021 669 3081 lbid.
691 3040 723 3081 ιι.
737 3022 785 3082 11.

140 3106 273 3167 Velitum
296 3114 341 3166 est
362 3106 563 3186 superioribus
582 3104 793 3183 regularibus,
822 3125 861 3168 ne
892 3109 1018 3170 subditis
1048 3111 1109 3174 suis

101 3189 270 3251 facultatem
294 3190 401 3251 iaciant
415 3189 587 3251 transeundi
601 3189 638 3249 ad
657 3189 744 3250 aliam
756 3191 950 3272 religionem,
970 3197 1027 3257 nisi
1047 3213 1109 3260 non

100 3273 201 3334 dubiis
214 3274 401 3335 documentis
409 3275 574 3337 constiterit
590 3273 648 3334 illis
658 3318 665 3346 ,
675 3275 796 3336 alterius
814 3277 964 3356 religionis
974 3281 1108 3357 superio·

99 3375 164 3417 rem
174 3367 310 3438 paratum
319 3376 381 3419 csse
390 3358 427 3419 ad
440 3377 489 3419 eos
502 3358 705 3438 recipiendum
717 3380 726 3435 3
737 3366 826 3438 atque
834 3361 874 3422 ita
885 3380 932 3422 res
941 3364 1107 3424 constituta·

99 3441 180 3512 sint,
201 3452 235 3501 ut
252 3443 393 3503 transitus
404 3443 459 3503 iste
473 3440 553 3503 reete
575 3445 627 3503 liat
642 3443 680 3503 ab
693 3445 751 3504 una
765 3445 799 3504 od
807 3445 905 3507 --aliam
921 3447 1103 3525 religionem.

100 3527 143 3584 lta
158 3544 194 3585 ex
210 3526 328 3586 decreto
349 3528 378 3586 S.
392 3529 536 3607 congreg.
555 3528 678 3592 Consilii
697 3527 734 3590 ab
759 3527 877 3592 liriorta
894 3532 981 3595 VIH.
997 3547 1105 3610 appro-

99 3608 181 3673 ltoto.
197 3611 274 3673 ibid.
288 3629 320 3674 n.
335 3612 385 3676 11.
