2475 3975
360 200 426 260 Ast.
437 199 466 261 5.
484 205 520 260 de
536 198 698 261 ordinibus.
716 201 789 281 trroja
1016 207 1076 270 223

375 367 402 448 §-
417 372 440 431 Ι.
455 372 501 429 De
510 376 576 430 ueto
586 369 743 430 eastitatis.

102 558 152 621 bb.
168 589 207 602 -
221 489 438 624 Soeottconus
459 573 496 616 ex
519 561 668 636 praecepto
688 557 717 618 S.
746 558 879 637 Gregorii
895 560 980 640 Papae
1000 560 1031 621 in
1049 581 1074 622 c.

64 645 97 706 2.
108 641 179 704 out.
192 643 241 704 28.
263 649 383 703 tenetur
402 649 506 702 votum
522 642 662 703 castitatis
682 643 827 704 emittere.
843 645 919 704 lline
937 646 1076 724 obligatio

64 727 204 789 eastitatis
222 729 256 789 in
270 726 455 788 ordinatisin
468 728 558 787 sacris
569 725 669 786 veritis
688 737 732 788 est
751 746 787 788 ex
798 729 828 788 vi
848 729 909 789 voti
922 729 1077 790 ordinibus

63 811 192 890 annam,
218 810 308 892 qo'am
320 811 458 890 precepti
479 812 632 881 Ecclesiae,
656 819 689 871 ut
707 813 775 872 satis
793 813 941 890 colligitur
954 833 990 874 ax
1008 834 1074 894 cap.

66 897 140 957 Ctitn
155 894 248 969 olim,
268 895 305 959 de
321 893 390 956 cler.
408 895 526 977 eonjnp.
547 897 685 956 attamen
705 897 728 957 si
745 898 811 974 quis
832 896 968 959 ordinem
985 902 1076 960 susci-

63 981 175 1058 piendo
198 980 333 1061 expresse
353 982 446 1042 nollet
462 983 625 1041 castitatem
650 982 777 1052 vovere,
800 990 871 1041 tune
897 983 953 1042 iste
972 985 1075 1044 saltem

64 1084 100 1126 ex
119 1077 268 1147 praesepto
294 1067 429 1128 Ecclesiae
450 1068 487 1126 sd
509 1068 670 1127 castitatem
695 1073 857 1128 teneretur.
890 1069 1009 1146 lloequc
1031 1071 1076 1129 di·

65 1152 192 1212 cendum
210 1153 322 1213 etiamsi
336 1153 461 1213 nesciret
471 1151 547 1212 hanc
560 1151 768 1230 obligationem
782 1195 789 1222 ,
804 1151 894 1213 model
907 1153 995 1212 vellet
1008 1152 1079 1213 veris

65 1236 203 1296 ordinem
216 1238 381 1316 suscipere:
403 1247 434 1297 et
455 1236 551 1297 adbuc
563 1237 587 1296 si
601 1235 751 1314 inculpate
773 1237 898 1297 nesciret
915 1281 925 1310 ‚
943 1247 977 1298 ut
992 1238 1078 1298 valde

65 1320 260 1397 probabiliter
277 1323 377 1400 plures
392 1323 525 1382 doctores
545 1320 651 1382 docent
672 1319 760 1400 (Vide
776 1318 798 1381 l.
814 1324 842 1382 6.
857 1337 890 1381 n.
907 1323 975 1383 869.
993 1322 1075 1384 Dub.

66 1407 94 1465 l.
107 1413 137 1466 et
150 1406 206 1484 2).
217 1407 276 1480 Qui
290 1417 390 1468 autem
404 1408 593 1468 ordinaretur
605 1414 674 1466 ante
691 1423 777 1490 usum
798 1407 938 1479 rationis,
956 1406 1076 1468 hicnon

64 1498 218 1552 teneretur
229 1491 266 1551 ad
278 1493 451 1554 castitatem.
469 1491 525 1566 Qui
538 1489 612 1552 verb
623 1489 778 1551 ordinatur
790 1500 859 1552 ante
871 1493 1075 1570 pubertatem,

63 1592 100 1634 an
118 1575 158 1635 ad
177 1576 338 1637 castitatem
355 1581 517 1638 teneatur?
536 1576 625 1637 Adest
642 1576 750 1656 duplex
762 1577 929 1649 sententia,
950 1586 1076 1655 utraque

64 1659 226 1736 probabilis
247 1661 335 1740 (tutu.
358 1682 391 1722 u.
409 1661 501 1740 alul.
521 1662 577 1735 Qui
596 1660 813 1738 ordinaturper
828 1671 941 1722 metum
963 1665 1077 1722 extrin-

63 1761 165 1804 secum
181 1743 294 1828 injuste
316 1747 488 1820 incussum,
513 1754 544 1805 et
565 1745 731 1806 nonhabet
750 1747 883 1806 animum
897 1747 1075 1824 suscipiendi

60 1830 222 1903 ordinem,
249 1849 311 1892 non
339 1840 456 1892 tenetur
480 1830 518 1890 ad
540 1832 726 1902 castitatem,
753 1839 784 1890 et
808 1831 921 1889 etiamsi
942 1835 1075 1892 animum

64 1911 204 1989 baberet,
224 1914 408 1990 probabilius
427 1933 482 1976 nec
496 1923 664 1989 teneretur,
681 1914 750 1991 quia
765 1921 868 1973 votum
882 1914 1023 1974 emissum
1034 1917 1075 1974 ob

63 2006 178 2059 metum
195 2000 376 2079 probabilius
387 2010 433 2062 est
452 2000 638 2076 invalidum3
658 1996 741 2060 secius
756 2000 780 2058 si
793 2006 889 2058 metus
901 2000 989 2059 suerit
998 1998 1077 2075 juste

63 2081 223 2156 incussus,
247 2087 297 2146 vel
312 2086 337 2144 si
361 2085 514 2145 ordinatus
532 2085 659 2143 scienter
678 2102 761 2145 suam
792 2082 1010 2143 ordinationem
1023 2101 1079 2161 ¹ra·

64 2166 209 2242 tilicarct,
223 2185 329 2246 nempe
339 2169 364 2229 si
379 2169 460 2230 nltrb
471 2169 607 2230 ordinem
617 2173 768 2227 exerceret
780 2162 814 2243 (l.
825 2184 850 2225 e.
865 2184 898 2226 n.
911 2166 1005 2247 8ll.).

359 2317 386 2400 3.
405 2320 443 2379 ll.
459 2320 504 2379 De
519 2318 602 2379 buis
623 2317 786 2381 calunnia.

101 2519 154 2579 60.
168 2548 208 2561 -
264 2533 334 2578 aruo
366 2516 430 2575 loco
468 2512 517 2575 hio
544 2514 636 2575 refert
664 2523 807 2576 annotare
835 2514 935 2593 plures
968 2537 1076 2599 propo·

66 2602 187 2661 sitiones
196 2602 349 2662 damnatas
366 2601 403 2661 ab
416 2598 586 2661 Alexandro
609 2601 672 2661 Vll
679 2644 689 2671 ‚
704 2599 848 2660 nimirum
865 2620 951 2679 prop.
967 2605 996 2663 6.
1010 2624 1077 2681 qum

67 2685 203 2749 dicebat:
225 2685 382 2748 Restitutio
394 2684 550 2765 fruetuum
571 2702 634 2743 nort
657 2681 788 2744 debetur·
800 2690 869 2741 onte
890 2684 1076 2745 stertentium.

7 2771 8 2776 ’
68 2770 156 2851 Prop.
170 2772 219 2831 bt.
233 2769 401 2833 Habetis...
411 2768 598 2852 beneficium,
612 2765 642 2829 si
659 2765 803 2828 etauio...
816 2775 916 2843 uocet,
928 2766 1079 2847 satisfacit

68 2854 214 2916 recitando
227 2874 282 2937 per
292 2854 398 2915 alitent.
414 2856 503 2932 Prop.
515 2854 566 2913 53.
581 2849 737 2913 Restitutio
758 2849 910 2930 semiustus
922 2850 1078 2932 suppletur·

67 2935 323 3020 pereleirnosynos
340 2940 410 2999 unii
441 2946 532 2999 catos
547 2940 635 3015 Prop.
657 2938 705 2997 ab.
725 2936 881 3016 satisfacit
895 2936 992 2997 dicens
1012 2932 1078 3015 effi·

8 3073 9 3076 ,
69 3022 145 3083 cium
156 3023 295 3105 pusebole
308 3042 365 3106 pro
431 3024 474 3084 st'e
487 3020 746 3084 disiPnlmerunt.
761 3018 851 3100 prop.
866 3022 916 3081 56.
930 3022 1004 3080 Cum
1016 3038 1076 3082 urso

70 3104 161 3184 uffin'e
174 3105 737 3191 potestastislierioblipationiduorum
750 3104 960 3165 (liestmonam
971 3106 1073 3168 Innoe.
1088 3120 1090 3123 ·

70 3189 127 3251 XI.
139 3186 290 3254 damnavit
303 3212 390 3273 prop.
409 3192 457 3253 ut.
469 3184 531 3268 Qut
546 3190 650 3272 nequit
665 3189 786 3252 recitare
797 3187 1002 3267 bisintinum,
1015 3211 1077 3255 nors

72 3275 438 3358 teneturodoliuslioros.
601 3288 607 3297 ’
805 3295 811 3301 ·

10 3369 11 3376 ’
107 3362 156 3421 bl.
179 3395 217 3409 -
235 3364 334 3436 Quae.
359 3363 383 3422 l.
408 3362 535 3437 Quinam
555 3369 714 3425 teneantur
734 3360 771 3421 ad
795 3358 908 3421 horest·
924 3363 1076 3423 Tenentur

73 3442 95 3503 l.
117 3448 227 3511 Omnes
244 3448 373 3509 ordinati
396 3448 430 3507 in
451 3452 559 3521 sacris,
583 3448 698 3508 etiamsi
723 3448 783 3507 sint
809 3448 1074 3513 excommunicati,

73 3535 199 3609 suspensi
216 3542 247 3595 et
265 3532 428 3613 (lumbati.
445 3533 606 3595 ordinatus
624 3540 723 3593 autem
737 3531 774 3591 ad
789 3532 1031 3593 subdiaconatum
1044 3529 1075 3586 in

73 3610 118 3677 die
134 3616 330 3682 ordinationis
352 3626 469 3679 tenetur
495 3617 533 3679 ad
558 3617 664 3680 boram
686 3617 965 3699 correspondentem
993 3610 1078 3670 boiae
