2475 3975
1 2895 3 2934 i

367 184 394 266 8.
412 186 449 246 ΙΙ.
469 182 555 245 Circo
568 181 676 245 medici
689 178 828 266 officiunt.
1081 190 1101 252 d

77 286 201 363 menti,
218 292 315 347 stante
329 285 379 347 illi
393 285 510 363 urgenti
530 284 712 349 necessitate.
727 286 764 347 Et
775 284 800 347 si
818 284 916 349 aditus
928 286 965 349 ad
977 288 1097 368 Episco-

79 390 159 451 pum
182 371 272 433 etiam
291 379 366 431 essct
383 370 526 443 difficilis,
542 378 572 431 ct
590 370 675 431 uuilo
693 368 782 431 modo
800 379 899 450 posset
910 372 1014 433 evitari
1030 390 1099 451 qm·

78 456 243 517 vissimum
252 452 1096 535 periculuminiamiaenutscandoli‚retulimus(d.n.did.

78 538 118 600 in
131 538 220 620 fine.)
231 540 406 599 sententium
418 538 553 598 Auctoris
567 540 720 616 (lustraret.
730 558 785 620 pro
794 537 1018 619 noniaCoofets.
1027 542 1096 620 qni.

79 642 115 685 ιι.
133 625 187 685 52.
203 642 241 685 ex
252 626 343 686 Reae.
357 620 445 683 Surd.
460 630 489 684 et
501 621 625 705 Pipnot.
644 632 666 683 t.
683 626 713 687 5.
727 621 854 685 mauolt.
870 626 919 686 53.
935 644 969 685 n.
989 622 1032 700 t.)
1046 625 1098 703 qui

77 710 123 769 uit
143 726 207 769 non
225 708 423 787 improbabile
443 725 524 779 esse,
546 706 607 769 im'd
627 716 728 767 tutum
747 708 780 769 in
800 708 883 787 praxi
906 726 990 787 posse
1009 726 1098 787 paro·

79 790 195 867 chum,
214 792 262 852 vcl
280 792 372 852 aliurn
393 792 602 853 confessarium
621 792 789 865 declarare,
803 791 885 871 qudd
901 793 951 854 lex
970 792 1099 872 impedi-

79 876 182 937 menti
198 884 271 937 tunc
290 894 352 937 non
372 876 499 955 obliget,
515 886 603 955 atque
616 886 727 949 cesset,
742 885 847 956 utpote
863 876 962 956 potius
975 878 1097 950 nociva,

81 958 177 1039 qndm
194 960 287 1021 utilis.
302 960 359 1019 Sed
373 960 495 1020 observa
516 978 582 1036 quae
599 960 665 1020 loco
679 962 767 1020 citato
782 958 874 1020 tusits
888 961 1038 1023 dicuntur.
1054 964 1099 1023 lta

79 1046 198 1123 pariter
213 1044 375 1105 omittenda
394 1053 469 1105 esset
482 1044 627 1104 correctio
645 1044 683 1104 de
702 1044 890 1104 restitutione
909 1044 1059 1116 facienda,
1073 1045 1098 1106 si

79 1126 166 1190 certe
183 1129 381 1207 praevideatur
396 1129 553 1201 futurum,
578 1138 612 1188 ut
627 1128 796 1207 paenitens,
811 1126 863 1207 qui
883 1145 964 1189 nunc
978 1137 1053 1189 osset
1065 1130 1097 1190 in

80 1213 164 1274 bona
182 1214 261 1288 lide,
286 1231 347 1275 non
371 1218 472 1291 pareat
489 1214 660 1274 monitioni.

121 1300 154 1359 9.
179 1295 381 1360 Nihilominirs
402 1296 565 1375 excipiendi
586 1307 656 1357 sunt
676 1302 833 1375 sequentes
851 1316 956 1359 casusa
975 1300 1000 1361 t.
1013 1300 1044 1362 si
1058 1319 1095 1363 ex

81 1381 149 1462 ipsa
171 1382 339 1461 ignorantia
358 1381 585 1443 redundandum
606 1390 684 1443 esset
703 1382 847 1442 damnum
865 1392 966 1444 eontra
984 1386 1098 1446 bonum

80 1487 245 1531 commune
266 1466 300 1549 (i.
315 1471 345 1529 6.
361 1486 393 1527 ιι.
409 1466 508 1545 ott),
528 1468 597 1545 quia
621 1476 693 1528 tunc
712 1468 925 1542 confessarius,
947 1465 1016 1529 cdm
1037 1472 1100 1549 ipse

81 1554 264 1617 constitutus
274 1554 313 1613 sit
321 1552 457 1613 minister
467 1552 499 1612 in
511 1550 623 1612 bonum
634 1552 821 1631 reipublicae,
833 1562 950 1614 tenetur
960 1556 1100 1633 praeferre

82 1638 201 1701 bonum
225 1637 378 1716 pubiicum
401 1636 480 1697 bono
505 1637 620 1715 privato
642 1638 833 1716 poenitentis,
851 1636 919 1699 licet
939 1640 1099 1717 praevideat

82 1724 301 1786 correctionem
321 1718 391 1781 huic
407 1739 467 1782 non
488 1738 550 1781 esse
569 1722 767 1801 profuturam.
782 1723 846 1797 Qua
862 1723 900 1783 de
922 1741 956 1783 re
974 1722 1098 1786 omnino

82 1807 267 1870 admonendi
288 1815 358 1867 sunt
378 1804 543 1885 principes,
563 1815 723 1885 praetores,
745 1808 931 1880 confessarii,
953 1809 1096 1886 parochi,

84 1904 114 1955 ct
125 1892 240 1971 praelati
253 1935 261 1964 ,
273 1890 324 1969 qui
337 1891 458 1971 proprio
469 1890 565 1951 officio
573 1891 681 1950 desunt
691 1912 700 1967 3
711 1892 779 1969 quia
789 1890 898 1951 borum
911 1892 1097 1970 ignominia,

85 1979 177 2040 ctiam
202 1974 403 2047 invincibilis,
421 1994 538 2055 semper
559 1976 669 2038 damno
692 1976 750 2037 crit
774 1976 999 2048 communitati,
1024 1976 1099 2041 ditm

83 2061 165 2124 bacili
188 2061 308 2140 negotio
330 2059 379 2120 alii
402 2069 507 2141 putare
527 2070 650 2139 possunt
669 2062 725 2122 sibi
748 2062 837 2122 licere
861 2062 941 2138 quod
958 2061 1098 2124 videnti

84 2145 298 2224 Superioribus
309 2145 445 2206 factitari.
459 2147 514 2218 Et,
529 2155 562 2206 ut
574 2147 660 2206 docet
671 2147 723 2206 SS.
738 2145 872 2204 Pontifex
885 2143 994 2204 Bened.
1004 2148 1056 2208 XI
1060 2147 1096 2211 V.

86 2227 209 2310 (Beda,
220 2231 382 2308 Apostolica
393 2274 401 2303 ,
412 2228 438 2310 §.
449 2229 528 2307 bd),
542 2229 647 2290 eodem
663 2228 752 2289 modo
763 2247 794 2287 se
807 2245 911 2305 gerere
926 2227 1013 2290 debet
1028 2248 1099 2291 eon·

23 2385 26 2392 ¹
88 2316 224 2377 fossarius
246 2333 315 2376 cum
339 2315 397 2387 iis,
416 2316 469 2394 qui
488 2315 677 2392 irequcntaut
702 2321 902 2385 sacramenta,
924 2329 962 2372 ne
983 2313 1098 2377 licitum

83 2399 234 2478 judicetur
253 2399 290 2460 ab
309 2399 391 2473 aliis,
410 2399 490 2478 quod
509 2397 633 2478 impune
648 2399 685 2459 ab
700 2397 747 2458 his
765 2399 893 2459 exerceri
912 2399 1098 2461 animadver-

87 2487 173 2546 titur.
187 2485 341 2562 Excipitur
355 2487 392 2545 ΙΙ.
410 2483 440 2544 Si
459 2485 605 2564 poenitens
622 2485 848 2563 interrogasset,
861 2484 930 2562 quia
945 2492 1017 2545 tunc
1030 2505 1097 2548 con·

86 2569 223 2631 fossarius
242 2575 395 2629 teneretur
415 2570 543 2649 pandere
560 2569 718 2630 veritatem
734 2566 769 2648 (l.
788 2569 818 2630 ti.
837 2567 1039 2648 ιι.616.);ιίι
1060 2589 1097 2632 co

87 2655 167 2716 cuim
189 2671 258 2714 casu
278 2655 444 2730 ignorantia
466 2672 528 2715 non
549 2662 625 2714 esset
644 2652 767 2715 omnind
788 2653 987 2727 invincibilis,
1008 2663 1099 2734 prout

75 2737 254 2816 'requiritur
266 2739 304 2798 ad
321 2736 396 2808 hoc,
413 2748 446 2798 ut
467 2739 563 2800 omitti
583 2739 675 2816 possit
689 2737 865 2800 admonitio.
880 2739 1032 2818 Excipitur
1044 2741 1097 2802 ΙΙΙ.

87 2825 116 2884 Si
131 2819 216 2882 brevi
233 2831 309 2882 essct
321 2825 467 2920 poerritcns
478 2823 675 2883 admonitioni
687 2840 875 2896 assensurus,
889 2821 983 2882 licet'
975 2840 1006 2882 ιιι
1020 2823 1099 2901 priu-

59 2945 61 2948 -
87 2907 166 2986 cipio
179 2924 242 2966 non
255 2908 458 2986 acquiescat(
441 2906 519 2970 Ibid.
531 2925 561 2967 v.
573 2906 893 3008 Exeipiendmnlll)
907 2905 985 2980 Quid
998 2915 1098 2968 autem

86 2989 254 3054 faciendum
268 2993 349 3053 sitin
366 2990 476 3062 dubio,
495 3012 533 3054 an
554 2995 698 3054 correctio
716 2996 756 3053 sit
776 2994 948 3072 protutura,
964 3010 1003 3052 an
1017 2993 1097 3052 uoci·

59 3105 62 3114 ·
88 3081 174 3137 tura?
188 3076 292 3137 Vide
283 3095 315 3135 ιιι
334 3077 430 3155 Opere
445 3071 559 3156 (Ibid.
550 3097 579 3138 o
597 3079 704 3139 Utrum
719 3076 849 3177 autem..)

60 3189 67 3250 3
127 3163 176 3221 to.
196 3163 266 3221 Post
287 3161 400 3221 debitas
420 3164 637 3236 correctiones,
658 3165 721 3223 site
742 3163 940 3235 monitiones,
958 3172 1094 3242 praestat,

60 3269 64 3307 ι
89 3255 123 3307 ut
141 3245 296 3307 laboretur
315 3247 351 3306 od
369 3245 587 3326 disponendum
607 3250 819 3348 paenitentem·
825 3247 863 3307 ad
883 3249 1096 3310 absolutionem

90 3348 143 3410 per
166 3337 250 3391 actus
272 3331 336 3404 reri
356 3331 483 3405 doloris,
498 3343 528 3394 et
550 3335 714 3412 propositi3
733 3332 871 3413 quocirca
891 3334 1019 3393 monitos
1036 3350 1098 3392 esse

89 3415 156 3477 rolo
169 3415 379 3488 confessarios,
398 3435 559 3496 perpaucos
572 3435 634 3479 esse
649 3418 717 3480 illos
730 3419 919 3496 poenitentes,
933 3415 1097 3496 presertim

89 3500 195 3574 rudes,
213 3501 265 3579 qui
286 3504 443 3580 praeposito
462 3513 528 3564 actu
545 3503 655 3564 doloris
674 3503 711 3563 ad
729 3502 929 3564 confitendum
943 3501 1096 3561 accedunt.

90 3585 234 3648 b'onnulli
249 3587 415 3650 confessarii
438 3597 543 3668 putant
561 3588 632 3650 satis
649 3605 703 3650 suo
719 3588 836 3650 muneri
853 3587 967 3656 iecisse,
981 3586 1006 3646 si
1019 3585 1096 3644 dun-
