2475 3975
370 213 420 272 Ex
439 208 575 292 operibus
591 207 744 274 Benedicti
753 213 845 276 XIV.
1059 221 1117 285 565

104 317 295 394 personatum
312 355 322 384 ,
339 311 401 374 sire
417 313 622 374 canonicatum
642 313 675 374 in
690 313 789 392 aliquia
810 312 974 376 Catbedrali
996 319 1114 382 ccclesia

105 398 269 458 obtineant.
290 395 412 458 uivere
433 397 604 475 designandi
617 404 688 459 sunt
706 399 744 458 ab
766 399 915 478 Episcopis
930 401 961 460 in
978 404 1113 482 synodis3

106 493 138 542 et
150 483 174 542 si
188 483 279 562 aliqui
296 491 365 543 ante
374 499 519 543 novarum
534 482 716 562 synodorum
726 478 953 544 celebrationem
966 485 1113 560 obierint,

104 567 245 628 substitui
264 567 313 627 alii
331 575 453 646 possunt
474 567 562 627 etiam
578 575 660 628 extra
677 567 827 647 synodum
839 567 876 628 ab
893 570 1034 649 Episcopo
1046 590 1112 632 cum

104 669 246 714 consensu
265 653 386 731 capituli
410 670 503 730 usque
525 652 562 712 ad
584 671 692 714 novam
715 652 862 731 synodum
887 657 1112 732 perseveraturi.

103 736 329 814 Designatorum
350 736 444 810 verb,
463 737 570 796 sivein
595 736 717 815 synodis
736 738 798 796 sive
817 746 898 798 extra
911 782 920 810 ‚
933 741 1054 800 nomina
1067 758 1115 799 sc·

104 821 230 881 cretario
263 821 429 899 supplicum
459 821 628 882 libellorum
647 820 800 881 Pontificis
821 821 1001 884 deierantur.
1029 826 1112 886 Desi-

103 910 233 982 gnentur
251 905 323 967 verb
350 907 452 966 saltem
482 915 609 983 quatuor
634 906 667 965 in
690 905 876 983 quacumque
900 908 1041 981 diaecesi,
1064 910 1112 970 vel

103 989 205 1066 plures
227 992 252 1054 si
270 990 434 1071 amplitudo
453 989 585 1068 ejusdem
609 990 748 1068 postulet.
772 992 872 1054 const.
893 991 1037 1068 Quonevia
1054 1009 1112 1072 po·

104 1079 204 1137 cerae.

486 1251 731 1317 tualsuterm.

141 1427 268 1490 interior
289 1427 426 1508 praelatus
445 1428 481 1489 ad
503 1428 582 1507 hoc,
609 1439 644 1490 ut
663 1430 847 1493 territorium
872 1439 1040 1511 separatam
1055 1441 1112 1508 ‚et

99 1515 336 1594 jurisdictionem
359 1513 561 1586 ordinariam,
585 1523 615 1574 et
637 1515 719 1593 quasi
743 1518 936 1596 episcopalem
951 1519 983 1577 in
998 1520 1109 1578 clerum

101 1609 132 1660 ct
155 1599 298 1678 populum
319 1597 468 1670 obtineat,
486 1615 554 1659 eum
574 1597 667 1676 ipsius
687 1601 822 1678 Episcopi
839 1602 1030 1672 exclusione,
1048 1621 1108 1661 non

99 1682 220 1760 juvatur
241 1700 294 1762 per
311 1681 573 1760 quadragenariam
593 1683 846 1761 praescriptionem
867 1704 935 1744 cum
956 1685 1044 1745 titulo
1061 1703 1111 1746 co-

102 1771 223 1836 lorato,
258 1765 310 1826 sed
336 1766 501 1842 requiritur
523 1764 636 1824 alarum
665 1775 695 1824 et
722 1767 882 1827 subsistens
910 1768 1109 1845 Apostolicum

100 1852 312 1932 privilegium,
337 1859 389 1908 aut
417 1849 596 1909 consuetudo
620 1850 864 1910 immemorabilis
889 1850 947 1910 rita
965 1853 1109 1929 probata,

102 1955 260 2017 perquam
278 1932 465 2013 privilegiam
487 1931 559 1993 illud
580 1933 617 1993 de
643 1930 713 2010 jure
739 1935 835 1995 valeat
860 1937 1021 2012 praesumi,
1046 1954 1111 2015 quae

99 2026 158 2083 l'uit
180 2022 251 2084 olim
279 2021 387 2081 decisio
411 2020 441 2078 S.
462 2020 603 2097 Congreg.
631 2021 720 2079 Cone.
747 2018 796 2080 dic
815 2020 834 2080 7
854 2020 983 2097 januarii
1008 2022 1109 2094 lidi,

101 2109 171 2168 dein
195 2106 354 2186 approbata
372 2102 389 2164 l
413 2100 556 2163 cteczencc
578 2104 639 2165 XI.
664 2103 714 2162 die
732 2106 770 2165 lt
780 2103 931 2182 januarii,
950 2114 979 2165 et
1003 2105 1111 2166 contir-

101 2200 181 2252 anata
205 2191 222 2251 a
248 2188 398 2253 Benedict.
422 2188 512 2249 XIV.
536 2188 569 2248 in
595 2204 650 2247 suo
671 2190 749 2247 Rull.
776 2192 860 2249 Tana
876 2199 975 2250 autem
996 2190 1111 2251 dicetur

100 2275 281 2338 consuetudo
299 2273 357 2337 ritia
373 2273 515 2346 inducta,
537 2272 610 2332 darm
637 2273 669 2333 in
689 2272 789 2351 aliquo
811 2274 874 2334 loco
895 2275 932 2333 ab
955 2276 1112 2337 immemo-

99 2360 187 2421 rabili
206 2370 338 2439 tempore
361 2358 485 2420 interior
502 2358 643 2437 praelatus
660 2375 779 2419 omnem
798 2358 1112 2437 omninbjurisdictio·

99 2446 212 2507 nalium
225 2454 342 2506 actuum
356 2444 483 2523 speciem
504 2444 546 2504 ita
569 2444 649 2505 solus
670 2442 860 2518 exhibuerit,
882 2454 916 2504 ut
932 2446 1108 2525 Episcopus,

99 2536 132 2591 in
148 2530 232 2607 cajus
243 2530 361 2592 dioecesi
380 2531 461 2590 loeus
479 2528 552 2587 sitas
569 2537 634 2601 cst,
655 2537 718 2589 toto
738 2546 774 2589 eo
796 2538 931 2608 tempore
948 2532 1060 2593 nullam
1076 2533 1109 2593 in

99 2614 147 2675 lais
162 2625 275 2695 partem
300 2613 459 2685 babuerit,
480 2630 534 2673 nce
554 2613 585 2673 in
605 2613 691 2673 iisse
715 2630 860 2693 umquam
881 2614 1043 2676 mIscuerit.
1066 2618 1110 2678 De

100 2702 173 2779 Syn.
188 2700 273 2761 dioec.
288 2698 343 2761 lib.
369 2699 418 2758 lb.
437 2715 502 2774 cap.
515 2696 545 2756 8.
563 2714 595 2756 n.
607 2698 656 2757 l8.
667 2705 697 2756 et
711 2699 761 2758 at.

137 2785 296 2863 Episcopi,
311 2780 379 2843 licit
399 2781 526 2842 babeant
536 2781 662 2860 capitula
672 2789 945 2862 quantumcumque
955 2792 1108 2864 exempta,

99 2876 222 2949 possunt
239 2886 293 2949 per
309 2868 418 2945 seipsos
447 2866 510 2926 sine
535 2865 681 2943 adjunctis
704 2866 742 2927 dc
763 2868 891 2945 capitulo
916 2870 1035 2927 visimre
1057 2872 1110 2929 Ec-

98 2953 217 3015 clesiam
231 2996 239 3027 ,
255 2954 409 3013 canonicos
427 2959 457 3013 ct
479 2950 684 3024 beneficiatos,
697 2960 732 3011 ut
747 2951 878 3013 decisam
894 2950 910 3011 la
929 2954 960 3009 S.
981 2954 1110 3029 Congre-

98 3038 218 3117 gatione
234 3036 357 3099 Consilii
379 3038 411 3097 ia
429 3036 555 3115 quddam
574 3037 659 3097 causi
679 3038 872 3109 zamorensi,
893 3036 1026 3114 quamvis
1050 3055 1111 3099 non

98 3124 214 3203 possint
226 3125 411 3185 committere
422 3117 479 3182 hoc
490 3138 605 3185 munus
618 3121 716 3184 alteri.
731 3123 775 3183 De
788 3120 902 3201 Synod.
916 3123 1008 3184 Dioec.
1024 3124 1046 3184 l.
1060 3124 1107 3184 15.

99 3230 125 3271 c.
151 3209 180 3268 a.
197 3226 228 3268 n.
248 3210 277 3269 6.

139 3293 169 3351 Sl
190 3298 291 3353 tamen
315 3300 398 3353 extra
413 3292 612 3354 visitationem
627 3292 723 3353 velint
741 3298 843 3353 contra
856 3292 1028 3354 mannicum
1040 3311 1109 3372 pro-

98 3377 225 3450 cedere,
248 3384 389 3438 tenentur
404 3378 479 3439 duos
506 3396 542 3439 ex
561 3378 689 3455 capitulo
712 3378 866 3439 canonicos
885 3377 1037 3455 adjunctos
1062 3375 1110 3435 ba·

93 3460 228 3535 -beee‚a
253 3462 381 3540 capitulo
401 3480 480 3523 anno
503 3462 638 3539 quolibet
663 3464 785 3523 ineunte
817 3460 1033 3541 designandos,
1058 3460 1109 3535 qui

97 3559 199 3628 tamen
226 3545 287 3607 duo
307 3547 438 3608 canonici
458 3545 644 3607 constituunt
669 3562 763 3605 unum
782 3540 987 3607 tantummodi
1009 3540 1111 3600 suffra·

96 3633 205 3713 giu1u5
227 3638 257 3692 ct
274 3631 297 3691 si
321 3631 408 3693 ambo
435 3631 611 3699 corrrcniane
630 3631 663 3694 ia
680 3630 855 3693 seutentiam
882 3624 1023 3766 Eqiscopo
1040 3641 1110 3682 con-

891 3728 909 3769 a
932 3749 951 3767 ..
