2475 3975
84 185 145 247 200
387 179 524 238 Examen
535 173 782 240 ordinandorum.

84 280 355 362 quatuor-mortalia
366 280 544 349 committit,
556 281 585 339 1.
598 279 669 358 quia
680 275 800 356 indigne
809 283 973 348 consecrat,
984 278 1014 336 1.
1025 280 1098 356 quia

83 367 205 447 indigne
213 368 325 438 sumit,
339 367 369 426 5.
383 365 452 444 quia
466 361 586 442 indigne
599 363 750 424 ministrat
760 407 767 436 ,
779 369 808 422 ct
823 365 852 422 1.
866 362 935 440 quia
948 363 1099 426 ministrat

83 453 227 532 indigno,
239 453 291 530 qui
313 460 357 512 est
372 451 435 530 ipse
453 447 533 508 idem
552 445 585 526 (l.
601 451 632 508 6.
647 466 680 509 0.
692 449 741 508 55.
761 465 789 507 0.
808 445 910 524 Hinc).

125 539 173 598 11.
187 570 228 582 -
243 537 342 611 Quoer.
363 553 401 594 an
422 542 521 612 peccet
543 534 674 612 graviter
695 532 746 610 qui
768 533 895 591 existens
915 531 948 590 in
976 535 1098 595 mortali

84 622 234 682 ministret
251 627 466 680 sacramentum
480 618 512 677 in
531 615 720 686 necessitate,
735 617 758 676 si
773 616 810 675 ad
824 612 898 675 illud
917 625 1099 678 00000101·-

30 732 33 738 ¹
84 705 221 777 dinetus,
235 713 268 765 ut
286 703 377 763 laicus
396 702 621 762 matrimonium
641 699 833 773 contrahens,
849 709 900 761 aut
921 700 1097 780 baptizans;

84 790 132 850 vel
152 791 176 848 si
196 794 239 848 est
252 788 423 864 ordinatus,
442 787 492 846 sed
512 786 660 847 ministrat
674 804 733 845 non
748 787 942 846 solemniter?
954 787 1011 847 Alii
1025 805 1098 867 pro·

85 874 223 936 babiliter
240 881 370 952 negant,
392 872 529 932 016001.
558 875 670 932 Toum.
692 868 800 930 Notol.
825 868 911 930 Alea.
934 869 1098 934 01011100

85 961 126 1018 D.
142 957 195 1021 Tb.
209 959 249 1036 (5.
265 978 298 1038 p.
312 977 365 1041 90.
383 959 434 1018 61.
446 964 505 1017 ort.
522 958 552 1016 6.
565 954 604 1016 ad
618 955 671 1032 5.).
684 956 740 1016 Sed
756 954 936 1035 probabilius
947 956 1099 1020 affirmant

87 1047 172 1105 Cont.
202 1047 315 1106 Toum.
339 1045 385 1103 La
416 1041 524 1116 Croix,
544 1041 689 1111 Antoinc,
713 1043 812 1122 1090,
829 1041 977 1113 Ρο01100,
1003 1043 1098 1122 Vasq.

84 1131 219 1189 Nauem.
233 1138 286 1190 etc.
301 1129 370 1206 quia
388 1144 504 1204 semper
523 1134 622 1185 sancta
647 1124 745 1186 sanctd
764 1125 914 1186 tractanda
926 1134 996 1187 sunt
1014 1125 1047 1206 (l.
1064 1130 1097 1188 6.

85 1212 361 1292 0510101οἰ000
378 1221 478 1272 autern
497 1211 669 1271 solemniter
684 1211 1100 1273 ministraturussacramenta

85 1301 110 1359 si
122 1306 167 1358 est
180 1297 358 1370 inmortali,
374 1295 500 1369 sufficit,
515 1303 549 1355 ut
561 1296 660 1356 eliciat
673 1301 787 1356 eertum
798 1305 897 1356 actum
912 1298 1100 1360 contritionis

86 1379 221 1460 (11100.
236 1382 298 1462 tt.)
311 1403 320 1461 ς
333 1382 533 1443 celebraturus
548 1380 620 1442 verb
637 1379 774 1452 missam,
790 1381 877 1442 debet
887 1382 1100 1444 confessionem

85 1467 265 1543 praemittere
282 1489 291 1526 ε
313 1475 436 1548 excepto
458 1485 526 1528 casu
543 1485 603 1544 quo
626 1483 661 1526 ex
680 1466 852 1526 necessitate
871 1485 908 1526 ex
929 1484 988 1528 una
1013 1477 1101 1547 parte

85 1550 206 1610 deberet
221 1552 388 1622 celebrare,
407 1561 438 1612 01
459 1569 495 1612 ex
515 1553 572 1612 alia
594 1569 655 1610 non
677 1550 790 1610 adesset
807 1552 891 1629 copia
908 1553 1074 1612 confessarii
1089 1576 1100 1631 ς

85 1635 136 1695 scd
150 1645 219 1696 tunc
239 1645 306 1716 post
325 1636 555 1699 celebrationem
583 1636 671 1697 debet
694 1634 919 1714 quamprimtim
942 1637 1076 1699 confiteri
1086 1685 1098 1716 ,

86 1727 121 1779 ut
138 1722 270 1801 praecipit
280 1721 491 1783 'laidentinum
509 1739 578 1783 sees.
591 1723 640 1781 15.
654 1739 679 1780 0.
691 1723 722 1780 7.
734 1719 822 1799 (Vide
835 1717 857 1780 l.
874 1723 905 1781 6.
918 1741 950 1784 0.
962 1724 1058 1803 bid).

125 1807 173 1866 15.
186 1808 433 1869 -Consessarius
455 1805 572 1868 tantiam
590 1807 712 1867 audiens
733 1807 945 1868 contessionem
963 1809 996 1869 10
1016 1829 1103 1871 mor-

85 1893 158 1965 tali,
175 1895 359 1974 probabilius
370 1904 414 1956 est
427 1913 493 1955 eum
509 1895 607 1974 lupo,
619 1896 706 1974 Spor.
720 1889 813 1954 sata.
828 1890 932 1967 0110,
948 1894 1036 1956 Croc'e
1049 1939 1057 1967 ,
1071 1906 1104 1958 et

86 1975 177 2053 attis,
191 1979 271 2061 qudd
294 2000 355 2042 non
368 1989 468 2059 peccet
480 1981 629 2057 graviter,
645 1979 714 2056 quia
728 1996 786 2036 000
805 1977 922 2039 conficit
933 1998 1104 2042 sacramen-

85 2066 209 2126 tumst
232 2064 304 2127 vend
327 2065 454 2124 absolvit
478 2064 578 2142 plures
599 2063 793 2141 poenitentes,
807 2060 896 2121 etiam
914 2065 1100 2139 successive,

86 2150 120 2211 in
138 2159 216 2211 statu
242 2152 355 2229 peccati
375 2149 532 2220 mortalis,
555 2149 642 2227 plura
670 2146 806 2207 mortalia
828 2148 1007 2219 committit,
1028 2153 1102 2229 quia

85 2234 173 2313 plura
189 2241 369 2295 sacramenta
390 2233 527 2293 distincta
546 2234 698 2293 ministrat
712 2228 747 2311 (l.
763 2252 788 2293 0.
802 2251 835 2293 0.
847 2234 896 2293 56.
917 2251 947 2293 0.
972 2235 1029 2310 Qu.
1044 2236 1100 2313 5.).

84 2320 224 2379 Sacerdos
238 2320 329 2389 item,
344 2328 395 2378 aut
405 2318 545 2380 diaeonus
557 2319 729 2379 ministrans
745 2318 957 2381 Eucharistiam
969 2321 1001 2381 10
1017 2338 1101 2381 mor-

84 2404 136 2464 tali
158 2404 323 2463 mortaliter
337 2411 454 2480 peccat,
471 2404 538 2480 quia
561 2402 697 2480 proxime
716 2406 866 2465 concurrit
884 2406 921 2465 ad
936 2405 1101 2467 sanetifica-

84 2489 197 2550 tionem
216 2487 509 2547 communicantium.
523 2488 567 2545 lta
580 2488 742 2548 tenendum
753 2509 819 2549 cum
831 2489 984 2568 pluribus,
996 2498 1101 2553 contra

84 2573 155 2633 alios
167 2568 199 2648 (l.
222 2590 248 2633 o.
270 2590 304 2632 n.
319 2570 393 2651 55.)
410 2571 567 2631 Celebrans
583 2582 683 2632 autem
701 2572 734 2633 in
755 2576 895 2651 mortali,
916 2575 941 2634 si
962 2575 1101 2653 pluribus

84 2657 299 2720 Eucharistiam
310 2658 477 2729 ministrat,
494 2657 782 2737 probabiliirsunum
793 2660 917 2721 mortale
927 2662 1100 2737 committit,

85 2746 155 2823 quia
176 2744 352 2803 ministratio
373 2744 441 2815 illa,
460 2753 490 2803 et
509 2746 681 2805 communio
701 2753 745 2805 est
763 2746 848 2805 unica
871 2746 945 2807 aetio
958 2746 1099 2822 moralis,

86 2831 267 2907 unicumque
277 2829 447 2890 convivium
461 2828 545 2909 (Vid.
557 2828 579 2889 t.
594 2833 624 2891 6.
638 2850 670 2890 0.
683 2832 731 2890 56.
745 2850 775 2891 0.
787 2829 902 2908 Hine).

124 2918 173 2976 11.
190 2946 229 2959 -
240 2914 360 2975 Diaconi
375 2959 383 2987 ,
399 2923 430 2975 01
448 2915 639 2985 subdiaconi,
655 2917 679 2974 si
698 2916 911 2975 ministrantia
925 2916 1100 2979 altariexis·

87 3010 181 3060 tentes
196 3001 229 3061 10
252 3001 389 3073 mortali,
403 2999 486 3078 ju'xta
500 3001 601 3079 plures
615 2999 809 3077 probabiliter·
822 3008 944 3078 peccant
955 3002 1098 3083 graviter,

85 3085 136 3143 scd
158 3084 244 3161 juxta
269 3087 504 3147 communiorem
530 3083 725 3157 sententiam,
745 3092 776 3144 ct
805 3086 872 3143 satis
890 3086 1098 3164 probabilem,

86 3167 117 3226 id
142 3178 283 3246 negatur3
307 3173 376 3250 quia
401 3189 461 3231 non
481 3168 643 3229 conficiunt
663 3186 717 3228 nec
746 3169 917 3231 ministrant
933 3190 1099 3237 sacramen-

86 3258 168 3323 tum,
183 3269 238 3311 nec
255 3263 394 3315 exercent
412 3254 577 3316 functiones
596 3251 730 3330 proxime
752 3254 901 3317 ordinatas
914 3255 952 3317 ad
970 3262 1100 3321 sanctiti-

84 3333 229 3391 cationem
247 3337 352 3396 animae
370 3338 403 3416 (l.
418 3343 448 3400 6.
470 3358 503 3399 0.
529 3341 579 3400 57.
593 3347 623 3398 01
642 3337 714 3416 58.)
739 3341 933 3403 concionator
953 3344 1024 3405 item
1045 3347 1097 3424 qui

85 3414 224 3487 praedicat
242 3416 274 3473 in
297 3424 435 3493 mortali,
449 3443 511 3485 non
527 3434 627 3503 peccat
647 3426 794 3504 graviter,
809 3436 844 3488 ut
860 3427 1046 3492 communitis
1068 3442 1099 3495 01

84 3495 380 3591 probabilidsduccnt
391 3506 497 3578 Gotzct,
508 3512 608 3591 lupo,
622 3514 755 3595 Cestrop.
770 3516 884 3577 Bonae.
904 3516 992 3597 Vasq.
1003 3512 1057 3576 Sol
1087 3562 1096 3579 .

87 3573 194 3647 clm,
219 3586 248 3636 et
264 3577 320 3638 010
343 3580 457 3657 (eontra
478 3594 575 3656 Merb.
600 3597 691 3660 1000.
704 3598 789 3681 010.),·
804 3618 863 3663 000
881 3601 960 3663 enim
984 3612 1097 3663 exercet
