<?xml version="1.0" encoding="UTF-8"?>
<!DOCTYPE html PUBLIC "-//W3C//DTD XHTML 1.0 Transitional//EN"
    "http://www.w3.org/TR/xhtml1/DTD/xhtml1-transitional.dtd">
<html xmlns="http://www.w3.org/1999/xhtml" xml:lang="en" lang="en">
 <head>
  <title>
</title>
<meta http-equiv="Content-Type" content="text/html;charset=utf-8" />
  <meta name='ocr-system' content='tesseract 3.04.00' />
  <meta name='ocr-capabilities' content='ocr_page ocr_carea ocr_par ocr_line ocrx_word'/>
</head>
<body>
  <div class='ocr_page' id='page_1' title='image "./theologiamorali04heilgoog_0444.png"; bbox 0 0 2475 3975; ppageno 0'>
   <div class='ocr_carea' id='block_1_1' title="bbox 129 192 942 283">
    <p class='ocr_par' dir='ltr' id='par_1_1' title="bbox 129 192 942 283">
     <span class='ocr_line' id='line_1_1' title="bbox 129 192 942 283; baseline -0.001 -18"><span class='ocrx_word' id='word_1_1' title='bbox 129 204 189 267; x_wconf 81' lang='lat' dir='ltr'><strong>tlt</strong></span> <span class='ocrx_word' id='word_1_2' title='bbox 254 234 258 243; x_wconf 58' lang='lat'><em>1</em></span> <span class='ocrx_word' id='word_1_3' title='bbox 317 196 606 283; x_wconf 72' lang='lat' dir='ltr'><strong>Epitonaedoctrino·</strong></span> <span class='ocrx_word' id='word_1_4' title='bbox 621 192 743 263; x_wconf 71' lang='lat' dir='ltr'><strong>morali</strong></span> <span class='ocrx_word' id='word_1_5' title='bbox 757 208 785 261; x_wconf 85' lang='lat' dir='ltr'><strong>tt</strong></span> <span class='ocrx_word' id='word_1_6' title='bbox 794 197 942 264; x_wconf 69' lang='lat' dir='ltr'><strong>cononice</strong></span> 
     </span>
    </p>
   </div>
   <div class='ocr_carea' id='block_1_2' title="bbox 90 292 1225 2575">
    <p class='ocr_par' dir='ltr' id='par_1_2' title="bbox 127 292 1148 1738">
     <span class='ocr_line' id='line_1_2' title="bbox 129 292 1143 382; baseline 0 -19"><span class='ocrx_word' id='word_1_7' title='bbox 129 320 196 373; x_wconf 77' lang='lat' dir='ltr'><strong>aem</strong></span> <span class='ocrx_word' id='word_1_8' title='bbox 221 302 401 376; x_wconf 75' lang='lat' dir='ltr'>docuerint,</span> <span class='ocrx_word' id='word_1_9' title='bbox 426 303 544 382; x_wconf 86' lang='lat' dir='ltr'><strong>quique·</strong></span> <span class='ocrx_word' id='word_1_10' title='bbox 565 302 801 362; x_wconf 70' lang='lat' dir='ltr'><strong>institutionibus</strong></span> <span class='ocrx_word' id='word_1_11' title='bbox 822 300 902 361; x_wconf 78' lang='lat' dir='ltr'><strong>liisce</strong></span> <span class='ocrx_word' id='word_1_12' title='bbox 921 292 1143 374; x_wconf 72' lang='lat' dir='ltr'><strong>intonuerint,</strong></span> 
     </span>
     <span class='ocr_line' id='line_1_3' title="bbox 127 386 1145 469; baseline -0.003 -20"><span class='ocrx_word' id='word_1_13' title='bbox 127 388 215 449; x_wconf 86' lang='lat' dir='ltr'><strong>toties</strong></span> <span class='ocrx_word' id='word_1_14' title='bbox 236 390 353 469; x_wconf 83' lang='lat' dir='ltr'><strong>quoties</strong></span> <span class='ocrx_word' id='word_1_15' title='bbox 369 388 523 449; x_wconf 86' lang='lat' dir='ltr'><strong>lucrantur</strong></span> <span class='ocrx_word' id='word_1_16' title='bbox 547 386 762 465; x_wconf 79' lang='lat' dir='ltr'><strong>indulgentiam</strong></span> <span class='ocrx_word' id='word_1_17' title='bbox 781 395 894 465; x_wconf 85' lang='lat' dir='ltr'><strong>septam</strong></span> <span class='ocrx_word' id='word_1_18' title='bbox 916 401 1088 458; x_wconf 87' lang='lat' dir='ltr'><strong>annorum,</strong></span> <span class='ocrx_word' id='word_1_19' title='bbox 1110 394 1145 447; x_wconf 86' lang='lat' dir='ltr'><strong>ct</strong></span> 
     </span>
     <span class='ocr_line' id='line_1_4' title="bbox 128 469 1148 552; baseline 0 -19"><span class='ocrx_word' id='word_1_20' title='bbox 128 473 252 535; x_wconf 85' lang='lat' dir='ltr'><strong>totidem</strong></span> <span class='ocrx_word' id='word_1_21' title='bbox 276 474 496 552; x_wconf 76' lang='lat' dir='ltr'><strong>quadragenas,</strong></span> <span class='ocrx_word' id='word_1_22' title='bbox 514 471 677 533; x_wconf 86' lang='lat' dir='ltr'><strong>dummodo</strong></span> <span class='ocrx_word' id='word_1_23' title='bbox 707 470 777 533; x_wconf 74' lang='lat' dir='ltr'><strong>sart</strong></span> <span class='ocrx_word' id='word_1_24' title='bbox 804 470 980 549; x_wconf 74' lang='lat' dir='ltr'><strong>paenitentes</strong></span> <span class='ocrx_word' id='word_1_25' title='bbox 1003 469 1083 542; x_wconf 85' lang='lat' dir='ltr'><strong>siut,</strong></span> <span class='ocrx_word' id='word_1_26' title='bbox 1107 488 1148 533; x_wconf 82' lang='lat' dir='ltr'><strong>ao</strong></span> 
     </span>
     <span class='ocr_line' id='line_1_5' title="bbox 127 552 1143 632; baseline -0.003 -15"><span class='ocrx_word' id='word_1_27' title='bbox 127 560 212 619; x_wconf 83' lang='lat' dir='ltr'><strong>sacri</strong></span> <span class='ocrx_word' id='word_1_28' title='bbox 228 558 438 619; x_wconf 86' lang='lat' dir='ltr'><strong>communione</strong></span> <span class='ocrx_word' id='word_1_29' title='bbox 453 558 553 619; x_wconf 83' lang='lat' dir='ltr'><strong>reiecti</strong></span> <span class='ocrx_word' id='word_1_30' title='bbox 570 580 578 617; x_wconf 73' lang='grc' dir='ltr'><strong>ε</strong></span> <span class='ocrx_word' id='word_1_31' title='bbox 596 558 696 618; x_wconf 79' lang='lat' dir='ltr'><strong>const.</strong></span> <span class='ocrx_word' id='word_1_32' title='bbox 714 552 978 631; x_wconf 79' lang='lat' dir='ltr'><strong>Qumrodmodmrt.</strong></span> <span class='ocrx_word' id='word_1_33' title='bbox 992 555 1067 615; x_wconf 93' lang='lat' dir='ltr'><strong>ltem</strong></span> <span class='ocrx_word' id='word_1_34' title='bbox 1085 554 1143 632; x_wconf 83' lang='lat' dir='ltr'><strong>qui</strong></span> 
     </span>
     <span class='ocr_line' id='line_1_6' title="bbox 128 637 1146 721; baseline -0.001 -21"><span class='ocrx_word' id='word_1_35' title='bbox 128 640 160 701; x_wconf 88' lang='lat' dir='ltr'><strong>id</strong></span> <span class='ocrx_word' id='word_1_36' title='bbox 174 642 366 721; x_wconf 70' lang='lat' dir='ltr'><strong>praestiterint</strong></span> <span class='ocrx_word' id='word_1_37' title='bbox 377 641 492 704; x_wconf 71' lang='lat' dir='ltr'><strong>assidue</strong></span> <span class='ocrx_word' id='word_1_38' title='bbox 506 686 514 714; x_wconf 94' lang='lat'><strong>,</strong></span> <span class='ocrx_word' id='word_1_39' title='bbox 531 641 622 702; x_wconf 88' lang='lat' dir='ltr'><strong>semel</strong></span> <span class='ocrx_word' id='word_1_40' title='bbox 637 642 761 719; x_wconf 78' lang='lat' dir='ltr'><strong>singulis</strong></span> <span class='ocrx_word' id='word_1_41' title='bbox 778 639 946 710; x_wconf 85' lang='lat' dir='ltr'><strong>mensibus,</strong></span> <span class='ocrx_word' id='word_1_42' title='bbox 959 637 1028 699; x_wconf 74' lang='lat' dir='ltr'><strong>veria</strong></span> <span class='ocrx_word' id='word_1_43' title='bbox 1041 640 1146 717; x_wconf 85' lang='lat' dir='ltr'><strong>poeni·</strong></span> 
     </span>
     <span class='ocr_line' id='line_1_7' title="bbox 128 724 1147 802; baseline -0.001 -17"><span class='ocrx_word' id='word_1_44' title='bbox 128 732 240 798; x_wconf 65' lang='lat' dir='ltr'><strong>mutes,</strong></span> <span class='ocrx_word' id='word_1_45' title='bbox 259 726 600 787; x_wconf 78' lang='lat' dir='ltr'><strong>etmendeommunione</strong></span> <span class='ocrx_word' id='word_1_46' title='bbox 618 726 741 797; x_wconf 79' lang='lat' dir='ltr'><strong>reiecti,</strong></span> <span class='ocrx_word' id='word_1_47' title='bbox 758 734 789 785; x_wconf 92' lang='lat' dir='ltr'><strong>et</strong></span> <span class='ocrx_word' id='word_1_48' title='bbox 804 739 859 802; x_wconf 88' lang='lat' dir='ltr'><strong>pro</strong></span> <span class='ocrx_word' id='word_1_49' title='bbox 876 733 1015 784; x_wconf 89' lang='lat' dir='ltr'><strong>consueto</strong></span> <span class='ocrx_word' id='word_1_50' title='bbox 1038 724 1147 784; x_wconf 84' lang='lat' dir='ltr'><strong>indul·</strong></span> 
     </span>
     <span class='ocr_line' id='line_1_8' title="bbox 128 808 1144 889; baseline 0.002 -21"><span class='ocrx_word' id='word_1_51' title='bbox 128 811 295 887; x_wconf 75' lang='lat' dir='ltr'><strong>gentianum</strong></span> <span class='ocrx_word' id='word_1_52' title='bbox 311 828 395 870; x_wconf 90' lang='lat' dir='ltr'><strong>more</strong></span> <span class='ocrx_word' id='word_1_53' title='bbox 410 818 548 881; x_wconf 88' lang='lat' dir='ltr'><strong>orantes,</strong></span> <span class='ocrx_word' id='word_1_54' title='bbox 571 810 735 889; x_wconf 75' lang='lat' dir='ltr'><strong>plenariam</strong></span> <span class='ocrx_word' id='word_1_55' title='bbox 752 809 968 887; x_wconf 81' lang='lat' dir='ltr'><strong>indulgentium</strong></span> <span class='ocrx_word' id='word_1_56' title='bbox 982 808 1144 871; x_wconf 76' lang='lat' dir='ltr'><strong>animabus</strong></span> 
     </span>
     <span class='ocr_line' id='line_1_9' title="bbox 128 892 1144 975; baseline 0.004 -23"><span class='ocrx_word' id='word_1_57' title='bbox 128 894 218 955; x_wconf 89' lang='lat' dir='ltr'><strong>ctiam</strong></span> <span class='ocrx_word' id='word_1_58' title='bbox 237 896 399 975; x_wconf 75' lang='lat' dir='ltr'><strong>purgatorii</strong></span> <span class='ocrx_word' id='word_1_59' title='bbox 417 895 624 974; x_wconf 86' lang='lat' dir='ltr'><strong>applicabilem</strong></span> <span class='ocrx_word' id='word_1_60' title='bbox 638 896 777 972; x_wconf 84' lang='lat' dir='ltr'><strong>consequi</strong></span> <span class='ocrx_word' id='word_1_61' title='bbox 791 901 924 973; x_wconf 83' lang='lat' dir='ltr'><strong>possunt.</strong></span> <span class='ocrx_word' id='word_1_62' title='bbox 938 892 1022 967; x_wconf 90' lang='lat' dir='ltr'><strong>Quod</strong></span> <span class='ocrx_word' id='word_1_63' title='bbox 1032 893 1144 955; x_wconf 86' lang='lat' dir='ltr'><strong>itidem</strong></span> 
     </span>
     <span class='ocr_line' id='line_1_10' title="bbox 129 974 1143 1059; baseline 0.002 -21"><span class='ocrx_word' id='word_1_64' title='bbox 129 977 259 1039; x_wconf 80' lang='lat' dir='ltr'><strong>obtindri</strong></span> <span class='ocrx_word' id='word_1_65' title='bbox 279 978 316 1039; x_wconf 91' lang='lat' dir='ltr'><strong>ab</strong></span> <span class='ocrx_word' id='word_1_66' title='bbox 333 979 370 1039; x_wconf 90' lang='lat' dir='ltr'><strong>iis</strong></span> <span class='ocrx_word' id='word_1_67' title='bbox 393 987 510 1059; x_wconf 79' lang='lat' dir='ltr'><strong>potest,</strong></span> <span class='ocrx_word' id='word_1_68' title='bbox 531 979 582 1059; x_wconf 81' lang='lat' dir='ltr'><strong>qui</strong></span> <span class='ocrx_word' id='word_1_69' title='bbox 605 974 739 1059; x_wconf 87' lang='lat' dir='ltr'><strong>quotidid</strong></span> <span class='ocrx_word' id='word_1_70' title='bbox 759 984 822 1039; x_wconf 90' lang='lat' dir='ltr'><strong>toto</strong></span> <span class='ocrx_word' id='word_1_71' title='bbox 841 991 942 1037; x_wconf 84' lang='lat' dir='ltr'><strong>manse</strong></span> <span class='ocrx_word' id='word_1_72' title='bbox 956 994 1015 1037; x_wconf 88' lang='lat' dir='ltr'><strong>uuo</strong></span> <span class='ocrx_word' id='word_1_73' title='bbox 1032 977 1143 1040; x_wconf 88' lang='lat' dir='ltr'><strong>saltem</strong></span> 
     </span>
     <span class='ocr_line' id='line_1_11' title="bbox 129 1060 1144 1145; baseline 0 -22"><span class='ocrx_word' id='word_1_74' title='bbox 129 1060 212 1124; x_wconf 80' lang='lat' dir='ltr'><strong>borae</strong></span> <span class='ocrx_word' id='word_1_75' title='bbox 225 1063 390 1141; x_wconf 76' lang='lat' dir='ltr'><strong>quadrante</strong></span> <span class='ocrx_word' id='word_1_76' title='bbox 408 1066 534 1125; x_wconf 91' lang='lat' dir='ltr'><strong>orationi</strong></span> <span class='ocrx_word' id='word_1_77' title='bbox 561 1065 681 1124; x_wconf 87' lang='lat' dir='ltr'><strong>mentali</strong></span> <span class='ocrx_word' id='word_1_78' title='bbox 708 1081 828 1143; x_wconf 89' lang='lat' dir='ltr'><strong>operam</strong></span> <span class='ocrx_word' id='word_1_79' title='bbox 855 1062 1021 1134; x_wconf 86' lang='lat' dir='ltr'><strong>dederunt,</strong></span> <span class='ocrx_word' id='word_1_80' title='bbox 1049 1062 1144 1145; x_wconf 90' lang='lat' dir='ltr'><strong>dum·</strong></span> 
     </span>
     <span class='ocr_line' id='line_1_12' title="bbox 130 1146 1144 1228; baseline 0.002 -20"><span class='ocrx_word' id='word_1_81' title='bbox 130 1148 220 1209; x_wconf 86' lang='lat' dir='ltr'><strong>modo</strong></span> <span class='ocrx_word' id='word_1_82' title='bbox 231 1148 293 1207; x_wconf 87' lang='lat' dir='ltr'><strong>sint</strong></span> <span class='ocrx_word' id='word_1_83' title='bbox 304 1147 376 1210; x_wconf 75' lang='lat' dir='ltr'><strong>vere</strong></span> <span class='ocrx_word' id='word_1_84' title='bbox 394 1150 571 1228; x_wconf 76' lang='lat' dir='ltr'><strong>punbcntea</strong></span> <span class='ocrx_word' id='word_1_85' title='bbox 581 1159 611 1209; x_wconf 91' lang='lat' dir='ltr'><strong>et</strong></span> <span class='ocrx_word' id='word_1_86' title='bbox 624 1150 746 1210; x_wconf 80' lang='lat' dir='ltr'><strong>molossi</strong></span> <span class='ocrx_word' id='word_1_87' title='bbox 762 1192 771 1221; x_wconf 91' lang='lat'><strong>,</strong></span> <span class='ocrx_word' id='word_1_88' title='bbox 789 1162 823 1207; x_wconf 89' lang='lat' dir='ltr'><strong>ac</strong></span> <span class='ocrx_word' id='word_1_89' title='bbox 836 1146 916 1209; x_wconf 85' lang='lat' dir='ltr'><strong>saard</strong></span> <span class='ocrx_word' id='word_1_90' title='bbox 929 1148 1144 1210; x_wconf 87' lang='lat' dir='ltr'><strong>communione</strong></span> 
     </span>
     <span class='ocr_line' id='line_1_13' title="bbox 129 1233 1144 1315; baseline 0 -20"><span class='ocrx_word' id='word_1_91' title='bbox 129 1234 252 1303; x_wconf 76' lang='lat' dir='ltr'><strong>raiaco,</strong></span> <span class='ocrx_word' id='word_1_92' title='bbox 271 1242 302 1295; x_wconf 90' lang='lat' dir='ltr'><strong>et</strong></span> <span class='ocrx_word' id='word_1_93' title='bbox 320 1235 471 1295; x_wconf 75' lang='lat' dir='ltr'><strong>amoenat</strong></span> <span class='ocrx_word' id='word_1_94' title='bbox 491 1250 546 1315; x_wconf 89' lang='lat' dir='ltr'><strong>pro</strong></span> <span class='ocrx_word' id='word_1_95' title='bbox 563 1235 742 1306; x_wconf 75' lang='lat' dir='ltr'><strong>concordia,</strong></span> <span class='ocrx_word' id='word_1_96' title='bbox 761 1234 1016 1311; x_wconf 83' lang='lat' dir='ltr'><strong>etc.Quapropter</strong></span> <span class='ocrx_word' id='word_1_97' title='bbox 1034 1233 1144 1295; x_wconf 82' lang='lat' dir='ltr'><strong>suadet</strong></span> 
     </span>
     <span class='ocr_line' id='line_1_14' title="bbox 131 1318 1143 1399; baseline 0 -22"><span class='ocrx_word' id='word_1_98' title='bbox 131 1318 284 1391; x_wconf 76' lang='lat' dir='ltr'><strong>Pontifex,</strong></span> <span class='ocrx_word' id='word_1_99' title='bbox 300 1326 335 1379; x_wconf 88' lang='lat' dir='ltr'><strong>ut</strong></span> <span class='ocrx_word' id='word_1_100' title='bbox 351 1318 485 1399; x_wconf 65' lang='lat' dir='ltr'><strong>bpboopi</strong></span> <span class='ocrx_word' id='word_1_101' title='bbox 503 1320 659 1397; x_wconf 73' lang='lat' dir='ltr'><strong>iniungant</strong></span> <span class='ocrx_word' id='word_1_102' title='bbox 677 1320 800 1399; x_wconf 78' lang='lat' dir='ltr'><strong>singulis</strong></span> <span class='ocrx_word' id='word_1_103' title='bbox 811 1318 1027 1399; x_wconf 80' lang='lat' dir='ltr'><strong>praecipuarum</strong></span> <span class='ocrx_word' id='word_1_104' title='bbox 1040 1318 1143 1378; x_wconf 84' lang='lat' dir='ltr'><strong>Eccle-</strong></span> 
     </span>
     <span class='ocr_line' id='line_1_15' title="bbox 130 1400 1143 1485; baseline 0.001 -21"><span class='ocrx_word' id='word_1_105' title='bbox 130 1404 242 1465; x_wconf 84' lang='lat' dir='ltr'><strong>siarum</strong></span> <span class='ocrx_word' id='word_1_106' title='bbox 253 1405 417 1483; x_wconf 71' lang='lat' dir='ltr'><strong>propositio</strong></span> <span class='ocrx_word' id='word_1_107' title='bbox 435 1405 467 1466; x_wconf 92' lang='lat' dir='ltr'><strong>in</strong></span> <span class='ocrx_word' id='word_1_108' title='bbox 480 1406 665 1479; x_wconf 74' lang='lat' dir='ltr'><strong>unitatibus,</strong></span> <span class='ocrx_word' id='word_1_109' title='bbox 679 1418 710 1466; x_wconf 80' lang='lat' dir='ltr'><strong>aa</strong></span> <span class='ocrx_word' id='word_1_110' title='bbox 722 1405 846 1485; x_wconf 72' lang='lat' dir='ltr'><strong>singulis</strong></span> <span class='ocrx_word' id='word_1_111' title='bbox 858 1400 993 1482; x_wconf 89' lang='lat' dir='ltr'><strong>parochis</strong></span> <span class='ocrx_word' id='word_1_112' title='bbox 1009 1404 1039 1463; x_wconf 88' lang='lat' dir='ltr'><strong>ln</strong></span> <span class='ocrx_word' id='word_1_113' title='bbox 1053 1404 1143 1483; x_wconf 92' lang='lat' dir='ltr'><strong>oppi-</strong></span> 
     </span>
     <span class='ocr_line' id='line_1_16' title="bbox 132 1487 1141 1569; baseline 0.001 -21"><span class='ocrx_word' id='word_1_114' title='bbox 132 1489 196 1561; x_wconf 90' lang='lat' dir='ltr'><strong>dis,</strong></span> <span class='ocrx_word' id='word_1_115' title='bbox 216 1499 250 1549; x_wconf 93' lang='lat' dir='ltr'><strong>ut</strong></span> <span class='ocrx_word' id='word_1_116' title='bbox 264 1491 344 1551; x_wconf 76' lang='lat' dir='ltr'><strong>certa</strong></span> <span class='ocrx_word' id='word_1_117' title='bbox 364 1488 423 1552; x_wconf 89' lang='lat' dir='ltr'><strong>diei</strong></span> <span class='ocrx_word' id='word_1_118' title='bbox 437 1490 511 1551; x_wconf 85' lang='lat' dir='ltr'><strong>bord</strong></span> <span class='ocrx_word' id='word_1_119' title='bbox 532 1491 568 1550; x_wconf 92' lang='lat' dir='ltr'><strong>ad</strong></span> <span class='ocrx_word' id='word_1_120' title='bbox 586 1510 734 1569; x_wconf 85' lang='lat' dir='ltr'><strong>campanae</strong></span> <span class='ocrx_word' id='word_1_121' title='bbox 752 1503 858 1550; x_wconf 88' lang='lat' dir='ltr'><strong>sonum</strong></span> <span class='ocrx_word' id='word_1_122' title='bbox 874 1488 998 1549; x_wconf 84' lang='lat' dir='ltr'><strong>inritent</strong></span> <span class='ocrx_word' id='word_1_123' title='bbox 1012 1487 1116 1549; x_wconf 85' lang='lat' dir='ltr'><strong>fideles</strong></span> <span class='ocrx_word' id='word_1_124' title='bbox 1130 1531 1141 1560; x_wconf 94' lang='lat'><strong>,</strong></span> 
     </span>
     <span class='ocr_line' id='line_1_17' title="bbox 129 1574 1142 1646; baseline 0 -11"><span class='ocrx_word' id='word_1_125' title='bbox 129 1574 192 1635; x_wconf 80' lang='lat' dir='ltr'><strong>siae</strong></span> <span class='ocrx_word' id='word_1_126' title='bbox 201 1583 235 1632; x_wconf 90' lang='lat' dir='ltr'><strong>ut</strong></span> <span class='ocrx_word' id='word_1_127' title='bbox 251 1575 283 1632; x_wconf 89' lang='lat' dir='ltr'><strong>in</strong></span> <span class='ocrx_word' id='word_1_128' title='bbox 296 1574 454 1633; x_wconf 76' lang='lat' dir='ltr'><strong>Ecclesiam</strong></span> <span class='ocrx_word' id='word_1_129' title='bbox 466 1574 503 1635; x_wconf 84' lang='lat' dir='ltr'><strong>ad</strong></span> <span class='ocrx_word' id='word_1_130' title='bbox 522 1574 579 1634; x_wconf 88' lang='lat' dir='ltr'><strong>boc</strong></span> <span class='ocrx_word' id='word_1_131' title='bbox 591 1578 765 1637; x_wconf 85' lang='lat' dir='ltr'><strong>exercitium</strong></span> <span class='ocrx_word' id='word_1_132' title='bbox 775 1574 972 1646; x_wconf 86' lang='lat' dir='ltr'><strong>conveniant,</strong></span> <span class='ocrx_word' id='word_1_133' title='bbox 986 1574 1096 1634; x_wconf 78' lang='lat' dir='ltr'><strong>sinent</strong></span> <span class='ocrx_word' id='word_1_134' title='bbox 1108 1574 1142 1635; x_wconf 93' lang='lat' dir='ltr'><strong>id</strong></span> 
     </span>
     <span class='ocr_line' id='line_1_18' title="bbox 129 1655 649 1738; baseline 0 -21"><span class='ocrx_word' id='word_1_135' title='bbox 129 1657 271 1738; x_wconf 85' lang='lat' dir='ltr'><strong>privatim</strong></span> <span class='ocrx_word' id='word_1_136' title='bbox 286 1657 318 1715; x_wconf 91' lang='lat' dir='ltr'><strong>in</strong></span> <span class='ocrx_word' id='word_1_137' title='bbox 337 1655 476 1717; x_wconf 82' lang='lat' dir='ltr'><strong>domibus</strong></span> <span class='ocrx_word' id='word_1_138' title='bbox 495 1666 649 1737; x_wconf 80' lang='lat' dir='ltr'><strong>praestent.</strong></span> 
     </span>
    </p>

    <p class='ocr_par' dir='ltr' id='par_1_3' title="bbox 130 1739 1225 2506">
     <span class='ocr_line' id='line_1_19' title="bbox 169 1739 1225 1823; baseline 0.008 -24"><span class='ocrx_word' id='word_1_139' title='bbox 169 1742 358 1801; x_wconf 79' lang='lat' dir='ltr'><strong>l‘cccatorum</strong></span> <span class='ocrx_word' id='word_1_140' title='bbox 372 1742 521 1802; x_wconf 78' lang='lat' dir='ltr'><strong>orantium</strong></span> <span class='ocrx_word' id='word_1_141' title='bbox 533 1742 589 1802; x_wconf 88' lang='lat' dir='ltr'><strong>tria</strong></span> <span class='ocrx_word' id='word_1_142' title='bbox 603 1748 674 1803; x_wconf 86' lang='lat' dir='ltr'><strong>sunt</strong></span> <span class='ocrx_word' id='word_1_143' title='bbox 690 1758 809 1823; x_wconf 78' lang='lat' dir='ltr'><strong>genera.</strong></span> <span class='ocrx_word' id='word_1_144' title='bbox 823 1739 881 1803; x_wconf 82' lang='lat' dir='ltr'><strong>niti</strong></span> <span class='ocrx_word' id='word_1_145' title='bbox 898 1742 1007 1803; x_wconf 83' lang='lat' dir='ltr'><strong>scilicet</strong></span> <span class='ocrx_word' id='word_1_146' title='bbox 1019 1744 1140 1806; x_wconf 88' lang='lat' dir='ltr'><strong>instato</strong></span> <span class='ocrx_word' id='word_1_147' title='bbox 1224 1816 1225 1821; x_wconf 8' lang='grc' dir='ltr'>ἵ</span> 
     </span>
     <span class='ocr_line' id='line_1_20' title="bbox 130 1824 1225 1907; baseline 0.005 -22"><span class='ocrx_word' id='word_1_148' title='bbox 130 1826 240 1907; x_wconf 81' lang='lat' dir='ltr'><strong>peceati</strong></span> <span class='ocrx_word' id='word_1_149' title='bbox 254 1825 386 1887; x_wconf 88' lang='lat' dir='ltr'><strong>mortalis</strong></span> <span class='ocrx_word' id='word_1_150' title='bbox 405 1824 517 1905; x_wconf 71' lang='lat' dir='ltr'><strong>degunt</strong></span> <span class='ocrx_word' id='word_1_151' title='bbox 529 1836 559 1887; x_wconf 90' lang='lat' dir='ltr'><strong>et</strong></span> <span class='ocrx_word' id='word_1_152' title='bbox 574 1846 605 1888; x_wconf 91' lang='lat' dir='ltr'><strong>se</strong></span> <span class='ocrx_word' id='word_1_153' title='bbox 618 1828 744 1889; x_wconf 89' lang='lat' dir='ltr'><strong>credunt</strong></span> <span class='ocrx_word' id='word_1_154' title='bbox 755 1828 917 1901; x_wconf 73' lang='lat' dir='ltr'><strong>contritot,</strong></span> <span class='ocrx_word' id='word_1_155' title='bbox 931 1829 1066 1907; x_wconf 87' lang='lat' dir='ltr'><strong>quamvis</strong></span> <span class='ocrx_word' id='word_1_156' title='bbox 1077 1848 1140 1890; x_wconf 91' lang='lat' dir='ltr'><strong>nou</strong></span> <span class='ocrx_word' id='word_1_157' title='bbox 1224 1826 1225 1835; x_wconf 73' lang='grc'>’</span> 
     </span>
     <span class='ocr_line' id='line_1_21' title="bbox 130 1907 1141 1988; baseline -0.002 -15"><span class='ocrx_word' id='word_1_158' title='bbox 130 1912 209 1988; x_wconf 74' lang='lat' dir='ltr'><strong>s‘int3</strong></span> <span class='ocrx_word' id='word_1_159' title='bbox 226 1928 331 1972; x_wconf 85' lang='lat' dir='ltr'><strong>eorum</strong></span> <span class='ocrx_word' id='word_1_160' title='bbox 348 1913 443 1972; x_wconf 90' lang='lat' dir='ltr'><strong>oratio</strong></span> <span class='ocrx_word' id='word_1_161' title='bbox 459 1911 517 1973; x_wconf 77' lang='lat' dir='ltr'><strong>rite</strong></span> <span class='ocrx_word' id='word_1_162' title='bbox 530 1913 663 1974; x_wconf 87' lang='lat' dir='ltr'><strong>instituta</strong></span> <span class='ocrx_word' id='word_1_163' title='bbox 674 1907 689 1973; x_wconf 77' lang='lat' dir='ltr'><strong>is</strong></span> <span class='ocrx_word' id='word_1_164' title='bbox 700 1914 762 1973; x_wconf 84' lang='lat' dir='ltr'><strong>Deo</strong></span> <span class='ocrx_word' id='word_1_165' title='bbox 781 1911 947 1972; x_wconf 84' lang='lat' dir='ltr'><strong>exauditur.</strong></span> <span class='ocrx_word' id='word_1_166' title='bbox 963 1913 1020 1973; x_wconf 83' lang='lat' dir='ltr'><strong>Alii</strong></span> <span class='ocrx_word' id='word_1_167' title='bbox 1038 1914 1141 1975; x_wconf 90' lang='lat' dir='ltr'><strong>dolent</strong></span> 
     </span>
     <span class='ocr_line' id='line_1_22' title="bbox 130 1997 1140 2078; baseline 0.001 -18"><span class='ocrx_word' id='word_1_168' title='bbox 130 1998 252 2078; x_wconf 81' lang='lat' dir='ltr'><strong>quidem</strong></span> <span class='ocrx_word' id='word_1_169' title='bbox 270 1997 307 2058; x_wconf 92' lang='lat' dir='ltr'><strong>de</strong></span> <span class='ocrx_word' id='word_1_170' title='bbox 326 2008 463 2078; x_wconf 86' lang='lat' dir='ltr'><strong>peccato,</strong></span> <span class='ocrx_word' id='word_1_171' title='bbox 488 1999 539 2059; x_wconf 85' lang='lat' dir='ltr'><strong>sod</strong></span> <span class='ocrx_word' id='word_1_172' title='bbox 559 2019 619 2061; x_wconf 92' lang='lat' dir='ltr'><strong>nou</strong></span> <span class='ocrx_word' id='word_1_173' title='bbox 640 2001 681 2060; x_wconf 91' lang='lat' dir='ltr'><strong>itu</strong></span> <span class='ocrx_word' id='word_1_174' title='bbox 700 2007 734 2061; x_wconf 90' lang='lat' dir='ltr'><strong>ut</strong></span> <span class='ocrx_word' id='word_1_175' title='bbox 751 2000 788 2059; x_wconf 88' lang='lat' dir='ltr'><strong>ab</strong></span> <span class='ocrx_word' id='word_1_176' title='bbox 804 2017 839 2060; x_wconf 91' lang='lat' dir='ltr'><strong>eo</strong></span> <span class='ocrx_word' id='word_1_177' title='bbox 858 2016 889 2058; x_wconf 89' lang='lat' dir='ltr'><strong>so</strong></span> <span class='ocrx_word' id='word_1_178' title='bbox 908 1998 1086 2078; x_wconf 80' lang='lat' dir='ltr'><strong>expediant3</strong></span> <span class='ocrx_word' id='word_1_179' title='bbox 1108 1999 1140 2062; x_wconf 88' lang='lat' dir='ltr'><strong>lri</strong></span> 
     </span>
     <span class='ocr_line' id='line_1_23' title="bbox 131 2075 1141 2164; baseline 0 -18"><span class='ocrx_word' id='word_1_180' title='bbox 131 2083 223 2156; x_wconf 73' lang='lat' dir='ltr'><strong>verb,</strong></span> <span class='ocrx_word' id='word_1_181' title='bbox 238 2093 271 2144; x_wconf 88' lang='lat' dir='ltr'><strong>ut</strong></span> <span class='ocrx_word' id='word_1_182' title='bbox 284 2085 378 2159; x_wconf 89' lang='lat' dir='ltr'><strong>eniti,</strong></span> <span class='ocrx_word' id='word_1_183' title='bbox 391 2097 468 2144; x_wconf 79' lang='lat' dir='ltr'><strong>acte</strong></span> <span class='ocrx_word' id='word_1_184' title='bbox 484 2085 610 2146; x_wconf 85' lang='lat' dir='ltr'><strong>liberare</strong></span> <span class='ocrx_word' id='word_1_185' title='bbox 628 2083 765 2157; x_wconf 77' lang='lat' dir='ltr'><strong>talearit,</strong></span> <span class='ocrx_word' id='word_1_186' title='bbox 785 2086 809 2144; x_wconf 91' lang='lat' dir='ltr'><strong>si</strong></span> <span class='ocrx_word' id='word_1_187' title='bbox 832 2075 900 2146; x_wconf 84' lang='lat' dir='ltr'><strong>idad</strong></span> <span class='ocrx_word' id='word_1_188' title='bbox 921 2087 1017 2145; x_wconf 87' lang='lat' dir='ltr'><strong>Deam</strong></span> <span class='ocrx_word' id='word_1_189' title='bbox 1033 2085 1141 2164; x_wconf 88' lang='lat' dir='ltr'><strong>depre·</strong></span> 
     </span>
     <span class='ocr_line' id='line_1_24' title="bbox 131 2170 1142 2250; baseline 0 -18"><span class='ocrx_word' id='word_1_190' title='bbox 131 2179 256 2241; x_wconf 83' lang='lat' dir='ltr'><strong>cantur,</strong></span> <span class='ocrx_word' id='word_1_191' title='bbox 281 2187 315 2230; x_wconf 85' lang='lat' dir='ltr'><strong>aa</strong></span> <span class='ocrx_word' id='word_1_192' title='bbox 331 2171 433 2231; x_wconf 84' lang='lat' dir='ltr'><strong>saltem</strong></span> <span class='ocrx_word' id='word_1_193' title='bbox 451 2171 677 2250; x_wconf 87' lang='lat' dir='ltr'><strong>impetrabunt,</strong></span> <span class='ocrx_word' id='word_1_194' title='bbox 701 2188 767 2249; x_wconf 77' lang='lat' dir='ltr'><strong>quae</strong></span> <span class='ocrx_word' id='word_1_195' title='bbox 778 2170 814 2232; x_wconf 93' lang='lat' dir='ltr'><strong>ad</strong></span> <span class='ocrx_word' id='word_1_196' title='bbox 837 2179 977 2230; x_wconf 81' lang='lat' dir='ltr'><strong>aeternam</strong></span> <span class='ocrx_word' id='word_1_197' title='bbox 990 2185 1074 2230; x_wconf 89' lang='lat' dir='ltr'><strong>snam</strong></span> <span class='ocrx_word' id='word_1_198' title='bbox 1093 2189 1142 2232; x_wconf 88' lang='lat' dir='ltr'><strong>sa·</strong></span> 
     </span>
     <span class='ocr_line' id='line_1_25' title="bbox 131 2256 1141 2338; baseline 0 -21"><span class='ocrx_word' id='word_1_199' title='bbox 131 2258 224 2318; x_wconf 76' lang='lat' dir='ltr'><strong>lutum</strong></span> <span class='ocrx_word' id='word_1_200' title='bbox 237 2256 398 2334; x_wconf 83' lang='lat' dir='ltr'><strong>pertinent.</strong></span> <span class='ocrx_word' id='word_1_201' title='bbox 410 2257 486 2316; x_wconf 89' lang='lat' dir='ltr'><strong>Sunt</strong></span> <span class='ocrx_word' id='word_1_202' title='bbox 501 2257 618 2317; x_wconf 90' lang='lat' dir='ltr'><strong>tandem</strong></span> <span class='ocrx_word' id='word_1_203' title='bbox 640 2257 691 2338; x_wconf 88' lang='lat' dir='ltr'><strong>qui</strong></span> <span class='ocrx_word' id='word_1_204' title='bbox 709 2275 762 2318; x_wconf 86' lang='lat' dir='ltr'><strong>nee</strong></span> <span class='ocrx_word' id='word_1_205' title='bbox 773 2257 872 2317; x_wconf 89' lang='lat' dir='ltr'><strong>dolent</strong></span> <span class='ocrx_word' id='word_1_206' title='bbox 885 2256 921 2316; x_wconf 88' lang='lat' dir='ltr'><strong>de</strong></span> <span class='ocrx_word' id='word_1_207' title='bbox 931 2263 1069 2334; x_wconf 83' lang='lat' dir='ltr'><strong>peccato,</strong></span> <span class='ocrx_word' id='word_1_208' title='bbox 1085 2275 1141 2318; x_wconf 89' lang='lat' dir='ltr'><strong>neo</strong></span> 
     </span>
     <span class='ocr_line' id='line_1_26' title="bbox 132 2299 1223 2418; baseline -0.001 -16"><span class='ocrx_word' id='word_1_209' title='bbox 132 2342 287 2402; x_wconf 77' lang='lat' dir='ltr'><strong>enituntur</strong></span> <span class='ocrx_word' id='word_1_210' title='bbox 300 2348 334 2399; x_wconf 93' lang='lat' dir='ltr'><strong>nt</strong></span> <span class='ocrx_word' id='word_1_211' title='bbox 345 2339 363 2400; x_wconf 79' lang='lat' dir='ltr'><strong>d</strong></span> <span class='ocrx_word' id='word_1_212' title='bbox 375 2348 452 2400; x_wconf 86' lang='lat' dir='ltr'><strong>statu</strong></span> <span class='ocrx_word' id='word_1_213' title='bbox 471 2341 523 2402; x_wconf 93' lang='lat' dir='ltr'><strong>illo</strong></span> <span class='ocrx_word' id='word_1_214' title='bbox 542 2352 669 2414; x_wconf 83' lang='lat' dir='ltr'><strong>exeant,</strong></span> <span class='ocrx_word' id='word_1_215' title='bbox 688 2342 750 2402; x_wconf 85' lang='lat' dir='ltr'><strong>imd</strong></span> <span class='ocrx_word' id='word_1_216' title='bbox 765 2359 818 2402; x_wconf 87' lang='lat' dir='ltr'><strong>nec</strong></span> <span class='ocrx_word' id='word_1_217' title='bbox 830 2341 934 2402; x_wconf 90' lang='lat' dir='ltr'><strong>volunt</strong></span> <span class='ocrx_word' id='word_1_218' title='bbox 947 2361 956 2416; x_wconf 82' lang='lat'><em>3</em></span> <span class='ocrx_word' id='word_1_219' title='bbox 970 2341 994 2400; x_wconf 89' lang='lat' dir='ltr'><strong>si</strong></span> <span class='ocrx_word' id='word_1_220' title='bbox 1013 2341 1085 2418; x_wconf 92' lang='lat' dir='ltr'><strong>quid</strong></span> <span class='ocrx_word' id='word_1_221' title='bbox 1096 2341 1140 2401; x_wconf 88' lang='lat' dir='ltr'><strong>illi</strong></span> <span class='ocrx_word' id='word_1_222' title='bbox 1222 2299 1223 2392; x_wconf 54' lang='lat' dir='ltr'><strong>i</strong></span> 
     </span>
     <span class='ocr_line' id='line_1_27' title="bbox 131 2422 1142 2506; baseline 0.001 -21"><span class='ocrx_word' id='word_1_223' title='bbox 131 2422 299 2505; x_wconf 62' lang='lat' dir='ltr'><strong>petierintir</strong></span> <span class='ocrx_word' id='word_1_224' title='bbox 314 2425 377 2483; x_wconf 85' lang='lat' dir='ltr'><strong>Deo</strong></span> <span class='ocrx_word' id='word_1_225' title='bbox 389 2425 436 2483; x_wconf 85' lang='lat' dir='ltr'><strong>vel</strong></span> <span class='ocrx_word' id='word_1_226' title='bbox 451 2427 623 2503; x_wconf 74' lang='lat' dir='ltr'><strong>spirituale,</strong></span> <span class='ocrx_word' id='word_1_227' title='bbox 639 2427 686 2486; x_wconf 76' lang='lat' dir='ltr'><strong>vel</strong></span> <span class='ocrx_word' id='word_1_228' title='bbox 702 2427 885 2506; x_wconf 79' lang='lat' dir='ltr'><strong>temporale,</strong></span> <span class='ocrx_word' id='word_1_229' title='bbox 899 2424 968 2486; x_wconf 89' lang='lat' dir='ltr'><strong>rard</strong></span> <span class='ocrx_word' id='word_1_230' title='bbox 980 2425 1142 2487; x_wconf 78' lang='lat' dir='ltr'><strong>exaudiun-</strong></span> 
     </span>
    </p>

    <p class='ocr_par' dir='ltr' id='par_1_4' title="bbox 90 2508 847 2575">
     <span class='ocr_line' id='line_1_28' title="bbox 90 2508 847 2575; baseline 0.003 -5"><span class='ocrx_word' id='word_1_231' title='bbox 90 2564 94 2571; x_wconf 85' lang='lat'>.</span> <span class='ocrx_word' id='word_1_232' title='bbox 131 2521 194 2570; x_wconf 81' lang='lat' dir='ltr'><strong>tar.</strong></span> <span class='ocrx_word' id='word_1_233' title='bbox 208 2511 253 2570; x_wconf 83' lang='lat' dir='ltr'><strong>lta</strong></span> <span class='ocrx_word' id='word_1_234' title='bbox 268 2508 438 2570; x_wconf 64' lang='lat' dir='ltr'><strong>adaunot,</strong></span> <span class='ocrx_word' id='word_1_235' title='bbox 453 2511 550 2572; x_wconf 90' lang='lat' dir='ltr'><strong>lnstit.</strong></span> <span class='ocrx_word' id='word_1_236' title='bbox 564 2513 673 2572; x_wconf 79' lang='lat' dir='ltr'><strong>itacios.</strong></span> <span class='ocrx_word' id='word_1_237' title='bbox 687 2514 736 2575; x_wconf 74' lang='lat' dir='ltr'><strong>tt.</strong></span> <span class='ocrx_word' id='word_1_238' title='bbox 752 2528 783 2572; x_wconf 87' lang='lat' dir='ltr'><strong>n.</strong></span> <span class='ocrx_word' id='word_1_239' title='bbox 798 2513 847 2573; x_wconf 84' lang='lat' dir='ltr'><strong>tn.</strong></span> 
     </span>
    </p>
   </div>
   <div class='ocr_carea' id='block_1_3' title="bbox 414 2653 860 2745">
    <p class='ocr_par' dir='ltr' id='par_1_5' title="bbox 414 2653 860 2745">
     <span class='ocr_line' id='line_1_29' title="bbox 414 2653 860 2745; baseline 0.007 -3"><span class='ocrx_word' id='word_1_240' title='bbox 414 2653 639 2744; x_wconf 76' lang='lat' dir='ltr'><strong>onauonmu</strong></span> <span class='ocrx_word' id='word_1_241' title='bbox 652 2683 860 2745; x_wconf 82' lang='lat' dir='ltr'><strong>rnrvaruu.</strong></span> 
     </span>
    </p>
   </div>
   <div class='ocr_carea' id='block_1_4' title="bbox 74 2841 1220 3602">
    <p class='ocr_par' dir='ltr' id='par_1_6' title="bbox 130 2841 1220 3276">
     <span class='ocr_line' id='line_1_30' title="bbox 169 2841 1220 2935; baseline 0.009 -23"><span class='ocrx_word' id='word_1_242' title='bbox 169 2851 236 2912; x_wconf 82' lang='lat' dir='ltr'><strong>Nou</strong></span> <span class='ocrx_word' id='word_1_243' title='bbox 251 2847 387 2911; x_wconf 82' lang='lat' dir='ltr'><strong>obstante</strong></span> <span class='ocrx_word' id='word_1_244' title='bbox 397 2850 516 2912; x_wconf 90' lang='lat' dir='ltr'><strong>decreto</strong></span> <span class='ocrx_word' id='word_1_245' title='bbox 530 2851 685 2914; x_wconf 74' lang='lat' dir='ltr'><strong>cluniculis</strong></span> <span class='ocrx_word' id='word_1_246' title='bbox 697 2841 734 2914; x_wconf 78' lang='lat' dir='ltr'><em>X</em></span> <span class='ocrx_word' id='word_1_247' title='bbox 733 2855 757 2914; x_wconf 89' lang='grc'><strong>1.</strong></span> <span class='ocrx_word' id='word_1_248' title='bbox 771 2853 866 2916; x_wconf 89' lang='lat' dir='ltr'><strong>iasest</strong></span> <span class='ocrx_word' id='word_1_249' title='bbox 877 2853 1026 2935; x_wconf 80' lang='lat' dir='ltr'><strong>Episcopis</strong></span> <span class='ocrx_word' id='word_1_250' title='bbox 1035 2857 1135 2932; x_wconf 79' lang='lat' dir='ltr'><strong>almria</strong></span> <span class='ocrx_word' id='word_1_251' title='bbox 1219 2901 1220 2904; x_wconf 20' lang='grc' dir='ltr'><strong>κ</strong></span> 
     </span>
     <span class='ocr_line' id='line_1_31' title="bbox 132 2934 1137 3014; baseline 0.006 -18"><span class='ocrx_word' id='word_1_252' title='bbox 132 2936 267 3014; x_wconf 78' lang='lat' dir='ltr'><strong>erigere,</strong></span> <span class='ocrx_word' id='word_1_253' title='bbox 291 2934 393 3014; x_wconf 79' lang='lat' dir='ltr'><strong>ibique</strong></span> <span class='ocrx_word' id='word_1_254' title='bbox 413 2936 589 3012; x_wconf 85' lang='lat' dir='ltr'><strong>celebrare,</strong></span> <span class='ocrx_word' id='word_1_255' title='bbox 612 2939 661 2998; x_wconf 85' lang='lat' dir='ltr'><strong>vel</strong></span> <span class='ocrx_word' id='word_1_256' title='bbox 684 2939 826 3001; x_wconf 83' lang='lat' dir='ltr'><strong>celebrari</strong></span> <span class='ocrx_word' id='word_1_257' title='bbox 850 2942 944 3002; x_wconf 83' lang='lat' dir='ltr'><strong>iacere</strong></span> <span class='ocrx_word' id='word_1_258' title='bbox 972 2949 1053 3000; x_wconf 84' lang='lat' dir='ltr'><strong>extra</strong></span> <span class='ocrx_word' id='word_1_259' title='bbox 1073 2961 1137 3008; x_wconf 84' lang='lat' dir='ltr'><strong>suas</strong></span> 
     </span>
     <span class='ocr_line' id='line_1_32' title="bbox 131 3019 1137 3106; baseline 0.01 -26"><span class='ocrx_word' id='word_1_260' title='bbox 131 3021 236 3080; x_wconf 85' lang='lat' dir='ltr'><strong>domos</strong></span> <span class='ocrx_word' id='word_1_261' title='bbox 248 3021 279 3081; x_wconf 91' lang='lat' dir='ltr'><strong>in</strong></span> <span class='ocrx_word' id='word_1_262' title='bbox 299 3021 439 3082; x_wconf 88' lang='lat' dir='ltr'><strong>domibus</strong></span> <span class='ocrx_word' id='word_1_263' title='bbox 451 3022 597 3083; x_wconf 80' lang='lat' dir='ltr'><strong>laicorum</strong></span> <span class='ocrx_word' id='word_1_264' title='bbox 605 3069 615 3100; x_wconf 89' lang='lat'><strong>,</strong></span> <span class='ocrx_word' id='word_1_265' title='bbox 641 3024 763 3101; x_wconf 90' lang='lat' dir='ltr'><strong>quando</strong></span> <span class='ocrx_word' id='word_1_266' title='bbox 777 3025 817 3086; x_wconf 92' lang='lat' dir='ltr'><strong>lbi</strong></span> <span class='ocrx_word' id='word_1_267' title='bbox 836 3036 927 3106; x_wconf 78' lang='lat' dir='ltr'><strong>agunt</strong></span> <span class='ocrx_word' id='word_1_268' title='bbox 942 3019 996 3104; x_wconf 63' lang='grc' dir='ltr'><strong>ρὰ</strong></span> <span class='ocrx_word' id='word_1_269' title='bbox 1017 3026 1137 3092; x_wconf 91' lang='lat' dir='ltr'><strong>modum</strong></span> 
     </span>
     <span class='ocr_line' id='line_1_33' title="bbox 130 3103 1137 3183; baseline 0.007 -18"><span class='ocrx_word' id='word_1_270' title='bbox 130 3103 320 3166; x_wconf 83' lang='lat' dir='ltr'><strong>habitationis</strong></span> <span class='ocrx_word' id='word_1_271' title='bbox 333 3149 342 3178; x_wconf 94' lang='lat'><strong>,</strong></span> <span class='ocrx_word' id='word_1_272' title='bbox 354 3107 446 3167; x_wconf 84' lang='lat' dir='ltr'><strong>veluti</strong></span> <span class='ocrx_word' id='word_1_273' title='bbox 467 3109 491 3168; x_wconf 90' lang='lat' dir='ltr'><strong>si</strong></span> <span class='ocrx_word' id='word_1_274' title='bbox 511 3107 552 3168; x_wconf 92' lang='lat' dir='ltr'><strong>ibi</strong></span> <span class='ocrx_word' id='word_1_275' title='bbox 569 3117 640 3169; x_wconf 90' lang='lat' dir='ltr'><strong>aunt</strong></span> <span class='ocrx_word' id='word_1_276' title='bbox 657 3111 808 3170; x_wconf 77' lang='lat' dir='ltr'><strong>occasione</strong></span> <span class='ocrx_word' id='word_1_277' title='bbox 822 3111 1018 3183; x_wconf 86' lang='lat' dir='ltr'><strong>visitationis,</strong></span> <span class='ocrx_word' id='word_1_278' title='bbox 1033 3112 1078 3170; x_wconf 83' lang='lat' dir='ltr'><strong>rel</strong></span> <span class='ocrx_word' id='word_1_279' title='bbox 1089 3113 1137 3172; x_wconf 92' lang='lat' dir='ltr'><strong>iti·</strong></span> 
     </span>
     <span class='ocr_line' id='line_1_34' title="bbox 131 3188 1219 3276; baseline 0.008 -28"><span class='ocrx_word' id='word_1_280' title='bbox 131 3189 211 3249; x_wconf 90' lang='lat' dir='ltr'><strong>ueris</strong></span> <span class='ocrx_word' id='word_1_281' title='bbox 223 3232 232 3261; x_wconf 90' lang='lat'><strong>,</strong></span> <span class='ocrx_word' id='word_1_282' title='bbox 249 3191 297 3250; x_wconf 84' lang='lat' dir='ltr'><strong>vel</strong></span> <span class='ocrx_word' id='word_1_283' title='bbox 308 3188 437 3270; x_wconf 90' lang='lat' dir='ltr'><strong>hospitio</strong></span> <span class='ocrx_word' id='word_1_284' title='bbox 456 3191 568 3254; x_wconf 89' lang='lat' dir='ltr'><strong>ibidem</strong></span> <span class='ocrx_word' id='word_1_285' title='bbox 580 3195 702 3272; x_wconf 89' lang='lat' dir='ltr'><strong>recepti.</strong></span> <span class='ocrx_word' id='word_1_286' title='bbox 714 3197 814 3256; x_wconf 83' lang='lat' dir='ltr'><strong>Cenat.</strong></span> <span class='ocrx_word' id='word_1_287' title='bbox 826 3199 940 3275; x_wconf 77' lang='lat' dir='ltr'><strong>dlopno</strong></span> <span class='ocrx_word' id='word_1_288' title='bbox 955 3211 1021 3256; x_wconf 80' lang='lat' dir='ltr'><strong>cum</strong></span> <span class='ocrx_word' id='word_1_289' title='bbox 1033 3194 1134 3257; x_wconf 79' lang='lat' dir='ltr'><strong>ociori.</strong></span> <span class='ocrx_word' id='word_1_290' title='bbox 1217 3217 1219 3276; x_wconf 77' lang='lat' dir='ltr'><strong>j</strong></span> 
     </span>
    </p>

    <p class='ocr_par' dir='ltr' id='par_1_7' title="bbox 129 3274 1218 3526">
     <span class='ocr_line' id='line_1_35' title="bbox 170 3274 1218 3368; baseline 0.013 -36"><span class='ocrx_word' id='word_1_291' title='bbox 170 3274 340 3347; x_wconf 89' lang='lat' dir='ltr'><strong>ludultarii,</strong></span> <span class='ocrx_word' id='word_1_292' title='bbox 352 3295 452 3337; x_wconf 86' lang='lat' dir='ltr'><strong>coram</strong></span> <span class='ocrx_word' id='word_1_293' title='bbox 469 3278 578 3356; x_wconf 81' lang='lat' dir='ltr'><strong>quibus</strong></span> <span class='ocrx_word' id='word_1_294' title='bbox 591 3277 735 3340; x_wconf 77' lang='lat' dir='ltr'><strong>celebrari</strong></span> <span class='ocrx_word' id='word_1_295' title='bbox 753 3288 849 3359; x_wconf 86' lang='lat' dir='ltr'><strong>potest</strong></span> <span class='ocrx_word' id='word_1_296' title='bbox 859 3282 946 3342; x_wconf 90' lang='lat' dir='ltr'><strong>missa</strong></span> <span class='ocrx_word' id='word_1_297' title='bbox 960 3280 990 3340; x_wconf 94' lang='lat' dir='ltr'><strong>iu</strong></span> <span class='ocrx_word' id='word_1_298' title='bbox 1004 3284 1136 3345; x_wconf 86' lang='lat' dir='ltr'><strong>oratoriis</strong></span> <span class='ocrx_word' id='word_1_299' title='bbox 1217 3293 1218 3368; x_wconf 73' lang='lat' dir='ltr'><strong>l</strong></span> 
     </span>
     <span class='ocr_line' id='line_1_36' title="bbox 130 3355 1136 3448; baseline 0.017 -37"><span class='ocrx_word' id='word_1_300' title='bbox 130 3355 270 3448; x_wconf 77' lang='lat' dir='ltr'><strong>privatis,</strong></span> <span class='ocrx_word' id='word_1_301' title='bbox 284 3367 354 3418; x_wconf 86' lang='lat' dir='ltr'><strong>sunt</strong></span> <span class='ocrx_word' id='word_1_302' title='bbox 371 3361 432 3437; x_wconf 89' lang='lat' dir='ltr'><strong>illi,</strong></span> <span class='ocrx_word' id='word_1_303' title='bbox 447 3363 499 3439; x_wconf 88' lang='lat' dir='ltr'><strong>qui</strong></span> <span class='ocrx_word' id='word_1_304' title='bbox 517 3365 711 3423; x_wconf 88' lang='lat' dir='ltr'><strong>nominantur</strong></span> <span class='ocrx_word' id='word_1_305' title='bbox 732 3360 905 3441; x_wconf 78' lang='lat' dir='ltr'><strong>in&#39;ironte&#39;,</strong></span> <span class='ocrx_word' id='word_1_306' title='bbox 922 3382 973 3424; x_wconf 91' lang='lat' dir='ltr'><strong>seu</strong></span> <span class='ocrx_word' id='word_1_307' title='bbox 989 3364 1022 3424; x_wconf 91' lang='lat' dir='ltr'><strong>iu</strong></span> <span class='ocrx_word' id='word_1_308' title='bbox 1036 3365 1136 3428; x_wconf 88' lang='lat' dir='ltr'><strong>iuscri-</strong></span> 
     </span>
     <span class='ocr_line' id='line_1_37' title="bbox 129 3440 1133 3526; baseline 0.022 -34"><span class='ocrx_word' id='word_1_309' title='bbox 129 3444 231 3509; x_wconf 85' lang='lat' dir='ltr'><strong>ptrone</strong></span> <span class='ocrx_word' id='word_1_310' title='bbox 246 3440 366 3517; x_wconf 72' lang='lat' dir='ltr'><strong>Brcvb3</strong></span> <span class='ocrx_word' id='word_1_311' title='bbox 386 3444 445 3503; x_wconf 87' lang='lat' dir='ltr'><strong>illls</strong></span> <span class='ocrx_word' id='word_1_312' title='bbox 472 3459 534 3506; x_wconf 88' lang='lat' dir='ltr'><strong>non</strong></span> <span class='ocrx_word' id='word_1_313' title='bbox 556 3447 773 3526; x_wconf 78' lang='lat' dir='ltr'><strong>praesentibus,</strong></span> <span class='ocrx_word' id='word_1_314' title='bbox 797 3449 1053 3511; x_wconf 76' lang='lat' dir='ltr'><strong>missa&#39;celebrari</strong></span> <span class='ocrx_word' id='word_1_315' title='bbox 1077 3469 1133 3514; x_wconf 93' lang='lat' dir='ltr'><strong>nou</strong></span> 
     </span>
    </p>

    <p class='ocr_par' dir='ltr' id='par_1_8' title="bbox 74 3521 493 3602">
     <span class='ocr_line' id='line_1_38' title="bbox 74 3521 493 3602; baseline 0.038 -32"><span class='ocrx_word' id='word_1_316' title='bbox 74 3585 79 3592; x_wconf 30' lang='grc'>,</span> <span class='ocrx_word' id='word_1_317' title='bbox 129 3524 236 3587; x_wconf 70' lang='lat' dir='ltr'><strong>paroc</strong></span> <span class='ocrx_word' id='word_1_318' title='bbox 251 3521 326 3579; x_wconf 80' lang='lat' dir='ltr'><strong>rua</strong></span> <span class='ocrx_word' id='word_1_319' title='bbox 339 3523 366 3602; x_wconf 72' lang='grc' dir='ltr'><strong>ς.</strong></span> <span class='ocrx_word' id='word_1_320' title='bbox 381 3527 429 3585; x_wconf 76' lang='lat' dir='ltr'><strong>ra.</strong></span> <span class='ocrx_word' id='word_1_321' title='bbox 444 3529 493 3588; x_wconf 82' lang='lat' dir='ltr'><strong>ro.</strong></span> 
     </span>
    </p>
   </div>
   <div class='ocr_carea' id='block_1_5' title="bbox 80 3592 1135 3703">
    <p class='ocr_par' dir='ltr' id='par_1_9' title="bbox 80 3592 1135 3703">
     <span class='ocr_line' id='line_1_39' title="bbox 80 3592 1135 3703; baseline 0.031 -53"><span class='ocrx_word' id='word_1_322' title='bbox 80 3667 83 3671; x_wconf 9' lang='grc' dir='ltr'><strong><em>ἵ</em></strong></span> <span class='ocrx_word' id='word_1_323' title='bbox 165 3592 198 3650; x_wconf 80' lang='lat' dir='ltr'><strong>si</strong></span> <span class='ocrx_word' id='word_1_324' title='bbox 213 3605 311 3661; x_wconf 73' lang='lat' dir='ltr'><strong>umen</strong></span> <span class='ocrx_word' id='word_1_325' title='bbox 323 3604 356 3665; x_wconf 90' lang='lat' dir='ltr'><strong>iu</strong></span> <span class='ocrx_word' id='word_1_326' title='bbox 374 3613 612 3688; x_wconf 75' lang='lat' dir='ltr'><strong>corporalitatis</strong></span> <span class='ocrx_word' id='word_1_327' title='bbox 631 3617 802 3679; x_wconf 87' lang='lat' dir='ltr'><strong>nominatur</strong></span> <span class='ocrx_word' id='word_1_328' title='bbox 817 3617 946 3698; x_wconf 83' lang='lat' dir='ltr'><strong>aliquis,</strong></span> <span class='ocrx_word' id='word_1_329' title='bbox 963 3637 1062 3683; x_wconf 84' lang='lat' dir='ltr'><strong>coram</strong></span> <span class='ocrx_word' id='word_1_330' title='bbox 1080 3636 1135 3703; x_wconf 82' lang='lat' dir='ltr'><strong>quo</strong></span> 
     </span>
    </p>
   </div>
   <div class='ocr_carea' id='block_1_6' title="bbox 0 0 1242 3975">
    <p class='ocr_par' dir='ltr' id='par_1_10' title="bbox 0 0 1242 3975">
     <span class='ocr_line' id='line_1_40' title="bbox 0 0 1242 3975; baseline 0 0"><span class='ocrx_word' id='word_1_331' title='bbox 0 0 1242 3975; x_wconf 95' lang='lat' dir='ltr'><strong> </strong></span> 
     </span>
    </p>
   </div>
  </div>
 </body>
</html>
