2475 3975
369 208 419 269 Ee
432 202 566 288 operabat
578 202 730 267 mandisti
742 205 831 269 XIV.
1048 207 1105 267 lib

104 306 282 373 Tridentini.
295 308 348 367 llis
366 309 505 369 omnibus
528 307 677 385 deputatis
690 309 734 367 uti
758 307 845 391 debet
867 305 898 363 in
918 303 1105 365 administra-

99 398 181 455 tione
193 412 295 457 rerum
308 394 477 470 seminarii3
492 394 567 453 sieut
583 394 673 453 etiam
696 393 738 452 illi
760 390 918 451 adhibendi
939 398 1010 449 nunt
1030 392 1105 451 circa

98 480 317 549 institutionem
338 488 368 537 ct
386 479 572 556 disciplinam
587 477 720 555 ejusdem
736 476 908 550 seminarii3
925 474 1106 552 quamquam

98 568 262 645 Episcopus
278 566 319 625 ita
336 564 425 624 debet
439 565 472 625 in
486 564 533 623 bis
548 563 686 624 omnibus
705 581 809 623 eorum
823 560 980 621 consilium
991 560 1105 631 autlire,

98 660 133 709 ut
146 650 229 726 sequi
249 667 310 709 noo
331 657 477 708 teneatur.
492 650 537 708 De
547 648 660 727 Synod.
674 649 761 709 dieu.
779 646 834 709 tib.
845 647 873 707 li.
887 662 951 725 cap.
967 646 1016 705 ll.
1027 661 1058 705 n.
1073 644 1104 705 la.

98 734 142 794 Er
156 734 294 813 pluribus
303 750 393 793 sacrae
400 734 509 811 congr.
524 732 607 793 decr.

472 902 732 965 snrutcttntut.

137 1075 300 1156 Sepulchra
324 1076 357 1136 in
380 1073 517 1140 Eeolesiis
541 1075 814 1137 confraternitatum
838 1072 942 1135 habiri
960 1076 1105 1151 possunt,
1169 1122 1171 1125 .

98 1162 151 1224 sed
167 1163 206 1223 de
220 1160 339 1223 licentii
353 1158 507 1238 Episcopi,
521 1156 568 1221 uti
588 1159 666 1239 sepe
685 1160 816 1223 decisum
830 1162 848 1222 i
860 1161 893 1221 8.
906 1161 1015 1235 congr.
1033 1156 1105 1217 lost.

96 1248 208 1309 Enalos.
220 1248 288 1307 tua.
304 1265 338 1308 n.
351 1246 421 1305 tal.

137 1333 169 1392 Si
183 1332 332 1393 muiroter
350 1330 454 1400 obeat,
466 1347 527 1389 noo
545 1330 637 1391 ancta
647 1330 818 1409 sepulturi,
836 1326 970 1407 mandari
982 1342 1042 1387 non
1054 1337 1108 1402 po·

98 1426 158 1477 test
176 1416 336 1495 sepulture
352 1412 385 1474 in
405 1414 532 1475 Eeclesid
557 1414 695 1491 ejusdem
714 1414 983 1487 confraternitate,¹
1001 1418 1038 1477 ut,
1063 1414 1112 1473 osb.

97 1500 231 1569 decisum
242 1500 260 1567 i
273 1502 307 1561 s.'
317 1499 560 1583 congregatione.
570 1500 648 1565 ibid.
663 1518 694 1561 n.
709 1501 784 1565 lii·x

517 1668 688 1763 siaonia.

97 1887 101 1892 .
137 1838 174 1901 in
194 1836 320 1899 aimonii
341 1836 491 1898 emuncti
508 1852 565 1915 pro
584 1834 920 1915 beneieloaequirendo
936 1836 1030 1913 major
1043 1838 1111 1899 Pon.

97 1924 290 1985 nitentiarius
314 1930 471 1991 monetur,
484 1922 574 1981 etiam
591 1921 623 1979 in
645 1920 758 1981 casibus
776 1922 914 1998 occultis,
935 1930 966 1981 et
987 1921 1019 1982 in
1043 1923 1107 1985 foro

99 2009 308 2080 conscientiae,
330 2022 370 2066 ne
390 2007 512 2068 titulum
532 2005 666 2082 ejusdem
693 2006 828 2074 beneficii
850 2005 1031 2077 convalidet,
1049 2007 1106 2068 nisi

97 2092 176 2155 forti
189 2101 293 2171 agatur
305 2090 343 2152 de
358 2091 484 2151 aimonii
496 2135 504 2165 ,
518 2091 684 2169 ignorantiis
695 2091 781 2164 facti,
795 2092 842 2154 vel
849 2090 926 2170 juris
935 2091 1111 2164 commissi,

97 2188 130 2239 ct
143 2186 261 2250 orator,
276 2175 497 2254 quamprimum
516 2175 545 2234 id
563 2175 698 2248 rescivit,
709 2176 956 2254 dispensationem
969 2176 1085 2252 petierit
1096 2195 1115 2252 ·„

98 2263 182 2342 quod
201 2263 278 2321 valet
290 2269 321 2322 et
339 2261 371 2320 in
390 2260 601 2338 pensionibus,
615 2262 647 2321 iu
660 2262 767 2338 quibus
779 2261 903 2327 simonio
915 2261 1001 2323 realis
1012 2262 1106 2326 stien-

96 2359 147 2411 tor
162 2357 308 2410 contracta
320 2347 422 2408 luerit.
436 2345 520 2404 Eulla
532 2347 642 2406 Pastor
660 2345 763 2409 bonos.

137 2432 356 2495 Abstinendum
369 2440 414 2492 est
425 2430 469 2491 ila·
480 2431 569 2491 etiam
583 2430 599 2492 a
617 2432 832 2494 condonatione
841 2433 933 2511 pretii
942 2434 1105 2507 simoniaci,

96 2517 223 2595 quando
236 2517 268 2577 in
284 2516 441 2577 Ecclesiam
451 2515 549 2577 lesan
561 2560 573 2590 ,
584 2517 632 2576 vel
644 2535 786 2596 pauperes
805 2519 892 2579 debet
905 2519 1039 2598 erogari,
1049 2519 1108 2583 nisi
1167 2577 1170 2584 .

95 2603 186 2662 aliter
200 2604 320 2664 suadeat
332 2610 489 2682 paupertas
506 2601 757 2680 delinquentium.
766 2603 847 2662 ibid.
860 2603 887 2683 §-
900 2607 949 2664 25.

137 2689 196 2760 Qui
213 2687 372 2748 simoniace
392 2687 557 2748 intercessit
570 2685 634 2767 >pro
649 2689 707 2750 alio
725 2688 763 2748 ad
784 2688 1003 2766 impetrandum
1016 2689 1107 2753 bene·

98 2773 355 2846 attaminatur
374 2773 407 2832 in
427 2772 594 2832 subsidium
612 2775 770 2834 restituere
793 2773 927 2837 Ecclesia
940 2817 948 2846 ,
963 2775 1010 2834 vel
1032 2794 1106 2854 pau-

62 2877 70 2890 ·
95 2856 219 2936 peribus
238 2854 388 2918 fructosa
408 2856 597 2918 beneficiario
613 2857 691 2920 male
704 2865 879 2940 pereeptoS,
897 2867 966 2920 ante
987 2877 1105 2922 omnem

94 2941 286 3003 senteutiam.
298 2943 372 3002 lost.
385 2941 493 3002 Eccles.
507 2943 556 3003 li.
571 2960 604 3005 n,
615 2944 664 3003 ll.
771 3009 776 3020 ,
803 2938 807 2945 “

136 3025 168 3085 st
185 3025 252 3102 quis
267 3023 396 3105 pascali
412 3027 443 3087 S.
462 3027 702 3104 Congregationo
713 3027 928 3097 absolutionem
947 3027 964 3090 i
983 3029 1107 3094 simonia

94 3109 251 3171 commissa
262 3110 294 3171 in
312 3109 475 3171 obtinendo
489 3110 653 3184 beneficio,
667 3113 827 3190 impetrare
836 3114 909 3175 solet
918 3115 1106 3196 rescriptum,

94 3203 131 3253 ut
143 3191 293 3268 dimittat,
307 3203 442 3267 moneat,
453 3202 482 3255 et
493 3194 630 3260 restituet
639 3239 650 3268 ,
659 3213 765 3276 nempe
776 3196 907 3260 dimittat
917 3198 1105 3275 beneficium,

93 3285 216 3340 moneat
236 3296 291 3357 pro
305 3279 493 3340 restitutione
506 3279 595 3358 pretii
613 3283 744 3360 accepti,
758 3283 892 3344 Eccleslae
903 3285 950 3346 vel
969 3283 1105 3366 pauperi·

93 3361 154 3423 bus
170 3363 306 3424 restituat
318 3364 432 3427 tructus
446 3374 609 3444 perceptos.
621 3365 697 3428 lbid.
713 3385 744 3428 n.
759 3369 807 3427 li.

135 3445 167 3505 si
183 3446 257 3510 norb
274 3448 401 3511 simonia
417 3451 573 3510 commisso
589 3452 685 3512 cstab
708 3453 807 3530 aliquo
822 3453 910 3515 tertio
922 3498 930 3526 ,
943 3453 1039 3516 inscio
1053 3453 1105 3523 be·

98 3528 269 3609 uesiciario,
283 3540 356 3594 tuuc
376 3533 552 3596 rescribitur
568 3553 624 3614 pro
645 3536 879 3598 convalidatione
898 3538 998 3610 tituli,
1021 3537 1109 3598 dum-

98 3614 193 3678 modo
207 3624 277 3684 note
293 3616 519 3701 possesionem,
545 3621 625 3700 quod
642 3623 720 3686 valet
731 3641 768 3716 ρο
788 3623 813 3684 si
831 3621 1108 3700 diceretur,modb
