2475 3975
134 196 191 257 l80
401 188 510 253 errae
527 189 710 272 maseasorii.
728 191 801 274 Cep.
818 190 867 254 ll.

132 298 244 357 tionem
264 294 292 356 ei
316 292 487 371 impertiri3
504 292 573 371 quia
590 300 685 369 tune,
714 292 783 355 lieet
811 291 1010 355 conditionate
1031 289 1144 372 detur,
1225 349 1232 372 2

131 389 231 441 tamen
250 386 284 439 ut
306 377 526 439 Sacramentum
546 377 642 437 ualeat
665 376 864 439 administrari
883 376 939 437 sub
952 378 1143 450 conditione,
1231 379 1234 389 '

131 480 240 543 urgens
252 461 387 542 etgravis
397 478 481 523 musa
500 460 686 540 requiritur-3
702 461 781 522 unde
797 478 872 541 opus
887 469 933 521 cst
947 470 1003 533 ,ut
1021 464 1144 544 aliquod

131 548 262 611 notabile
282 546 425 625 temporie
449 546 579 625 spatium
595 546 795 632 intermediet.
820 544 934 607 Verdm
959 548 992 607 in
1013 547 1074 609 boc
1095 570 1147 611 sa-

131 633 234 697 cerdos
258 648 295 693 ex
326 630 503 693 conscientia
534 648 625 709 quam
655 631 772 691 noverit
799 630 932 703 infirmi,
955 650 989 693 se
1012 633 1146 714 dirigere

130 718 236 795 debet3
249 733 318 777 nam
345 715 370 775 si
390 714 441 777 ille
461 712 630 777 habituatus
648 716 706 777 fuit
729 716 761 775 in
780 716 879 795 pravis
897 716 1144 795 cogitationibus,

131 803 155 862 si
173 802 273 879 aliquo
289 799 413 863 vulnere
431 801 582 873 moritur,
597 807 649 861 eut
661 800 759 880 aliqud
772 801 834 862 odii
849 800 898 861 vel
911 801 1022 878 impuri
1031 806 1146 865 amoris

130 886 265 965 passione
277 893 322 945 est
332 884 481 953 irretitus,
498 885 525 946 si
545 884 703 946 infirmitas
717 894 763 945 est
777 884 867 945 nimis
883 886 1006 957 acerba,
1027 896 1058 948 el
1078 890 1146 966 ipse
1227 941 1234 964 ,

98 982 101 987 ’
130 986 191 1031 ηοη
204 969 309 1030 libenti
321 970 420 1031 animo
434 968 554 1045 suffert,
569 979 641 1033 tune
655 967 762 1049 sepitis
779 968 925 1031 absolutio
937 969 1006 1034 dari
1022 982 1144 1051 potest,

130 1055 314 1127 sinautem,
330 1052 437 1126 sufficit
455 1060 489 1113 ut
509 1053 602 1113 trium
631 1061 683 1113 aut
706 1063 833 1131 quatuor
853 1050 997 1113 horarum
1010 1057 1145 1133 spatium

132 1137 291 1199 intercedat
320 1159 328 1197 r
355 1134 540 1213 frequentiis
565 1146 687 1208 tamen,
708 1138 732 1197 si
759 1135 884 1213 jamjam
910 1139 1151 1201 moriturusest.

130 1226 197 1285 Non
212 1222 264 1282 abs
289 1238 323 1280 re
346 1229 445 1279 autem
465 1220 523 1280 erit
540 1231 704 1299 egrotum,
725 1220 798 1280 dum
819 1231 920 1281 mente
940 1225 1059 1300 pollet,
1076 1246 1154 1287 mo·
1232 1280 1236 1288 .

131 1306 226 1378 nere,
246 1312 281 1365 ut
296 1306 319 1365 si
339 1304 422 1382 loqui
441 1322 501 1365 non
516 1306 628 1383 possit,
642 1308 762 1383 signum
771 1306 893 1384 aliquod
910 1306 1147 1373 determinatum

131 1392 202 1466 det,
234 1390 307 1452 dum
335 1390 550 1457 absolutionem
584 1392 714 1469 querit,
739 1400 791 1452 aut
817 1391 892 1451 dum
922 1394 1055 1455 sacerdos
1084 1397 1147 1475 ipsi

131 1476 264 1537 oonlerre
277 1474 366 1547 vult,
383 1492 420 1535 ex
444 1492 489 1553 gr.
510 1475 610 1535 oculos
634 1474 770 1552 claudat,
796 1475 844 1537 uel
863 1486 998 1553 reseret,
1018 1496 1145 1544 manum

132 1562 246 1634 elevet,
262 1569 349 1638 caput
358 1560 481 1621 inclinet
494 1602 502 1631 ,
516 1568 546 1621 et
559 1560 679 1621 similis.

171 1647 239 1709 277.
263 1645 399 1723 Denique
424 1642 492 1705 cum
512 1642 530 1705 e
553 1645 613 1703 vita
635 1642 699 1721 jam
726 1646 868 1723 migrasse
884 1645 1024 1721 videtur,
1043 1660 1147 1711 caveat

134 1731 288 1802 sacerdos,
302 1746 341 1789 ne
359 1729 457 1789 statim
473 1727 524 1788 det
537 1726 626 1805 hujus
641 1730 746 1790 mortis
767 1732 908 1808 signum,
926 1750 983 1791 nce
995 1734 1025 1793 ei
1042 1736 1147 1794 statim

135 1818 258 1889 oculos,
275 1822 325 1875 aut
343 1830 374 1873 os
390 1813 525 1891 claudat,
545 1823 598 1873 aut
611 1815 708 1875 risum
729 1814 834 1893 pannis
846 1817 1017 1894 rodperiat3
1036 1820 1105 1895 quia
1118 1822 1146 1880 si

132 1902 268 1963 nandium
281 1908 417 1961 mortuus
438 1910 531 1972 esset,
544 1900 621 1983 'lieri
634 1910 731 1979 posset
744 1945 753 1972 ,
776 1909 810 1959 ut
822 1920 902 1977 mors
914 1904 1145 1965 acceleraretur:

132 1983 208 2048 Cum
229 1996 327 2047 autem
346 1983 427 2045 oertb
449 1985 504 2044 seit
516 1984 646 2044 animam
655 1983 719 2061 jam
732 1984 769 2045 ad
785 1986 980 2070 [eternitatem
988 1990 1145 2066 migrasse,

132 2075 371 2140 circumstantes,
391 2077 425 2128 ut
438 2085 493 2146 pro
505 2069 557 2129 illo
571 2077 680 2140 orent,
697 2079 834 2144 moneat,
850 2080 881 2132 et
896 2071 958 2151 ipse
971 2071 1056 2134 flexis
1065 2077 1149 2153 geni-

132 2157 188 2218 bus
204 2157 283 2219 dieat
298 2153 465 2217 orationem
484 2174 492 2211 a
514 2150 690 2232 Subvenite,
706 2161 761 2215 etc.
781 2156 861 2216 utin
879 2157 1015 2232 Ritunli,
1035 2161 1084 2221 vel
1110 2161 1147 2222 iu

132 2243 292 2307 Breuiario.
321 2237 324 2244 ’

130 2409 159 2489 S.
173 2411 223 2468 vl.
239 2407 384 2489 Affectus,
404 2411 461 2510 qui
477 2411 598 2552 soppepi
614 2405 853 2494 portentoqocis
862 2458 872 2490 ,
886 2420 914 2475 ei
931 2411 1149 2496 exspirationis

579 2511 704 2574 etttpom
977 2514 980 2521 '

180 2665 248 2726 278.
269 2600 315 2728 ln
328 2669 372 2740 te,
392 2663 470 2724 Deus
484 2681 585 2735 meus,
605 2663 904 2739 inlallibilisveritas‚
924 2665 1029 2744 ered03
1043 2667 1075 2728 in
1092 2677 1143 2744 te,

132 2751 275 2812 immensa
293 2747 512 2819 misericordia,
536 2767 624 2826 spero
634 2770 651 2826 ;ι
665 2758 695 2809 te
710 2795 718 2821 ,
734 2750 851 2812 infinita
871 2751 986 2812 bonitas
1000 2795 1009 2824 ,
1023 2771 1103 2814 amo.

172 2836 207 2895 ln
221 2843 251 2894 te
263 2832 390 2912 Domine
403 2833 517 2910 speravi
530 2875 538 2903 ‚
557 2851 617 2894 non
630 2834 792 2896 confundar
806 2837 838 2895 in
848 2845 1004 2898 eternum.

172 2919 251 2994 Quid
267 2915 340 2977 mihi
355 2924 407 2975 est
425 2917 457 2976 in
474 2918 565 2992 coelo,
582 2927 613 2977 ct
630 2917 648 2979 b
668 2928 698 2980 te
712 2920 783 2999 quid
799 2921 880 2985 volui
901 2939 990 3000 snper
1007 2927 1146 2986 terram?

133 3009 213 3067 Deus
229 3001 325 3065 cardis
342 3003 401 3062 mei
415 3045 423 3074 ,
436 3009 466 3061 et
479 3019 548 3080 pars
559 3020 624 3062 mea
638 3005 670 3063 in
681 3014 838 3066 aeternum.
861 3030 864 3034 ⁴
1031 3073 1041 3082 „

172 3092 282 3150 Amore
300 3087 408 3152 amoris
426 3086 470 3147 tui
487 3087 615 3163 moriar,
631 3089 685 3166 qui
699 3107 800 3151 amore
812 3089 922 3151 amoris
936 3091 993 3152 mei
1005 3091 1146 3172 dignatus

134 3191 164 3233 es
176 3191 264 3233 mori.

172 3256 206 3313 ln
225 3273 293 3330 pace
306 3259 338 3316 in
358 3258 488 3337 idipsum
500 3257 667 3336 dormiam,
690 3268 721 3320 et
736 3259 930 3338 requiescam.

173 3340 250 3397 Deus
266 3355 365 3412 meus,
378 3361 416 3402 ne
426 3345 580 3422 permittas
590 3361 639 3404 me
648 3347 777 3423 separari
789 3345 854 3407 alte.
870 3345 952 3407 Nihil
959 3347 1040 3423 aliud
1051 3348 1144 3427 quium

134 3430 164 3480 te
177 3419 274 3497 cupio.
286 3421 402 3480 Bonitas
421 3427 537 3486 infinita
549 3470 557 3500 ‚
578 3437 608 3487 te
632 3447 699 3488 amo
712 3471 721 3500 ,
737 3437 767 3488 te
781 3447 866 3502 amo,
879 3438 911 3490 te
924 3449 1003 3493 amo.

173 3501 240 3592 (Hic
253 3499 546 3592 animadvertendum
559 3518 620 3584 est,
639 3519 722 3571 octus
737 3511 967 3594 frequentiores,
987 3513 1042 3598 qca'
1050 3518 1143 3580 meri·

137 3577 243 3640 brrrrdrs
254 3595 370 3659 suggere
388 3581 505 3663 debent,
522 3607 581 3653 esse
602 3593 734 3673 amoris,
750 3603 779 3656 et
796 3593 928 3676 doloris.)
954 3597 977 3606 ”
