2475 3975
97 142 156 207 lid
365 134 477 201 Prasia
494 130 679 214 capuces.
698 131 772 211 Cap.
787 129 840 192 ιι.

96 246 281 307 aramentum
299 248 363 314 est,
381 236 491 301 attere
510 235 641 306 dicitur,
655 231 769 314 futare
781 226 890 313 'placite
901 232 1021 313 piparas.
1040 232 1102 290 Dn-

97 332 195 392 minus
210 338 306 389 teeum
322 334 387 398 est,
403 324 476 403 quid
489 319 616 399 amplius
639 321 746 380 times?
763 317 867 378 Exulta
879 361 888 389 ,
902 317 1010 389 irater,
1024 316 1108 375 llcu's

97 414 150 475 tibi
171 414 242 473 dare
267 412 332 472 vult
351 408 540 487 paradisum,
564 404 691 482 idedque
711 410 808 463 totum
826 418 858 462 se
878 401 932 461 tibi
955 400 1108 476 impertiri

97 498 233 577 dignatus
255 505 320 571 est3
345 496 393 555 dic
417 490 487 571 ergd
506 513 514 551 a
536 491 683 551 Dominus
709 504 815 557 meus,
841 503 924 546 amor
946 501 1052 555 meus,
1073 493 1109 544 te

97 583 268 661 amplectar.
289 580 355 639 Tibi
376 578 482 656 gratias
497 591 569 654 age,
590 582 621 634 ιε
641 588 728 645 amo,
747 580 779 631 ει
797 572 830 631 in
849 578 993 630 oeteruum
1014 576 1109 629 mete

98 677 266 729 amaturum
285 682 367 742 spem
388 662 504 722 habea:
523 678 571 720 me
591 659 715 737 paenitet
732 666 762 717 ιε
782 656 959 727 offendisse,
977 665 1007 715 et
1025 673 1111 714 nunc

99 750 243 829 quidquid
263 744 336 809 mihi
356 755 489 827 superest
508 746 597 818 vitm,
618 745 652 804 in
672 750 758 803 tuum
780 758 915 803 amorem
932 729 1110 819 impendere

98 836 225 897 tirmiter
243 850 390 913 propono.

137 922 207 981 til.
222 921 290 980 lesu
310 919 368 989 mi,
379 917 471 977 vitam
480 932 575 976 meam
587 914 619 975 in
635 912 838 974 holocaustum
851 912 978 973 libenter
993 908 1108 984 allero,

99 1008 123 1067 si
145 1005 199 1067 tibi
221 1006 317 1085 placet
338 1022 402 1063 earn
425 1001 499 1062 milri
523 1000 648 1059 auferre.
664 999 728 1058 Fiat
749 1016 865 1076 semper
884 996 1020 1056 veluntas
1044 1006 1109 1055 tua.

101 1094 235 1153 Sanctam
255 1088 523 1167 perseverantiam,
545 1100 677 1142 amorem
701 1092 785 1142 taum
804 1080 879 1141 mihi
899 1078 1015 1140 tantum
1036 1098 1111 1141 con·

100 1176 204 1237 cedere
222 1191 343 1251 precor,
366 1173 404 1228 ita
424 1177 458 1227 ut
479 1166 605 1226 amando
626 1175 656 1225 te
672 1166 928 1234 animamillam,
942 1165 1111 1225 utveniam

101 1263 138 1323 ad
161 1270 190 1322 ιο
213 1275 329 1335 semper
350 1254 509 1315 amandum
535 1252 566 1311 in
586 1253 671 1313 coelo.
686 1252 733 1310 Tu
753 1268 800 1310 me
817 1270 878 1311 non
895 1248 1032 1319 deseres,
1053 1266 1112 1327 ege

101 1363 160 1406 non
181 1342 312 1407 deseram
331 1350 379 1414 te;
398 1336 468 1419 ergd
491 1340 570 1401 Deus
593 1336 700 1400 animas
720 1353 813 1410 meae,
834 1338 866 1398 in
887 1340 1034 1395 aeternum
1053 1352 1112 1394 nes

101 1430 228 1492 invicem
247 1427 416 1507 diligemus.
496 1474 499 1479 .

335 1582 387 1641 ιιι.
403 1577 488 1641 Circa
504 1580 678 1640 Ecetranum
694 1576 874 1641 Unctionem

141 1762 210 1825 275.
231 1698 394 1826 Emesam
420 1758 546 1833 Unctia,
572 1755 617 1818 uti
639 1764 684 1818 est
708 1757 848 1817 ultimum
867 1758 1113 1830 Sacramentum,

104 1850 145 1910 ita
173 1866 208 1908 ex
230 1850 271 1908 D.
300 1842 412 1906 Thema
434 1852 479 1902 est
500 1842 569 1901 vitae
595 1842 757 1921 spiritualis
780 1859 912 1917 coruna3
935 1842 998 1919 ipsa
1020 1840 1114 1903 huma

104 1933 259 2004 munitus,
286 1929 322 1990 ad
347 1928 495 1988 caelestem
526 1928 651 2004 patriam
679 1926 793 2005 ingredi
821 1926 1000 2005 disponitur.
1027 1926 1115 1988 Unde

105 2021 325 2080 Sacramentum
344 2010 419 2082 hac,
435 2011 507 2070 dum
528 2020 656 2088 aegrotus
677 2021 778 2072 mente
799 2014 891 2090 pallet
902 2057 911 2086 ,
924 2021 959 2072 ut
977 2011 1006 2071 ei
1019 2013 1115 2090 magis

105 2104 219 2182 prosit,
243 2117 317 2180 opus
335 2107 379 2158 est
399 2105 431 2156 ut
449 2097 636 2167 conicratur,
650 2097 811 2174 quoniam,
825 2095 894 2158 licdt
910 2095 1038 2156 conferri
1051 2114 1115 2158 nau

106 2189 212 2266 possit,
234 2187 290 2246 nisi
310 2201 399 2262 grave
421 2183 524 2242 mortis
545 2181 710 2258 periculum
732 2179 846 2259 (saltem
869 2179 1032 2259 probabile)
1056 2181 1116 2240 im·

105 2274 216 2332 mineat
241 2271 287 2346 (ut
308 2270 339 2328 in
361 2277 460 2328 nostra
479 2267 582 2327 literali
602 2262 624 2326 l.
643 2269 673 2326 t.
691 2284 722 2326 a.
743 2268 811 2326 tlt.
829 2265 908 2327 Ded.
924 2265 990 2343 d.),
1012 2275 1115 2327 tamen

105 2356 142 2414 ad
162 2354 302 2412 ultimum
323 2353 391 2409 vitae
413 2351 570 2410 discrimen
595 2349 715 2428 prorsus
737 2351 936 2412 differendum
957 2369 1019 2412 uon
1042 2359 1113 2426 est3

106 2435 128 2496 l.
144 2454 169 2496 a.
184 2433 301 2494 Advert.
320 2434 349 2490 l.
371 2434 455 2491 Unde
471 2433 512 2492 ait
524 2434 723 2494 Catechismus
736 2435 923 2514 llomanusS.
937 2437 966 2494 a.
982 2436 1116 2512 graviter

106 2537 224 2602 peccare
242 2515 384 2597 parochos
404 2517 487 2590 illos,
501 2518 552 2595 qui
571 2520 727 2584 conserunt
738 2523 906 2584 Extremam
920 2521 1112 2597 linctionem,
1162 2546 1166 2550 ·

105 2604 224 2688 quando
235 2605 315 2665 nulla
326 2603 407 2663 adest
416 2621 480 2680 spes
493 2604 560 2664 vitae
573 2612 602 2664 et
615 2613 742 2682 aegrotus
749 2603 811 2682 jam
823 2607 957 2685 privatur
967 2605 1112 2665 sensibus.

145 2691 213 2752 til.
241 2691 359 2766 AEgrota
389 2688 522 2750 sacerdos
551 2689 674 2750 suadere
703 2690 841 2763 studeat,
870 2690 950 2768 qudd
978 2693 1117 2759 Extrema

109 2775 234 2845 Unctis,
250 2773 274 2831 si
299 2773 404 2832 animae
427 2773 582 2851 profutura
606 2775 685 2846 erit,
706 2775 795 2836 etiam
820 2775 858 2835 ad
880 2775 1012 2852 corporis
1036 2775 1117 2834 sani·

108 2871 197 2922 tatem
217 2859 345 2930 confert,
365 2867 398 2920 ut
413 2858 538 2918 Trident
556 2876 627 2920 sesa.
650 2862 698 2920 ll.
718 2879 784 2942 cap.
805 2863 834 2921 2.
854 2859 1009 2922 laterdtlm
1031 2860 1116 2920 acai-

109 2954 198 3008 tatem
219 2944 348 3026 carparis
372 2943 581 3023 consequitur,
611 2944 666 3007 udi
691 2944 786 3007 saluti
809 2947 919 3008 enimc
942 2945 1114 3028 expedierit.

108 3034 175 3092 llaec
194 3041 292 3091 tamen
313 3030 420 3092 sanitas
434 3049 494 3090 nan
514 3031 682 3105 confertur,
698 3030 766 3092 calm
787 3034 960 3094 naturaliter
980 3033 1116 3112 impossi-

108 3115 168 3180 bile
186 3117 223 3174 sit
236 3115 345 3178 iterum
360 3117 474 3176 restitui
495 3116 532 3176 ad
547 3117 684 3177 salutem.
695 3118 739 3176 Ι)ε
751 3117 879 3195 quodam
896 3116 958 3194 jam
976 3115 1116 3178 defuncto

107 3199 198 3264 refert
216 3201 348 3262 loannes
366 3198 513 3272 Eroldus,
536 3199 617 3260 hunc
640 3202 801 3274 revelasse,
816 3201 895 3281 qudd
907 3202 932 3260 si
946 3204 1117 3262 Extremam

110 3281 283 3340 Unctionem
305 3282 387 3358 priris
412 3285 587 3362 accepisset,
612 3286 712 3345 statim
733 3285 750 3346 d
771 3286 876 3345 morbo
901 3286 1116 3362 convaluisset,

106 3362 252 3458 seduquia
273 3363 445 3440 distulerat,
465 3367 531 3429 ided
552 3369 612 3428 vita
628 3369 783 3428 defunctus
801 3378 881 3440 crat,
901 3379 932 3429 et
951 3368 989 3428 ad
1007 3387 1116 3447 purga-

108 3452 177 3502 tonr
187 3461 286 3518 ignem
297 3454 414 3503 centurn
427 3452 510 3510 annis
521 3452 686 3512 damnatus.
697 3451 848 3524 Secunde,
861 3454 998 3514 Extrema
1009 3454 1115 3516 Unctis

42 3597 46 3602 Ι
108 3532 297 3596 pausaturum
317 3524 457 3601 reliquias
477 3536 629 3609 remittet,
652 3543 682 3601 st
700 3553 753 3615 per
771 3555 952 3616 consequens
965 3538 1027 3618 ipsa
1048 3557 1113 3619 pec·
