2475 3975
356 149 406 210 Ea
421 144 555 228 operilcrs
571 143 723 206 Benedicti
730 145 820 206 XIV.
1032 150 1090 211 527

84 257 149 330 post
164 249 244 312 idom
264 257 382 329 tempus
406 248 593 321 vacaverint,
610 245 656 307 uti
669 246 800 308 decisum
826 247 857 307 iu
879 245 1091 310 Tribunalibus
1142 293 1146 300 .

82 337 233 396 Romanis.
244 335 320 396 lbicl.
335 351 367 396 n.
384 335 414 394 9.

120 421 243 480 iuterim
256 430 354 480 tamen
373 426 439 497 post
459 417 753 496 pronuntiationem,
770 416 882 478 scilicet
898 417 1048 479 Pontificio
1058 420 1090 482 in

83 504 282 572 Consistorio,
306 503 498 582 quoadusquo
526 501 588 562 hue
615 503 820 581 pronuntiatio
841 502 1005 564 innotuerit
1023 506 1093 584 Epi·

82 607 185 667 scopo,
200 597 335 650 remanet
355 589 507 650 incudem
531 587 675 666 Episcopo
694 586 862 663 jurisdictio
881 605 943 650 son
969 590 1091 666 quidem

81 673 118 732 ad
132 673 307 736 conterenda
323 672 462 734 beneficia
475 671 542 746 ,sod
553 671 590 732 ad
602 673 749 732 diaecesim
758 672 980 751 gubernandam
992 692 1091 735 ueros·

79 759 174 826 saria,
190 757 236 818 uti
254 759 404 836 provisum
423 766 467 820 est
483 757 515 818 in
531 757 788 827 contemtionem,
804 774 857 818 seu
873 757 906 818 iu
917 759 1003 821 Eroti
1016 757 1089 821 tttuo

82 843 277 902 confirmante
291 839 405 903 Urbani
414 845 500 920 Papae
510 842 590 900 Vlll.
603 840 679 900 lhid.
691 860 722 901 n.
738 843 788 900 to.

119 927 149 986 Si
169 927 329 1005 Episcopus
351 925 383 986 io
406 943 511 986 manus
537 941 742 1002 paganorum,
765 931 817 983 aut
836 923 1089 988 schismaticorum

80 1011 214 1082 incidat,
232 1019 262 1072 et
283 1010 334 1070 fiat
359 1010 510 1088 captivus,
531 1009 667 1069 Ecclesiae
685 1008 902 1070 administratio
929 1013 1035 1074 transit
1059 1015 1091 1075 iu

80 1097 270 1174 Capitulum,
288 1096 481 1177 quoadusquo
494 1093 580 1156 aliter
596 1095 734 1173 disponat
750 1094 839 1155 Sedes
860 1097 1040 1172 apostoliea,
1064 1117 1090 1158 c.

79 1180 115 1240 Si
128 1181 313 1264 Episcopus,
329 1179 364 1242 de
377 1179 515 1262 suppleo.
531 1176 640 1260 aepiip.
662 1178 786 1241 Pendet.
807 1179 842 1240 in
857 1181 977 1257 o‚quae
994 1189 1091 1242 tamea

79 1283 151 1324 vera
166 1276 238 1326 sunt
250 1311 259 1338 ,
271 1266 295 1325 si
307 1283 404 1326 carcer
418 1266 551 1342 Episcopi
564 1265 603 1324 sit
623 1265 696 1324 adeo
716 1274 815 1326 arctus
829 1306 839 1334 ,
863 1272 899 1324 ut
915 1265 1091 1344 Episcopum

77 1348 1089 1428 suumnequidemperlitterasadirediaecesanivaleant.lbid.u.il.

120 1435 273 1513 Episcopis
282 1454 319 1495 ex
332 1434 542 1496 constitutione
556 1433 712 1494 Pontificis
722 1435 882 1512 incipiente
898 1432 1090 1504 Fismcodtc,

78 1521 122 1582 ias
144 1529 189 1580 cst
213 1521 245 1579 in
264 1521 387 1580 Ecclesia
406 1517 566 1599 parochiali
588 1518 603 1578 i
627 1519 820 1598 Regularihus
837 1519 1042 1580 administrati
1060 1520 1091 1579 in

80 1603 220 1685 pastorali
244 1605 412 1678 visitatione
425 1604 571 1683 inspicere
591 1603 685 1664 altaro
707 1605 803 1673 illud,
821 1603 854 1664 in
871 1620 931 1682 quo
953 1604 1092 1666 taberna·

78 1692 181 1750 corleum
202 1690 254 1750 SS.
283 1688 472 1750 Eucharistiae
496 1697 639 1759 tenetur,
662 1689 736 1750 item
762 1689 876 1748 iontem
905 1689 1090 1767 baptisterii,

79 1776 291 1840 confessionnis
315 1774 456 1854 parochi,
479 1773 629 1851 pulpitum
652 1773 669 1834 i
693 1792 753 1851 quo
770 1772 917 1851 parochus
935 1774 984 1849 jus
1003 1774 1092 1834 hahet

78 1859 277 1922 annuntiandi
291 1860 419 1921 uerbum
438 1857 514 1930 Det,
534 1858 695 1916 sacrarium
707 1900 717 1928 ,
730 1857 764 1916 in
784 1875 845 1933 quo
864 1867 997 1916 servatur
1011 1876 1091 1918 saera

78 1945 214 2025 supellex
236 1943 274 2005 ad
305 1950 487 2004 sacramenta
515 1942 733 2013 ministranda,
753 1937 963 2020 sepulchrum,
986 1959 1093 2003 eoeme-

77 2032 193 2093 terium
225 2028 395 2108 parochiae,
420 2028 529 2088 turrim
559 2028 649 2087 etiam
681 2026 921 2105 campanariam,
944 2027 970 2085 si
995 2026 1093 2087 addat

77 2133 231 2194 campanea
249 2114 286 2175 ad
309 2111 478 2193 parochiam
494 2120 683 2191 spectaptes,
703 2131 739 2173 ac
760 2110 882 2173 demiror
900 2128 980 2173 sacra
1002 2128 1092 2182 vasa,

78 2202 114 2262 in
139 2199 248 2278 quibus
275 2198 428 2277 particulae
451 2206 627 2271 consecratas
643 2205 829 2268 servamur,
856 2196 904 2255 ecl
924 2213 1004 2262 sacra
1029 2196 1093 2256 olea

75 2284 221 2365 baptismi
240 2291 272 2345 et
299 2284 445 2343 Extremae
477 2282 655 2361 Unctioais;
674 2280 797 2343 demiun
819 2280 910 2359 pilam
935 2299 1020 2361 aquae
1040 2282 1092 2343 he-

75 2372 216 2443 pcdietae.
428 2420 431 2423 .

117 2454 285 2535 Episcopi,
308 2452 416 2532 quibus
437 2470 531 2531 usque
556 2451 645 2513 modo
672 2471 805 2513 concessa
828 2461 871 2514 est
891 2455 1012 2517 facultas
1035 2458 1091 2518 im·

79 2540 227 2620 pertiendi
249 2538 484 2603 benedictionem
505 2558 573 2600 cunr
593 2538 778 2616 indulgentia
801 2541 932 2617 plenarii
955 2542 1091 2602 fidelibus

79 2628 112 2686 in
131 2625 236 2687 mortis
261 2624 386 2684 articulo
408 2624 597 2694 constitutis,
617 2626 663 2683 uti
689 2625 723 2683 ed
746 2631 868 2702 possunt
894 2642 955 2683 noo
975 2624 1091 2685 tantirm

79 2710 117 2778 ad
137 2718 250 2770 eertum
264 2718 404 2785 tempus,
423 2703 674 2787 quemadmodum
687 2708 832 2769 limitatur
844 2708 875 2767 in
895 2709 1038 2769 Brevibus
1054 2710 1091 2769 ab

80 2795 140 2865 illis
159 2795 343 2873 impetratis,
357 2793 407 2853 sed
421 2793 561 2871 quamdiu
579 2793 611 2851 in
627 2793 764 2866 diaecesi,
781 2792 865 2869 cujus
877 2793 988 2856 intuitu
1008 2795 1091 2855 illam

80 2880 285 2957 obtinuerint,
302 2880 531 2957 permanserint.
557 2878 672 2939 liabent
691 2880 780 2939 etiam
797 2879 964 2939 facultatem
983 2880 1091 2940 subdo·

79 2964 198 3043 legendi
211 2964 283 3025 alios
291 2965 355 3042 pios
366 2964 529 3025 sacerdotes
536 2972 683 3042 quotquot
690 2964 1088 3043 judicaverintopportuoos‚

80 3048 180 3127 utipsi
195 3092 203 3120 ‚
216 3048 364 3128 Episcopis
375 3050 542 3129 impeditis,
552 3050 686 3109 camdem
700 3049 914 3129 indulgentiam
927 3052 1088 3111 conserant.

81 3132 268 3213 Suhdelegati
280 3132 352 3193 vero
369 3134 404 3193 et
420 3134 558 3195 facultate
568 3134 605 3193 nd
619 3135 830 3195 scarcnsmisst
845 3135 890 3195 uti
901 3145 1022 3213 possunt
1034 3154 1089 3217 pro

80 3218 142 3278 total
154 3218 291 3291 dioeuosi,
306 3220 352 3277 vel
363 3219 525 3295 territorio,
536 3220 583 3279 cui
593 3220 731 3281 destinati
742 3228 813 3280 sunt
827 3264 837 3291 ,
851 3221 1043 3300 quoadusque
1057 3224 1087 3283 in

80 3298 137 3361 hoc
154 3320 278 3363 munere
296 3312 505 3381 perseverant,
520 3305 637 3365 etiamsi
650 3307 810 3384 Episcopus
819 3304 955 3385 delegans
970 3306 1087 3367 obierit.

81 3385 210 3447 Demirm
230 3387 381 3449 insultates
403 3388 466 3447 istm
486 3388 625 3467 deinceps
646 3390 844 3451 concedentur
864 3397 1014 3470 perpetuae
1025 3405 1089 3447 om·

81 3470 170 3543 uibus
182 3479 211 3531 et
232 3472 356 3551 singulis
377 3472 547 3550 Episcopis,
564 3474 615 3550 qui
635 3473 749 3532 litteras
765 3474 799 3533 eci
812 3474 851 3534 dc
868 3492 903 3535 re
923 3471 1086 3548 petierint,
1135 3541 1157 3551 A

81 3572 170 3632 quam
189 3556 279 3631 etiam
297 3555 464 3631 facultatem
488 3555 665 3616 obtinebunt
687 3555 803 3617 Praelati
829 3557 1003 3626 interiores,
1028 3562 1089 3615 ter·
