2475 3975
109 167 114 175 ⁸
131 180 188 245 tol
411 168 526 232 Prusia
537 164 718 249 confessarii.
733 164 806 248 Cap.
823 168 852 228 8.

130 289 172 343 esi
185 270 367 359 perieulum
382 288 449 353 que
461 268 578 350 quidem
595 266 790 348 familiaritas
801 265 914 347 queunte
930 260 1000 343 plaia
1014 266 1132 340 crescit,

132 364 304 445 infirmetur
330 353 492 437 principale
514 354 674 423 motivum,
697 361 726 412 et
747 351 866 433 puritas
897 346 1076 410 mouiletor.
1101 352 1137 409 Et

132 444 305 525 subjungit,
329 440 410 517 qudd
436 440 507 499 tales
530 456 663 516 persensa
681 435 737 497 boe
760 455 820 496 non
833 436 934 497 statim
958 434 1136 509 adventant3
1196 456 1200 461 ·

132 532 273 613 quoniam
295 526 427 588 diabolus
440 524 477 583 ab
496 524 581 583 initio
602 542 664 583 non
682 523 792 583 emittit
812 522 930 598 sagittas
955 529 1136 590 uenenatas,

131 618 181 679 sed
202 615 265 675 illas
284 608 505 673 tantummodo.
523 625 589 686 quoe
607 606 825 685 aliquantulum
842 606 971 675 leniunt,
984 613 1014 664 et
1028 609 1139 683 augent

131 703 279 764 allectum.
304 693 361 753 Sed
382 690 465 753 brevi
488 689 659 768 hujusmodi
682 710 814 770 persone
838 689 874 751 ed
905 690 1085 765 deveniunt,
1105 696 1139 747 ut

132 804 192 847 nou
209 776 335 859 amplius
356 786 442 856 agant
461 793 560 836 secum
577 784 729 855 tamquam
751 776 864 854 augeli,
886 773 1138 854 quemadmodum

132 874 280 946 coeperant
293 909 302 935 ‚
317 864 366 923 sed
387 872 537 939 tamquam
558 880 647 922 earne
661 862 758 921 vestiti
772 883 782 936 3
798 861 926 920 vicissim
939 877 971 919 se
983 859 1139 919 intuentur

135 962 309 1029 mentesque
324 949 379 1009 sibi
400 948 511 1007 leniunt
527 946 642 1007 blandis
657 946 902 1015 allocutionibus,
921 962 987 1021 qum
1005 942 1105 1003 adbuc
1121 941 1137 1002 a

133 1040 229 1121 prima
262 1034 422 1097 devotione
451 1031 590 1091 videntur
614 1031 793 1108 procedere:
817 1027 888 1088 bine
912 1029 986 1087 alten
1016 1029 1140 1087 alienius

133 1121 318 1203 praesentiam
348 1117 452 1193 incipit
467 1124 644 1193 ·eppetene;
664 1114 762 1194 sieque
791 1112 962 1193 (concludit)
994 1112 1140 1193 spiritua·

134 1206 172 1269 lis
191 1201 302 1265 devotio
325 1198 504 1261 convertitur
527 1198 561 1257 in
588 1193 747 1257 carnalem.
774 1200 811 1258 Et
838 1199 958 1276 quidem
991 1198 1031 1257 ob
1065 1208 1139 1275 quot

134 1289 317 1356 sacerdotem
349 1284 400 1362 qui
429 1293 513 1345 antm
543 1292 630 1343 erant
662 1284 856 1352 innoeentes,
882 1283 922 1343 ob
951 1282 1061 1345 similes
1088 1283 1141 1342 ad-

133 1374 276 1435 haesiones
304 1388 371 1447 quse
392 1370 497 1446 spiritu
521 1370 807 1446 eoepenaut‚1)eum
834 1369 975 1431 simulet
1000 1369 1140 1445 spiritum

134 1456 341 1538 perdiderunt!
358 1454 536 1515 Adventotue
560 1450 608 1512 hie
625 1452 704 1529 qudd
727 1471 762 1511 ex
780 1456 865 1511 Dece.
879 1453 910 1511 S.
927 1454 960 1513 C.
975 1454 1070 1529 Epise.
1084 1452 1140 1511 sub

134 1546 182 1605 it.
195 1542 263 1601 lau.
274 1540 362 1597 tolo.
380 1536 555 1615 confessarii
570 1536 635 1597 siue
657 1536 822 1597 necessitate
843 1537 948 1597 audire
960 1555 1021 1596 uon
1039 1536 1143 1597 debent

134 1622 290 1688 anciliorum
303 1618 495 1701 consessiones
505 1628 573 1701 post
581 1617 783 1703 crepusculum
796 1620 1015 1701 uespertinum,
1028 1630 1055 1681 et
1070 1630 1141 1681 onte

134 1726 286 1773 auroram.

173 1797 239 1857 ine.
254 1792 367 1853 Deinde
380 1790 571 1853 confessarius
583 1810 643 1852 non
653 1789 726 1853 oded
739 1789 898 1852 mulierum
912 1792 1144 1853 confessionibus

135 1883 173 1943 sit
198 1879 349 1949 addictus,
371 1886 404 1937 ut
426 1895 480 1954 pen
502 1875 558 1935 boc
583 1874 719 1936 boniines
748 1876 785 1935 ad
807 1894 839 1935 se
861 1876 1012 1935 venientes
1035 1876 1145 1937 audire

135 1974 261 2030 recuset..
285 1962 331 2024 Ob
352 1964 447 2042 qualis
471 1962 586 2022 miseria
609 1972 654 2022 est
676 1979 797 2022 eernere
819 1969 864 2023 tot
885 1962 1074 2022 confessarios
1090 1962 1145 2040 qui

135 2051 312 2132 impendunt
326 2049 434 2110 lionam
453 2048 511 2108 diei
524 2055 638 2126 partem
656 2047 687 2106 in
700 2047 853 2107 audiendis
872 2047 1016 2125 religiosis
1035 2048 1146 2125 aliqui-

135 2139 190 2199 bus
212 2135 493 2212 mulierculis‚quas
517 2131 606 2209 vulgi)
619 2132 721 2192 dicunt
735 2132 880 2204 Blaesus,
900 2138 930 2190 et
948 2129 1017 2193 oiim
1041 2143 1143 2210 postea

135 2222 237 2281 vident
248 2221 284 2280 ad
303 2239 334 2280 se
353 2220 521 2280 accedentes
539 2216 676 2279 homines
692 2224 745 2276 aut
765 2216 899 2276 soeminas
914 2224 1050 2276 uxoratos
1063 2260 1073 2289 ‚
1088 2216 1143 2295 qui

135 2314 204 2364 sunt
223 2303 301 2378 pleni
322 2303 483 2377 angustiis,
509 2311 539 2360 et
564 2302 725 2374 molestiis,
746 2311 777 2360 et
799 2300 850 2377 qui
868 2298 947 2378 aegre
971 2300 1093 2373 domos,
1112 2313 1144 2364 et

135 2388 250 2462 negotia
267 2402 318 2442 sun
338 2385 506 2460 relinquere
526 2394 705 2460 potuerunt,
731 2385 888 2444 dimittunt
905 2403 972 2456 eos,
991 2385 1142 2461 dicendo,

135 2467 234 2530 Habeo
253 2463 338 2526 aliud
354 2466 432 2544 quod
451 2485 557 2548 aqum,
571 2467 610 2526 ite
631 2467 671 2527 od
690 2465 783 2543 olioc,·
797 2469 876 2528 unde
891 2469 971 2529 litut
986 2470 1034 2529 isti
1049 2515 1057 2542 ,
1080 2490 1143 2534 nou
1208 2517 1212 2524 ·

135 2553 319 2614 inuenientes
332 2552 377 2611 eni
392 2571 442 2612 sua
454 2560 568 2630 peecata
577 2552 775 2613 confiteantur
786 2555 964 2631 ‚vivantpen
973 2562 1017 2614 tot
1028 2573 1144 2635 menses

60 2699 70 2716 ,
135 2647 165 2698 et
183 2655 274 2698 anuos
292 2639 355 2697 sine
378 2637 583 2710 sacramentis,
598 2644 629 2696 et
646 2638 711 2696 sine
724 2640 797 2697 Deo.
813 2640 874 2698 Hoc
895 2657 955 2698 nou
975 2648 1019 2698 est
1038 2641 1146 2702 audine

135 2722 328 2786 confessiones
341 2766 348 2793 ‚
359 2730 392 2781 ut
403 2723 465 2783 Deo
477 2717 662 2800 placeamus,
677 2722 727 2782 sed
741 2721 858 2800 potius,
872 2733 905 2783 ut
924 2725 1011 2802 genio
1031 2727 1144 2785 servia-

136 2828 222 2884 mus3
237 2825 328 2886 quare
350 2807 446 2866 neseio
467 2808 553 2886 quale
568 2809 710 2868 meritum
727 2809 805 2887 apud
819 2811 915 2870 Deum
932 2810 993 2869 sint
1011 2807 1143 2874 habituri
1199 2838 1202 2842 ⁴

136 2891 301 2954 confessarii
320 2893 386 2963 illi,
408 2893 459 2969 qui
483 2891 538 2953 boo
554 2892 644 2952 modo
661 2911 749 2952 suum
769 2894 967 2953 ministerium
992 2906 1143 2957 exercent.

138 2979 202 3038 Scio
220 2997 293 3058 ego,
308 2976 369 3038 imd
387 2987 417 3036 ot
434 2987 535 3037 eontra
557 2978 684 3038 aliorum
710 2979 905 3054 opinionem,
929 2980 980 3056 qui
1005 2993 1143 3045 asserunt

137 3080 198 3120 osse
219 3071 334 3142 tempus
354 3061 460 3123 leustni
484 3063 672 3140 impensum,
691 3070 777 3123 teneo
797 3082 860 3122 esse
873 3082 947 3140 opus
966 3065 1050 3124 valde
1075 3069 1139 3126 Deo

137 3163 237 3204 curtim
254 3146 383 3226 dirigere
403 3147 515 3208 animas
527 3147 565 3206 ad
580 3148 658 3208 viam
679 3149 864 3226 perfectiouis
874 3170 884 3226 3
895 3147 1021 3227 idebque
1035 3150 1074 3209 de
1088 3150 1150 3218 boo,

137 3226 230 3286 insius
243 3227 346 3304 loquar
363 3234 457 3309 eapite
471 3233 597 3306 ultim03
616 3233 667 3292 sed
689 3251 786 3293 assero
804 3233 912 3312 probos
935 3236 1143 3308 confessarios,

138 3309 190 3382 qui
203 3308 317 3368 tuntum
330 3355 337 3380 ‚
351 3323 385 3372 ut
397 3319 458 3374 Deo
477 3317 610 3393 placeant
619 3363 628 3392 ‚
647 3319 841 3378 consessiones
860 3319 1010 3397 excipiunt
1029 3321 1146 3398 (quem-

139 3391 297 3451 admodum
315 3393 408 3454 lneone
421 3411 636 3462 consueverunt
651 3405 683 3462 S.
694 3402 854 3482 Philippus
865 3405 976 3464 Nerius
987 3449 995 3475 ‚
1008 3406 1039 3466 S.
1051 3409 1147 3474 lonic-

140 3476 217 3562 uesd
232 3476 337 3541 cruce,
361 3477 391 3532 S.
409 3480 516 3542 Petrus
538 3481 716 3564 directore,
739 3489 860 3568 aliique)
879 3490 998 3568 quando
1019 3495 1147 3554 cernunt

141 3554 269 3630 ultquum
293 3559 421 3616 oiiimam
446 3562 647 3646 indigentem,
671 3572 811 3650 praeferre
831 3593 895 3636 eam
918 3576 1074 3660 animabus
1095 3579 1146 3640 de·
