2475 3975
24 176 26 273 Ι
121 164 123 171 ·
326 144 352 227 ς.
365 144 416 211 ill.
429 143 545 214 ,Pteria
557 144 704 209 erationis
716 145 864 212 mentalis.
1039 150 1099 215 {57

23 278 26 325 p
88 246 188 309 biliter
201 246 316 309 intento
338 247 489 309 attendere
506 247 537 308 id
555 248 635 327 qued
657 250 737 311 Deus
754 252 786 310 in
802 268 834 310 se
852 255 1000 329 operatur.
1015 251 1096 314 dlie-

23 326 25 379 i
88 333 160 409 quin
183 332 332 395 obstaculo
355 341 452 411 posset
472 349 534 391 esec
550 333 659 394 divine
678 335 855 412 operationi.
871 337 994 415 Insuper
1012 346 1095 399 note·

22 416 23 419 ’
86 424 154 486 tur,
176 424 213 476 ut
227 416 353 477 advertit
370 417 403 477 S.
427 416 603 479 Franciscus
629 416 788 490 Solorius,
811 418 935 498 quidsi
965 438 1096 499 unquam

85 501 212 579 Spiritus
228 502 321 563 sancti
341 501 439 562 afflatu
463 520 547 563 mens
575 513 675 565 nostra
705 504 741 565 ad
766 505 895 584 aliquem
918 504 1031 566 bouum
1052 506 1095 565 at-

84 586 191 649 icctum
210 597 279 649 ante
300 586 562 648 considerationem
575 590 718 652 concitata
735 590 826 651 luerit
839 633 849 661 ,
864 598 958 662 tunc,
977 589 1096 667 postha-

85 670 144 733 bite
166 671 422 744 consideratione,
442 672 524 733 locus
541 672 656 735 dandus
672 684 720 733 est
734 674 904 744 aflectibus,
917 692 988 735 nam
1005 672 1097 734 cond·

85 756 198 817 deratio
207 756 282 819 adid
292 758 472 829 deservit‚ut
482 757 603 819 affectus
618 761 804 823 concitentur
818 780 829 819 a
843 777 957 839 quare,
972 758 1096 821 obtento

85 841 165 912 fine,
180 843 311 906 medium
326 843 594 920 derelinquendum
613 853 670 905 ost.
777 874 780 880 ·

121 933 191 991 Μ.
206 932 280 992 ltcm
291 930 479 1009 summepere
490 931 576 1009 juvat
588 932 746 1011 petitiones
757 932 790 993 in
803 934 936 996 eratione
948 942 1094 1013 repetere,

84 1014 340 1075 cumbumilitate
352 1058 362 1091 ,
389 1024 419 1077 et
437 1016 544 1077 fiducia
567 1015 751 1095 exposcende
775 1016 793 1082 i
815 1020 878 1077 Deo
899 1035 985 1077 suum
1003 1018 1096 1094 ipsios

83 1100 206 1175 lumen3
230 1110 417 1179 peccatorum
440 1102 668 1172 remissionom,
695 1101 970 1181 perseverantiam,
988 1100 1096 1169 bonam

83 1194 212 1245 mortem
225 1228 233 1257 ‚
247 1185 437 1264 paradisum,
459 1196 492 1245 et
507 1186 658 1265 inprimis
674 1186 788 1246 denum
807 1187 853 1246 sui
867 1185 961 1247 saneti
974 1186 1094 1245 ameris.

83 1270 264 1329 densabatur
283 1270 314 1329 S.
336 1268 512 1331 Franciecee
533 1268 667 1332 Salaciae
687 1272 767 1332 inter
780 1281 899 1333 ceteras
918 1270 1026 1348 gratim
1048 1285 1096 1347 po

82 1353 250 1421 stutendum
258 1371 320 1414 esse
330 1372 397 1413 cum
408 1354 498 1415 animi
513 1353 729 1415 vehementiori
747 1355 863 1415 feruere
880 1354 972 1414 divini
987 1352 1096 1413 ameris

81 1440 230 1517 gratiam,
252 1441 322 1517 quia
337 1438 457 1519 (ajebat)
477 1439 600 1501 obtento
621 1456 740 1514 amere,
766 1456 870 1500 omnes
892 1438 1096 1517 reliquoegre-

82 1524 132 1583 tiae
150 1523 336 1585 obtinentur.
349 1525 444 1603 Igitur
465 1525 610 1588 sufficiens
627 1524 691 1585 erit
704 1523 835 1595 animm,
849 1524 874 1583 si
895 1532 1018 1601 prepter
1033 1522 1095 1599 epi·

81 1607 160 1669 ritds
175 1608 385 1671 desolationem
404 1612 434 1670 in
447 1628 504 1689 que
520 1610 687 1690 reperitur,
702 1610 782 1671 aliud
793 1609 887 1673 lacere
902 1627 962 1669 nen
980 1615 1093 1685 posset,

81 1693 230 1755 sufficiens
241 1692 330 1773 (dice)
347 1696 373 1755 ei
392 1697 450 1755 erit
464 1740 472 1766 ,
488 1705 523 1755 ut
541 1704 657 1774 repetat
667 1693 882 1763 banelleuidis
895 1692 1092 1771 petitionem:

79 1780 185 1849 Deus,
210 1780 244 1841 in
264 1778 448 1861 adjuterium
463 1796 564 1843 nesam
574 1777 691 1841 intcedc
703 1803 714 1853 ς
726 1778 856 1842 Domine
865 1816 884 1845 ,-
897 1776 1009 1858 adjuvo
1029 1793 1093 1847 eae,

79 1861 196 1941 p‘cctteo
210 1862 288 1925 miti
311 1862 468 1927 auxiliari.
493 1864 616 1925 Dicebat
637 1865 710 1923 Vera.
735 1863 774 1921 P.
796 1858 914 1922 Pectus
927 1859 1047 1939 Scpncri
1063 1877 1095 1919 se

8 1956 9 1981 ³
80 1950 265 2028 experientia
284 1948 438 2025 didicisse,
458 1949 576 2013 nullum
599 1945 681 2010 aliud
699 1943 873 2006 exercitium
896 1961 959 2004 csse
982 1944 1095 2004 anima·

80 2033 139 2094 bus
156 2034 259 2094 utilius
274 2034 306 2094 in
317 2033 507 2095 meditatione
520 2079 528 2107 ‚
540 2031 630 2112 quim
640 2029 750 2091 iterdm
762 2038 852 2108 atque
862 2025 971 2089 iterium
983 2036 1093 2105 petere,

79 2122 114 2180 in
134 2121 256 2180 nemine
282 2121 344 2180 sive
365 2139 420 2198 per
447 2122 553 2182 marita
578 2115 807 2187 toarcense,
830 2116 883 2192 qui
907 2114 992 2172 nobis
1014 2113 1096 2174 illam

78 2217 222 2280 magnam
229 2203 450 2282 jucundamque
459 2203 684 2281 premissionem
692 2198 780 2270 iecit,
789 2206 825 2257 ut
836 2195 970 2274 super-iris
983 2195 1095 2258 dictum

79 2293 154 2348 cst:
173 2286 283 2360 Amce,
301 2285 469 2348 aocndico
486 2285 589 2361 mdis,
610 2280 732 2364 siquid
753 2280 899 2364 petieritis
920 2283 1041 2343 Patrem
1060 2281 1096 2343 ic

79 2368 513 2446 neminemneminer.
605 2401 609 2432 ς
685 2428 688 2436 ,
744 2426 747 2431 ⁴

76 2505 79 2512 .
121 2458 192 2520 225.
209 2457 284 2516 ltem
297 2456 435 2534 expedit,
454 2457 485 2517 in
506 2454 641 2518 oratione
654 2499 663 2527 ,
677 2455 781 2519 saltem
801 2455 834 2516 in
851 2454 946 2533 ipsius
959 2452 1019 2514 fine
1039 2453 1093 2514 ali·

82 2541 157 2621 qnid
177 2541 360 2612 deliberare,
382 2559 443 2602 non
468 2540 565 2604 seldm
586 2543 618 2604 in
638 2557 764 2621 genere,
787 2550 823 2600 ut
841 2541 954 2599 evitare
972 2556 1094 2599 omnem

83 2628 201 2705 culpam
213 2625 404 2688 deliberatam
424 2628 515 2687 etium
530 2627 648 2699 levem,
665 2636 740 2689 etse
760 2633 858 2684 tetum
870 2623 933 2680 Dee
959 2623 1095 2682 commit·

82 2721 147 2773 tere
158 2731 166 2789 3
179 2711 230 2770 sed
248 2712 339 2772 etiam
355 2711 388 2771 in
403 2712 594 2790 particulari,
608 2720 644 2772 ut
659 2718 705 2770 est
724 2704 889 2768 accuratius
907 2706 1019 2766 evitare
1040 2705 1094 2764 ali-

85 2813 175 2876 quem
194 2795 364 2866 deiectum,
383 2797 415 2856 in
436 2813 525 2876 quem
554 2792 827 2874 capitecensoru,
849 2798 902 2851 eut
923 2786 1094 2868 uigilantids

85 2880 237 2943 attendere
255 2883 292 2942 ad
314 2883 444 2961 aliquam
471 2880 733 2953 virtutem-circa
758 2895 849 2956 quarn
878 2873 1094 2952 frequentiores

84 2966 175 3028 babet
193 2967 358 3029 occasiones
380 2983 412 3027 se
427 2966 605 3038 exercendi,
626 2972 661 3026 ut
675 2962 820 3025 tolerandi
841 2960 968 3034 alicujus
987 2958 1093 3018 meles·
1219 3036 1220 3045 ἵ

87 3055 157 3127 tias,
179 3054 230 3114 toli
246 3054 411 3132 superiori,
425 3052 544 3116 auttali
561 3051 670 3129 regulae
686 3043 859 3126 diligentius
874 3041 1050 3113 obediendi,
1063 3051 1094 3104 et
1219 3050 1220 3093 l

88 3137 181 3216 majus
192 3137 333 3200 studium
342 3136 530 3210 adhibendi,
548 3145 583 3196 ut
598 3137 631 3197 in
646 3134 698 3196 tali
715 3141 746 3194 et
760 3131 812 3191 tali
829 3146 863 3189 rc
882 3127 1026 3188 desideria
1040 3146 1092 3189 sua
1218 3134 1219 3203 l

88 3223 221 3284 cohibeat
236 3245 245 3301 3
264 3230 295 3284 et
313 3223 360 3282 'ab
379 3224 512 3284 eratione
536 3224 598 3282 ben
618 3216 830 3282 discodcmum
848 3213 905 3274 nisi
921 3213 1033 3293 aliquid
1059 3214 1093 3276 in

88 3307 257 3385 particulari
280 3307 541 3368 deliberatum-eit.

126 3394 194 3453 dil.
212 3390 339 3453 llemdnr
352 3392 500 3452 conclusio
513 3389 656 3452 erationis
666 3387 763 3448 tribus
775 3384 887 3445 actibus
897 3384 1089 3446 terminatur:

93 3477 241 3538 terasia
262 3477 325 3538 Deo
346 3483 472 3555 agantur
499 3474 536 3536 de
553 3473 692 3535 omnibus
711 3468 956 3532 illustrationibus
977 3464 1093 3558 quein

91 3560 278 3622 meditatione
297 3569 422 3642 acceptae
438 3567 518 3624 sunt.
535 3562 565 3621 2.
582 3559 775 3638 Propenatur'
785 3572 889 3618 omncs
900 3547 1093 3695 &liberatio-

136 3647 217 3706 Tena.
232 3646 291 3709 IX.

1215 3372 1217 3425 l

1214 3440 1216 3537 l
