2475 3975
310 181 312 184 ’
358 180 410 245 ea
422 177 556 264 operibus
567 177 721 246 Betedicti
730 182 781 245 XI
785 180 820 246 V.
1034 184 1093 253 idi

87 283 228 357 edicere,
256 283 333 345 velle
356 302 388 345 se
407 284 547 347 interesse
570 283 707 343 omnibus
735 284 809 361 istis
827 282 1038 359 electionibus,
1055 304 1093 351 cx

86 389 145 450 quo
157 369 226 431 satis
238 370 404 431 manifestat
423 388 507 431 suam
520 369 715 431 uoluntatem.
737 370 865 447 lle-Syn.
885 368 973 432 dirce.
993 372 1047 433 lib.
1062 374 1099 439 5..

84 472 111 514 c.
132 455 179 513 le.
205 473 238 514 n.
255 454 287 514 d.
1000 510 1005 514 .

43 587 53 604 .
123 538 296 599 lionialium
314 537 471 599 transitum
490 536 528 599 de
550 554 611 597 uno
634 536 671 597 ad
687 536 769 597 aliud
782 539 1009 612 monasterium,
1024 557 1093 602 cum

85 622 263 687 monialibus
282 624 361 683 ultra
385 631 502 685 montes
518 620 652 683 concedit
673 639 806 682 summus
830 624 1093 701 Poenitentiarius3

85 711 137 789 qui
161 718 259 770 tamen
279 708 424 769 facultatis
451 705 541 784 hujus
568 707 770 770 executionem
791 708 941 797 Ordiparii
970 709 1094 771 arbitrio

84 794 254 859 committit.
270 793 353 854 Bulla
365 796 477 854 Pastor
498 792 604 855 eccm.

123 878 287 941 Translatio
306 878 479 939 monialium
496 878 535 937 ab
555 895 615 939 uno
637 877 674 939 ad
694 877 775 939 aliud
795 880 1007 941 monasterium
1027 878 1093 940 fieri

81 963 150 1043 jure
162 964 266 1042 nequit
279 1007 288 1034 ‚
303 962 360 1023 nisi
376 961 414 1023 de
431 962 549 1023 licentii
561 963 685 1025 Romani
699 964 868 1036 Pontificis,
887 965 944 1025 nisi
958 965 1094 1041 exigente

85 1051 185 1130 aliquo
205 1049 362 1133 repentino
376 1065 466 1125 casu,
491 1047 523 1107 in
543 1065 602 1125 quo
622 1048 665 1109 rei
683 1048 836 1109 necessitas
854 1049 950 1127 exigat
963 1049 1094 1127 repenti-

83 1152 158 1194 num
172 1150 320 1212 egressum
335 1174 344 1203 ,
364 1139 436 1192 tunc
457 1132 537 1193 enim
549 1135 702 1211 etiampro
722 1132 899 1193 monialibus
911 1133 1094 1211 regularibus

83 1217 242 1293 subjectis,
265 1225 373 1296 proeter
390 1216 557 1277 facultatem
579 1218 693 1296 praelati
712 1218 874 1295 regularis,
898 1216 1031 1295 Episcopi
1056 1218 1094 1277 li·

83 1306 178 1365 centia
199 1303 231 1363 in
250 1302 365 1380 scriptis
384 1302 559 1380 requiritur.
578 1304 662 1363 Bulla
678 1302 709 1363 S.
731 1301 785 1363 Pii
804 1304 841 1366 V.
855 1300 963 1364 Decori
987 1308 1015 1362 et
1040 1300 1094 1364 bo·

82 1386 200 1449 ctestcti.

123 1474 211 1535 (lasus
229 1470 376 1552 repentini
396 1470 564 1533 indicantur
582 1472 615 1533 in
631 1470 734 1533 eidem
755 1471 859 1544 bulla,
883 1488 1024 1550 magnum
1047 1472 1094 1531 in·

83 1557 246 1629 cendium,
275 1556 431 1617 infirmitas
451 1558 562 1635 lcprae,
589 1576 622 1620 ae
639 1558 821 1635 epidemiae,
846 1556 906 1617 sive
930 1558 1030 1635 pestis.
1050 1558 1094 1617 Dc

83 1644 156 1723 Syn.
172 1640 258 1703 dioec.
280 1642 302 1699 l.
323 1641 353 1701 9.
377 1659 404 1701 c.
422 1643 469 1701 lb.
483 1661 517 1702 n.
538 1643 569 1702 8.

122 1728 191 1787 Non
204 1726 272 1784 licet
285 1721 384 1784 autem
401 1726 511 1801 absque
520 1728 657 1786 facultate
672 1726 931 1805 sedisapostolicae
945 1744 1093 1805 egressum

83 1809 166 1871 hunc
186 1809 380 1887 permittere,
403 1808 518 1868 etiamsi
543 1811 657 1887 possint
677 1828 831 1869 occurrere
849 1827 931 1869 casus
947 1812 1016 1883 alii,
1040 1810 1092 1889 qui

83 1896 244 1958 uideantur
254 1894 444 1973 aequipollere
455 1894 511 1965 iis,
528 1912 603 1971 quos
622 1896 654 1955 S.
675 1894 752 1955 Pius
774 1896 809 1957 V.
831 1895 863 1954 in
879 1894 931 1953 sus
953 1897 1094 1955 constitu-

83 1982 166 2043 tione
184 1977 353 2059 expressit,
377 1986 411 2039 ut
436 1979 461 2038 si
484 1997 532 2056 ex.
555 1998 600 2059 gr.
622 1980 661 2041 sit
681 1978 779 2058 aliqua
800 1977 957 2052 monialis,
982 1997 1018 2040 ex
1036 1980 1094 2058 qud

83 2066 246 2145 prudenter
268 2062 368 2124 timeri
392 2064 484 2142 possit
504 2065 670 2144 periculum
697 2064 824 2128 scandali
842 2071 873 2126 et
896 2064 1093 2142 perversioris
1202 2087 1204 2090 ·

84 2152 221 2213 aliarum.
235 2146 311 2210 ibid.

123 2234 294 2311 Superiores
307 2231 480 2295 monialium
495 2240 636 2295 tenentur
653 2233 718 2307 bis,
736 2240 788 2294 aut
807 2242 852 2294 ter
870 2231 993 2311 singulis
1009 2233 1094 2294 annis

84 2317 225 2391 exhibere
249 2316 436 2378 confessarios
461 2318 709 2380 extraordinarios
739 2299 923 2378 tricinasteriis
945 2317 1001 2376 sibi
1024 2319 1094 2378 sub·

82 2402 186 2481 jectis,
199 2402 308 2480 quibus
326 2411 425 2462 tamen
442 2404 485 2464 sic
504 2403 609 2464 oblatis
634 2421 694 2464 nou
711 2411 849 2464 tenentur
867 2401 1007 2463 moniales
1024 2421 1094 2463 con-

86 2487 164 2549 fiteri
187 2496 302 2566 peccata
318 2505 370 2546 sua
379 2531 391 2564 ,
409 2488 461 2548 scd
476 2487 663 2551 solummodo
676 2505 708 2548 se
721 2495 916 2566 praesentare,
940 2491 973 2546 ut
991 2486 1094 2548 saltem

84 2571 228 2650 accipiant
241 2572 278 2631 ab
293 2571 351 2631 illis
367 2572 479 2633 monita
501 2574 651 2635 salutaria.
832 2573 836 2588 '

123 2658 155 2717 Si
168 2652 241 2718 verit
262 2656 359 2735 aliqua
379 2657 516 2718 monialis
529 2659 659 2737 graviter
680 2665 818 2736 agrotat,
832 2663 868 2716 ut
884 2654 923 2716 sit
938 2654 970 2714 in
990 2656 1094 2716 mortis
1197 2643 1200 2650 ’

82 2742 234 2824 periculo,
259 2749 398 2820 petatque
419 2742 512 2802 alium
530 2743 733 2812 sacerdotem,
753 2743 805 2820 qui
831 2739 948 2801 nonsit
975 2739 1095 2801 ordina·

82 2829 148 2889 rius
169 2828 338 2889 nronasterii
358 2827 525 2902 confessor,
546 2828 617 2888 huic
639 2827 656 2888 b
679 2821 843 2906 respectivo'
866 2826 1017 2907 superiore
1041 2845 1095 2886 an·

84 2913 240 2974 nuendum
270 2917 324 2972 est.
347 2911 378 2971 Si
398 2912 470 2973 verb
491 2913 630 2993 superior
659 2913 801 2993 regularis
825 2913 911 2973 illum
936 2909 1095 2974 concedere

84 2996 239 3070 noluerit,
262 3003 359 3076 potest
380 2997 410 3057 id
437 2997 570 3077 prestari
594 2998 632 3058 ab
661 3000 814 3078 Episcopo.
840 2997 919 3070 Quin
948 2997 1037 3056 etiam
1069 2997 1093 3056 si

85 3083 184 3160 aliqua
207 3081 344 3142 monialis
367 3083 457 3141 ctiam
471 3092 553 3142 extra
574 3082 749 3160 praedictum
770 3099 868 3142 casum
890 3081 1019 3160 postulet
1037 3079 1094 3141 sibi

85 3184 140 3246 per
162 3165 282 3244 aliquod
311 3174 428 3242 tempus
460 3166 552 3224 alium
578 3166 787 3226 confessarium
810 3166 848 3224 ab
871 3165 1020 3226 ordinario
1048 3164 1095 3224 di-

85 3269 226 3322 uersum,
248 3249 337 3310 debet
355 3249 398 3309 illi
425 3248 490 3309 dari
512 3248 600 3310 iasuo
626 3251 788 3330 superiore.
805 3247 892 3324 Qudd
912 3249 938 3310 si
959 3247 1094 3326 superior

85 3335 231 3413 regularis
263 3334 295 3394 id
318 3335 474 3406 renuerit,
504 3339 577 3394 tunc
613 3343 711 3412 potest
735 3334 894 3413 Episcopus
933 3333 1094 3392 satisfacere

85 3420 151 3499 ejus
171 3419 330 3498 petitioni,
348 3419 461 3479 etiamsi
478 3420 613 3498 requirat
627 3420 747 3481 alterius
768 3419 881 3480 ordinis
905 3417 1092 3495 regularem,

85 3505 136 3565 vel
162 3504 252 3566 etiarn
274 3503 454 3564 sacerdotem
474 3502 645 3565 secularem
667 3521 703 3564 ex
726 3502 892 3582 approbatis
907 3501 925 3559 b
942 3497 1094 3574 superiore

88 3587 126 3650 ad
148 3587 356 3660 confessiones
369 3587 557 3649 monialium.
587 3585 716 3650 Dumium
743 3586 903 3648 suadentur
929 3581 1094 3661 superiores

131 3673 286 3738 retacta.
902 3667 940 3726 55
