2475 3975
379 152 641 217 Delabitualiset
656 155 801 220 reciditis.
1053 162 1088 223 61

86 257 242 322 adhibendi
257 254 353 317 media
375 255 499 315 efficacia
512 255 547 316 ad
568 257 828 335 emendationem
842 254 947 320 saraim
965 259 991 319 si
1007 258 1093 321 laabi-

86 354 132 406 tus
151 352 226 405 osset
239 340 324 401 valde
338 341 504 413 radicatus,
519 349 614 418 potest
627 342 716 403 etiam
728 342 922 405 confessarius
930 346 958 405 ei
970 344 1092 407 dillerre

85 428 300 491 alasnlutiancm
311 425 365 497 ,ad
372 424 583 502 experiendum
594 424 745 504 quomodo
757 427 796 487 sit
805 435 940 488 constans
947 429 1092 507 punicas

85 515 114 574 in
134 514 252 593 praxim
276 509 450 570 deducendo
469 509 565 570 media
582 511 774 589 praescripta,
792 519 886 591 utque
911 510 1023 591 ipsede
1037 530 1091 574 suo

83 600 156 659 vitio
167 597 314 674 majorem
328 592 473 671 concipiat
484 592 651 655 horrorem.
665 595 843 657 advertatur
853 593 902 657 hle
915 594 997 674 quod
1010 596 1093 673 quin·

83 700 139 761 que
154 683 234 743 vices
247 681 280 741 in
299 696 400 739 meme
413 676 475 754 jam
493 687 616 757 possunt
636 679 749 741 malum
766 679 904 743 habitum
913 680 1093 741 constituere

83 768 114 827 in
136 767 239 845 aliquo
263 764 339 825 vitio
360 762 469 841 peccati
500 764 638 836 externi,
659 764 750 825 modu
773 766 852 826 inter
870 765 947 845 ipsas
971 764 1092 842 aliquod

13 887 14 899 ,
84 851 274 913 intervallum
289 847 463 909 intercedat.
477 848 514 906 Et
532 847 564 907 in
585 847 707 908 materia
731 848 983 923 fornicationum,
1005 848 1092 909 sodo·

13 948 14 963 ³
82 937 224 1007 mierum,
238 942 267 995 ct
279 933 488 994 bestialitatum
499 930 594 991 multia
609 931 1000 995 minornumcruahabitum
1010 932 1094 1011 queit

81 1022 282 1082 constituere:
297 1016 350 1097 qui
362 1035 410 1076 ex.
424 1034 472 1095 gr.
486 1015 576 1075 semel
592 1015 624 1074 in
638 1033 740 1077 meusc
753 1015 949 1077 fornicaretur
966 1035 1021 1095 per
1038 1035 1092 1076 an·

82 1124 153 1165 naam
164 1150 173 1176 ,
186 1102 265 1164 bend
276 1100 325 1162 hic
337 1100 507 1161 habituatus
521 1099 580 1160 dici
594 1108 703 1179 potest.

118 1192 167 1250 71.
186 1185 321 1249 Recidiai
331 1194 429 1247 autem
445 1194 514 1246 sunt
528 1186 579 1264 qui
598 1194 665 1264 post
680 1186 894 1249 conlemionem
907 1186 1030 1258 mdcm,
1044 1186 1092 1247 vol

81 1274 161 1352 quasi
176 1270 283 1333 eodem
298 1270 385 1331 modo
400 1278 467 1330 sunt
487 1270 593 1349 relapsi
609 1270 720 1347 absque
733 1272 951 1333 emendatione.
969 1272 1019 1333 lati
1035 1316 1044 1343 ,
1058 1280 1093 1331 ut

80 1358 283 1419 communiter
297 1355 420 1415 docetur
435 1352 524 1432 (laid.
540 1372 570 1413 u.
585 1353 779 1433 decidivum),
791 1366 943 1435 noqueunt
956 1357 1090 1429 absolvi,

12 1444 13 1473 ³
80 1444 103 1503 si
121 1444 185 1504 sola
205 1442 289 1519 signa
300 1439 450 1500 ordinaria
465 1437 612 1523 afferant,
633 1456 742 1522 nempe
757 1441 782 1501 si
795 1441 912 1502 tantaim
927 1435 1089 1503 confitean-

79 1536 148 1603 tur,
163 1524 324 1589 asserendo
339 1543 370 1585 se
386 1524 549 1603 poenitere,
569 1533 598 1585 et
613 1542 800 1603 proponere,
815 1536 905 1605 prout
918 1525 1044 1589 hahetur
1054 1548 1091 1591 cx

11 1675 12 1689 χ
79 1613 268 1692 Propasta.
286 1609 423 1670 damnata
437 1609 477 1669 'ab
490 1609 663 1671 laruaeerctio
674 1611 735 1671 XI.
748 1612 824 1672 Nam
837 1609 955 1672 habitus
974 1624 1091 1674 contra·

11 1748 12 1769 2
79 1707 165 1770 ctus,
183 1705 215 1757 et
239 1695 372 1771 relapsus
392 1694 534 1773 praeteriti
552 1694 615 1755 sine
641 1694 703 1753 ulla
726 1696 934 1757 emendatione
954 1716 1091 1775 magnam

11 1788 13 1847 i
79 1776 221 1861 praestant
230 1780 428 1859 suspicionem
441 1820 451 1850 ,
464 1776 545 1857 quod
556 1778 642 1838 dolor
660 1785 690 1837 et
702 1781 910 1857 propositum,
925 1800 992 1860 quac
1001 1783 1091 1861 parni-

78 1878 142 1929 tcns
161 1864 269 1928 asserit
286 1882 317 1925 se
333 1862 463 1935 habere,
482 1880 670 1941 nequaquam
686 1864 745 1923 sint
757 1881 838 1923 vera.
855 1865 938 1925 Unde
952 1867 1014 1925 istis
1033 1866 1092 1925 dil·

10 1956 11 1961 ’
77 1950 200 2014 serenda
219 1957 264 2009 cst
278 1947 424 2010 absolutio
443 1965 497 2026 pcr
514 1947 634 2026 aliquod
652 1955 792 2026 tompus,
814 1948 979 2028 usquedum
1001 1967 1091 2029 appa·

78 2047 140 2100 reat
153 2033 290 2116 prudens
304 2033 423 2112 signum
435 2031 661 2093 emendationis.
675 2035 713 2094 Et
725 2032 758 2093 in
775 2032 831 2094 hoo
843 2044 953 2112 puncto
964 2035 1091 2112 lugenda

78 2133 119 2183 cst
140 2119 312 2184 animarum
326 2117 429 2190 ruina,
455 2117 540 2195 cujus
560 2137 644 2178 causa
663 2126 734 2178 sunt
747 2126 792 2179 tot
808 2119 880 2176 mali
900 2119 1089 2190 confessarii,

78 2200 255 2268 indistincte
268 2201 447 2268 absolvendo
462 2208 506 2262 tat
519 2203 685 2276 recidivas,
700 2203 752 2277 qui
767 2200 836 2260 caim
851 2199 1016 2276 repererint
1026 2219 1092 2260 con-

80 2289 215 2351 sessas-ios
227 2331 238 2363 ,
264 2287 316 2364 qui
343 2304 460 2366 semper
486 2293 547 2345 tam
572 2285 658 2346 facile
678 2301 728 2344 cos
753 2282 930 2353 absolvunt,
950 2285 1091 2345 amittunt

79 2377 238 2435 horrorem
251 2371 284 2430 in
296 2372 442 2448 peccando
456 2413 464 2442 ,
482 2378 512 2430 et
527 2377 656 2449 pergunt
668 2369 705 2428 ad
718 2369 946 2445 putrescendum
958 2369 989 2429 in
1007 2388 1090 2431 coeno

78 2461 225 2520 vitiorum
242 2455 385 2533 usquead
405 2464 544 2516 mortem.
561 2453 687 2530 Quidam
700 2456 766 2515 DD.
785 2453 863 2534 (tit.
877 2449 908 2515 6.
923 2474 955 2514 a.
976 2456 1046 2515 159.
1059 2475 1089 2516 a.

79 2541 217 2617 Diceret.)
230 2539 410 2611 admittunt,
422 2539 586 2604 recidivum
607 2541 677 2600 solis
693 2541 786 2618 signis
805 2539 964 2600 ordinariis
977 2539 1088 2601 absolvi

79 2644 165 2706 posse
182 2623 326 2702 usquead
344 2625 463 2684 tertiam
477 2631 507 2684 et
525 2633 662 2702 quartam
676 2626 790 2700 viccm3
807 2623 859 2684 sed
872 2623 943 2683 lruie
955 2626 1088 2700 opinioni

78 2728 237 2790 nunquam
251 2707 334 2786 patui
352 2706 640 2786 acquiescerc,di1m
655 2707 825 2769 habituatus
836 2751 845 2780 ,
856 2707 907 2785 qui
925 2714 1090 2786 pasturam

77 2793 294 2856 consessionem
312 2792 418 2854 recidit
434 2793 498 2853 sine
513 2792 720 2853 emendatione
732 2837 740 2864 ,
748 2791 811 2871 jam
829 2800 874 2852 ast
886 2809 974 2853 verus
984 2792 1091 2853 recidi·

77 2899 154 2951 uus,
176 2884 209 2939 et
228 2874 381 2937 fundatam
408 2879 522 2957 praebet
549 2877 748 2956 suspicionem
768 2896 829 2938 suae
848 2878 1089 2954 indispositionis.

77 2965 114 3025 llt
129 2969 253 3026 notetur
275 2956 323 3021 hio
345 2959 425 3039 qudd
450 2960 512 3022 hnc
530 2962 633 3040 regula
660 2961 816 3041 procedit,
842 2960 932 3021 ctiam
956 2971 1090 3036 respectu

78 3050 238 3127 culparum
253 3045 435 3125 venialium3
453 3048 588 3124 quamvis
607 3046 687 3106 cuim
707 3044 906 3108 communiter
924 3041 1092 3108 admittitur

77 3129 196 3192 lucilius
210 3130 322 3192 absolvi
338 3147 421 3208 passa
443 3149 493 3190 cos
516 3130 568 3209 qui
582 3131 780 3209 prolabuntur
801 3129 834 3188 in
855 3137 971 3205 peccata
990 3129 1091 3206 levia,

79 3215 114 3278 cla
127 3214 209 3296 quod
224 3215 389 3276 occasiones
405 3231 509 3277 eorum
520 3215 736 3294 frequentiores
752 3215 830 3289 sint;
852 3221 1002 3289 attamen,
1022 3213 1091 3277 cum

79 3301 118 3360 sit
136 3299 305 3360 communis
318 3301 462 3360 sententia
473 3296 507 3378 (l.
524 3296 775 3360 6111161116.
792 3296 833 3376 1.)
846 3316 935 3377 grave
952 3317 1013 3360 esse
1030 3319 1093 3377 pec·

80 3392 200 3454 calum,
216 3392 248 3444 et
271 3383 456 3462 sacrilegium
477 3383 694 3447 absolutionem
715 3382 847 3460 recipcre
870 3401 960 3463 super
976 3383 1091 3442 levibus

81 3467 223 3528 confessis
240 3467 304 3528 sinc
324 3485 396 3528 vero
418 3468 520 3529 dolore
538 3476 569 3528 et
581 3465 751 3547 proposito,
771 3485 825 3526 nce
842 3467 975 3527 sufficere
990 3465 1091 3526 dolcre

81 3551 119 3612 dc
139 3551 334 3613 multitudino
356 3569 408 3612 scu
423 3551 460 3612 dc
475 3570 601 3613 numera
621 3551 767 3612 excessivo
788 3551 894 3612 talium
912 3551 1090 3629 culparum,

128 3635 282 3698 Tauc.lX.
343 3717 346 3726 .
917 3635 937 3693 6
