2475 3975
129 163 186 225 tet
398 157 511 222 Procri
521 157 706 238 confessarii.
724 160 797 242 Cap.
813 160 862 221 tl.

165 261 466 338 J.Etnenos,ete.

164 360 203 431 nt.
217 355 273 416 Sed
283 355 388 430 libera,
396 364 454 415 ete.

165 447 210 520 γ.
223 448 342 508 Salvum
354 447 398 508 tac
410 464 530 507 servum
540 455 628 508 tuum
638 444 696 526 [rel
706 445 843 508 ancillam
853 446 947 527 tuam)
958 446 1097 510 Domine.

165 545 204 616 nt.
221 541 301 600 Deus
315 558 397 602 meus
408 547 577 619 sperantem
590 540 623 601 in
642 548 685 600 te.
718 552 725 560 “

165 633 209 706 j.
225 633 351 694 Domine
362 633 487 705 exaudi,
504 641 562 693 etc.

165 731 205 800 nl.
220 727 257 785 Et
268 726 381 784 clamor
391 741 491 797 meos,
502 733 559 784 etc.

166 818 210 892 Ji.
228 819 374 880 Dominus
387 817 552 878 vobiscum.

165 917 203 988 nt.
215 912 251 971 Et
266 929 335 972 cum
346 910 455 991 spiritu
466 917 530 971 tno.

547 1119 712 1180 OREMUS.

129 1291 375 1420 Cnnasnrrssrue
392 1356 472 1418 Deus
484 1401 493 1430 ,
504 1357 591 1416 Pater
611 1353 899 1425 misericordiarum,
914 1360 943 1414 et
957 1356 1035 1416 Deus
1048 1358 1143 1418 totius

126 1443 350 1516 consolationis,
369 1444 421 1523 qui
441 1443 592 1504 neminem
608 1443 653 1501 vis
671 1442 769 1518 perire
783 1441 814 1502 in
831 1450 859 1500 te
871 1441 1039 1502 credentem
1052 1452 1145 1522 atquc

126 1534 312 1604 sperantem,
335 1528 500 1588 seeundum
523 1527 747 1587 multitudinem
769 1527 993 1588 miserationum
1018 1536 1143 1590 tuarum

125 1613 236 1690 rmpice
252 1613 398 1689 propitius
416 1613 562 1672 famulum
579 1621 667 1671 tuum
684 1615 721 1672 N.
741 1630 831 1690 quem
849 1612 903 1672 tibi
916 1629 986 1672 vera
1002 1612 1096 1686 fides,
1112 1623 1144 1674 ct

126 1715 192 1774 spes
207 1695 365 1756 christiana
390 1697 589 1756 commendat.
610 1696 704 1755 Visita
727 1714 796 1756 eum
821 1697 853 1756 in
877 1696 998 1756 salutari
1017 1704 1094 1764 tuo,
1113 1709 1145 1760 et

91 1818 99 1836 .
126 1800 180 1860 per
201 1780 352 1860 Unigeniti
371 1782 416 1841 tui
438 1782 602 1860 passionem
623 1789 653 1840 et
668 1789 796 1842 mortem
817 1782 952 1842 omnium
972 1783 1001 1842 ei
1022 1783 1146 1846 delicto-

126 1885 194 1927 rum
216 1884 340 1928 suornm
364 1868 568 1929 remissionem
581 1873 612 1926 et
630 1868 748 1928 veniam
764 1867 927 1928 elementer
946 1865 1087 1945 indulge,
1108 1879 1143 1929 ut

126 1950 190 2030 ejus
210 1952 308 2013 anima
326 1953 358 2013 in
379 1951 453 2014 hora
483 1951 578 2014 exitiis
595 1953 641 2013 sui
665 1962 694 2013 te
717 1951 849 2031 judicem
875 1952 1068 2033 propitiatam
1093 1955 1143 2015 in-

126 2038 242 2115 veniat,
265 2044 296 2097 ct
319 2038 350 2097 in
374 2039 516 2115 sanguine
542 2038 675 2115 ejusdem
693 2040 760 2099 Filii
791 2040 836 2098 tui
858 2038 897 2099 ab
920 2038 1002 2099 omni
1023 2042 1140 2099 macula

126 2123 225 2183 abluta
253 2125 379 2184 transire
403 2123 442 2185 ad
470 2123 563 2183 vitam
582 2132 733 2185 mereatur
760 2132 944 2203 perpetuam.
971 2125 1027 2182 Per
1053 2142 1140 2185 eum·

126 2205 219 2279 dem,
244 2216 302 2270 ete.

169 2308 246 2368 Tcim
259 2316 418 2390 postquam
434 2307 556 2373 elerictu
576 2307 712 2382 dicerit,
731 2307 881 2371 Confiteor
904 2306 984 2380 Deo,
1002 2312 1064 2367 etc.
1083 2309 1140 2367 Sa·

123 2390 223 2477 perdm
236 2390 338 2451 dicct.-
353 2395 526 2453 Misereatur
542 2438 552 2466 ,
570 2404 626 2455 ete.
650 2393 867 2471 indulgentiam
876 2436 886 2467 ,
903 2395 959 2451 etc.
973 2411 983 2467 3
997 2386 1102 2450 deirtdd
1126 2414 1137 2451 s

163 2491 309 2550 Dominus
332 2501 433 2551 noster
456 2494 541 2553 lesus
565 2494 699 2554 Christus
726 2495 817 2554 Filius
836 2492 889 2552 Dei
916 2491 999 2563 vivi,
1025 2489 1078 2568 qui
1100 2492 1135 2552 B.

126 2574 212 2633 Petro
233 2576 363 2654 apostolo
379 2594 436 2635 suo
453 2576 537 2638 dedit
551 2587 724 2656 potestatem
746 2578 857 2656 ligandi
875 2586 964 2656 atque
980 2574 1136 2649 solvendi,

125 2678 180 2737 per
207 2679 290 2723 suam
316 2663 477 2741 piissimam
509 2664 741 2725 misericordiam
768 2664 891 2742 recipiat
925 2660 1137 2722 contessionem

126 2757 208 2807 tuam
225 2792 233 2817 ‚
250 2757 281 2808 et
300 2750 437 2809 restituat
453 2749 508 2811 tibi
521 2752 626 2811 stolam
647 2750 773 2829 primam
788 2792 796 2822 ,
811 2766 900 2826 quam
917 2747 948 2808 in
962 2746 1137 2823 baptismate

126 2834 279 2912 recepisti,
304 2842 334 2894 et
353 2852 408 2911 ego
437 2834 573 2895 facultate
597 2835 672 2897 milri
694 2834 731 2895 ab
749 2835 905 2911 apostoliea
927 2831 1002 2892 Sede
1023 2829 1136 2890 tributu

125 2918 339 2999 indulgentiam
352 2920 515 3000 plenariam
524 2964 533 2991 ,
543 2929 573 2980 et
586 2919 790 2983 remissionem
805 2918 940 2983 omnium
950 2920 1135 2995 peccatorum

127 3007 182 3067 tibi
192 3007 330 3069 concedo.
344 3007 378 3067 ln
388 3006 509 3067 nomine
523 3007 636 3083 Patris,
651 3014 707 3067 etc.

165 3112 222 3170 Per
247 3116 426 3171 sacrosancta
444 3104 583 3167 humanae
608 3106 803 3186 reparationis
834 3103 975 3181 mysteria
1001 3086 1135 3163 remittat

127 3192 181 3253 tibi
200 3196 387 3271 omnipotens
408 3195 484 3252 Deus
502 3210 605 3252 omnes
631 3189 784 3268 praesentis
801 3198 831 3248 et
852 3188 961 3247 suturae
986 3186 1054 3245 vitae
1071 3203 1134 3263 poe·
1231 3184 1232 3253 J

127 3294 193 3417 pas,
207 3279 333 3415 papadisi
352 3287 452 3356 portas
471 3278 605 3356 aperiat,
626 3286 657 3337 et
679 3274 716 3337 ad
733 3273 839 3354 gaudia
862 3269 1043 3349 sempiterna
1067 3286 1133 3348 per·

148 3368 225 3418 ucat.
263 3375 343 3418 men.
985 3376 987 3379 ·

164 3459 319 3522 Benedicat
329 3468 358 3519 te
366 3465 553 3541 omnipotens
565 3467 645 3527 Deus
658 3511 667 3539 ‚
684 3469 721 3543 »Β
737 3467 823 3525 Pater
836 3506 845 3541 ,
856 3462 950 3524 Filius
960 3468 991 3521 et
1006 3459 1131 3541 Spiritus
1230 3524 1231 3557 ,

127 3552 254 3629 sanetus,
270 3543 376 3602 Amen.
