2475 3975
129 146 188 207 574
316 138 453 220 Epitorac
466 133 607 198 doctrinar
624 128 743 195 ruorclis
757 139 785 193 et
802 127 949 192 corroaicoe

128 244 255 323 Epistola
277 241 314 302 ad
334 241 587 319 l'iccs-gcrcntcm
605 236 643 296 dc
662 235 809 315 baptismo
835 232 1052 305 Hebraeorum,
1079 235 1136 291 cle.

127 328 408 395 Parmenionem,
418 334 475 386 etc.
490 323 567 384 Vide
579 321 617 383 de
629 323 700 401 Syn.
711 320 799 381 dioec.
814 320 836 379 l.
848 320 877 377 6.
896 338 924 378 c.
936 320 966 378 4.
978 336 1008 377 n.
1023 317 1057 375 4.

166 413 282 473 ilchrari
305 429 372 473 cum
390 407 525 469 hoercticd
545 408 716 477 convalet,
735 404 868 465 obstante
888 401 986 462 cultris
1010 400 1139 479 dispari·

127 508 197 558 tate.
210 495 337 575 Epistola
350 492 589 553 ad·Cardioalcm
604 492 717 553 Ducem
733 489 944 551 Eboracenscm
965 486 1033 547 data
1053 486 1137 546 dict)

127 582 202 643 ichr.
219 583 305 642 4749.
317 579 345 660 S.
356 581 404 639 ll.
417 586 447 637 ct
456 594 538 654 seqq.
551 575 660 635 Bullor.

165 665 246 728 lirim
265 667 298 725 in
313 682 379 725 casu
392 706 401 734 ,
414 680 474 741 quo
490 662 633 721 alteruter
647 679 683 719 cx
697 660 871 739 conjugibus
888 658 925 719 ad
943 658 1033 719 lidcm
1045 674 1138 717 rcne·

127 751 189 823 rit,
210 750 313 809 relicto
338 750 453 820 ahora,
474 747 526 825 qui
553 763 613 805 non
639 746 705 805 vult
734 744 901 805 cohabitare
929 744 995 803 sine
1027 742 1137 820 injurii

127 834 291 903 occatoris,
310 832 381 893 dein
400 830 474 893 rard
491 840 523 891 et
540 830 603 910 ipsc
621 831 658 890 ad
679 830 769 890 bdcm
794 846 952 891 conversus
970 828 1027 900 sit,
1047 839 1138 906 atquc

128 922 248 982 iuterim
259 929 415 999 postquam
425 914 1140 994 sccundus‚licdtadlidemcourersusest‚prior

127 1005 236 1083 conjux
253 1004 394 1066 sccundas
409 1004 529 1083 nuptias
548 1002 689 1074 inirent,
702 1004 734 1063 in
748 1020 784 1063 eo
806 1020 872 1063 casu
889 1000 1074 1061 suadendum
1100 1002 1140 1061 sit

129 1092 328 1163 Pontificem
346 1087 569 1150 matrimonium
585 1088 618 1147 in
638 1087 812 1147 infidelitate
821 1094 1058 1149 consummatum
1078 1086 1140 1145 dis·
1215 1090 1216 1149 3

128 1173 222 1234 solvat
246 1176 277 1235 in
297 1176 428 1234 sororem
443 1170 563 1231 secundi
585 1170 737 1250 conjugii3
757 1172 881 1249 ambigit
904 1170 1013 1233 meritd
1035 1172 1141 1235 Ponti-

128 1258 197 1332 fex,
219 1269 251 1318 ct
271 1266 370 1319 censet
383 1258 415 1317 id
428 1257 493 1317 lieri
512 1273 573 1315 uon
595 1254 704 1315 debdrc
712 1302 722 1333 ‚
738 1257 795 1317 nisi
807 1257 904 1318 adsint
919 1274 1013 1318 causoe
1025 1256 1140 1335 gravis·

129 1342 223 1403 simoe.
238 1346 282 1405 lle
295 1345 369 1423 Syn.
384 1342 472 1403 dioec.
488 1341 542 1400 lib.
556 1343 587 1401 6.
599 1359 626 1402 c.
640 1344 670 1402 4.
1215 1350 1216 1353 ’

166 1426 324 1500 Catholici,
338 1428 470 1505 quicum
487 1426 628 1487 haeretico
648 1426 870 1487 matrimonium
883 1426 1033 1489 celebrant
1047 1428 1140 1487 etiam
1215 1436 1216 1439 ’

129 1514 162 1573 ia
185 1514 257 1573 locis
275 1513 503 1582 har-eticorum,
519 1511 689 1589 gravissime
708 1520 845 1590 peccant,
859 1513 927 1591 quia
945 1512 1001 1573 hoc
1025 1514 1140 1593 agendo

130 1614 198 1659 conr
218 1596 277 1653 illis
299 1596 330 1653 in
356 1593 467 1651 divinis
490 1597 732 1669 communicant,
760 1597 859 1675 quod,
881 1598 938 1658 uisi
966 1598 1045 1660 sorte
1070 1616 1139 1661 cum
1215 1606 1216 1669 j

128 1679 299 1761 gravissimi
320 1677 426 1750 coust,
446 1677 584 1739 illicitum
607 1688 663 1739 est.
685 1682 716 1741 Si
737 1680 810 1743 rerd
831 1682 986 1761 postquam
1007 1684 1049 1745 sic
1069 1702 1141 1747 con·
1215 1736 1216 1747 2

129 1765 274 1825 traxerint
299 1780 400 1825 coram
430 1761 561 1842 parocho
585 1763 748 1839 catholico,
773 1768 885 1845 possint
906 1765 1017 1831 iterdm
1039 1788 1140 1832 coram
1215 1790 1216 1827 ;

129 1852 267 1915 ministro
288 1856 470 1930 protestante
496 1848 637 1931 conjungi
661 1851 699 1911 ad
723 1852 857 1912 evitanda
884 1853 985 1931 gravia
1012 1855 1139 1927 damna,

129 1937 254 2019 qaeestio
274 1943 320 1997 est
331 1956 341 2013 ς
353 1934 390 1996 ad
408 1952 498 2014 quam
508 1934 539 1993 S.
554 1938 699 2016 congreg.
714 1938 881 2018 respondit,
895 1938 1032 2001 minister
1045 1939 1144 2004 haerc-
1215 1964 1216 1967 ¹

131 2025 206 2085 ticus
233 2022 257 2081 si
279 2022 393 2080 assistat
415 2019 494 2079 hisce
515 2022 733 2091 matrimoniis,
762 2031 796 2082 ut
819 2023 955 2084 minister
976 2027 1140 2104 politicus,

131 2103 234 2169 tuncd
252 2106 401 2167 catholicis
423 2113 576 2184 peccatum
598 2123 659 2166 non
680 2109 897 2184 committitur3
918 2108 1001 2172 sectis
1019 2111 1092 2173 rerd
1114 2131 1141 2174 si

131 2195 245 2253 assistat
257 2200 292 2254 ut
307 2192 443 2252 minister
453 2191 542 2250 sacris
554 2191 700 2254 addictus.
715 2194 758 2254 lta
767 2203 865 2255 censet
876 2195 1011 2256 Pontifex
1025 2197 1057 2256 in
1066 2197 1141 2278 Syn.
1215 2197 1216 2240 t

130 2277 217 2337 dioec.
232 2278 253 2337 l.
268 2279 335 2338 bc.
348 2279 376 2337 5.
393 2295 425 2336 a.
439 2278 469 2336 4.
483 2285 514 2336 et
528 2279 557 2337 6.

171 2361 313 2448 conjugia
325 2357 454 2420 haerctici
465 2361 656 2442 protestantis
672 2381 740 2423 cum
756 2363 876 2424 ioemind
892 2361 1031 2426 haereticd
1042 2383 1144 2428 coram
1215 2403 1216 2406 =

131 2442 258 2523 parocho
279 2460 338 2502 nou
359 2441 502 2503 catholico
519 2445 552 2504 in
568 2446 670 2524 Belgio
681 2448 1032 2510 consoederamcelebrata
1044 2451 1143 2511 valida

131 2527 264 2589 habenda
280 2537 360 2588 suot.
373 2529 531 2588 Decretum
546 2529 564 2590 ia
582 2531 723 2593 Pontibce
744 2534 939 2612 approbatum
956 2533 1006 2595 die
1016 2537 1047 2595 4.
1062 2538 1140 2597 Nor.

132 2614 219 2675 4744.
235 2612 312 2673 Roll.
327 2616 402 2674 item
422 2615 500 2674 valet
518 2614 560 2674 ita
576 2625 624 2686 ‚ct
636 2616 669 2676 in
689 2618 724 2678 iis
745 2620 916 2697 regionibus
937 2621 1141 2694 celebratum,

132 2701 156 2758 si
177 2697 331 2760 haercticos
358 2697 537 2760 catholicam
557 2700 661 2777 ducat,
677 2723 855 2783 quamquam
876 2715 1062 2785 postremum
1085 2707 1142 2768 hoc

133 2786 269 2845 illicitum
288 2783 391 2844 baberi
412 2784 512 2846 debet.
525 2788 570 2848 lh.
590 2789 724 2867 idipsum
739 2793 890 2870 reperitur
907 2793 939 2852 in
952 2793 1081 2871 Epistola
1103 2794 1141 2854 od

133 2869 317 2932 Cardinalem
344 2869 457 2928 Ducem
483 2871 696 2934 Eboraccnscm
725 2876 792 2937 datd
815 2877 865 2938 die
888 2879 906 2937 9
931 2879 1018 2938 Febr.
1051 2880 1139 2940 4749.

133 2956 243 3016 Bullar.
264 2954 340 3014 Vide
356 2962 394 3014 tr.
407 2953 446 3014 de
463 2954 577 3033 Synod.
587 2957 675 3018 dioec.
687 2959 709 3018 l.
724 2963 752 3020 6.
768 2980 793 3020 c.
808 2963 837 3022 6.
855 2980 888 3022 n.
903 2964 953 3023 lh.

171 3039 290 3119 Nuptiae
306 3040 385 3100 iuter
402 3038 580 3102 catholicum
600 3053 631 3104 ct
654 3043 827 3108 haereticum
856 3046 1014 3127 conjugem
1043 3053 1141 3114 multd

133 3123 243 3184 rcctids
266 3143 327 3185 non
348 3134 418 3185 sont
444 3125 672 3204 benedicebam,
696 3149 793 3210 neque
816 3133 903 3194 missa
922 3133 954 3193 in
983 3137 1142 3212 praesentiri

128 3206 261 3268 hoerctici
279 3209 469 3286 celebranda,
484 3228 538 3271 acc
559 3215 677 3274 tandem
695 3217 836 3276 connubii
856 3217 932 3279 ritus
952 3219 1031 3283 inter
1043 3222 1143 3284 Eccle-

133 3291 337 3350 siaeamhitum
345 3295 637 3374 peragendus‚quod
648 3307 678 3358 et
688 3301 813 3360 vetitum
824 3300 1033 3366 luissedClcm.
1049 3285 1141 3369 Vlll.
1215 3361 1216 3376 a

132 3373 447 3513 pirponbcpcdictiones
468 3379 590 3457 quidam
615 3383 759 3445 referunt.
784 3387 829 3446 De
851 3388 924 3465 Syn.
948 3389 1035 3449 dioee.
1058 3390 1081 3451 1.
1108 3395 1140 3452 6.

169 3531 355 3598 Matrimonia
374 3542 480 3603 initad
501 3547 607 3609 (iraecis
634 3549 782 3614 catholicis
798 3553 830 3613 ia
852 3555 980 3618 Ecclesia
998 3559 1137 3624 orientali
