2475 3975
161 166 200 229 ib
442 164 554 225 Prosus
569 156 754 241 confessarii.
769 158 842 240 Cep.
859 161 890 221 2.

163 282 338 329 concessam.
359 262 517 344 toquendo
532 268 630 323 autom
648 260 686 321 de
697 261 946 339 commutatione,
962 263 1170 329 confessarium

162 351 311 412 monitum
328 368 390 411 esse
412 348 497 421 volo,
517 364 555 408 ne
578 346 617 407 sit
635 344 824 423 scrupulosus
842 344 919 406 circo
938 363 1078 423 eausam,
1099 355 1171 429 qnia

162 433 316 513 quodlibet
328 433 503 496 rationabile
516 432 664 493 motivum
681 446 737 509 pro
755 446 841 489 causa
860 427 965 492 haberi
983 440 1090 510 potest.
1103 436 1172 497 Sui·

161 518 263 580 ficiens
282 528 344 592 est,
367 527 401 579 ut
423 536 460 579 ex
480 516 714 578 commutatione
732 513 796 575 voti
819 512 860 576 sit
880 514 979 575 minus
1000 512 1170 595 periculum

161 602 399 682 transgressionis
415 600 450 681 (l.
469 621 495 663 o.
517 620 550 667 a.
569 602 640 662 tib.
658 598 692 661 in
712 597 820 679 fine.),·
839 616 895 661 nec
914 601 991 661 circa
1014 604 1170 665 materiam

160 687 313 764 acqualiter
325 683 661 765 subrogandum,etiam
672 701 733 745 non
748 682 914 761 requiritur
924 684 1074 763 oequaiitts
1086 687 1170 748 lance

161 770 313 845 libranda,
336 771 388 832 scd
408 770 538 840 sufficit,
559 777 594 830 ut
615 769 654 829 sit
675 768 795 847 aequatis
818 769 980 830 moraliter.
1004 772 1171 851 lnterroget

160 856 373 933 penitentem,
397 874 464 935 quar
488 870 576 934 opera
601 853 693 914 soleat
715 850 852 914 exercdre
877 863 986 931 praeter
1008 854 1107 917 dehita
1134 874 1171 915 ox

160 950 329 1025 praecepto,
350 950 402 1004 aut
425 941 463 1002 ad
487 958 552 1020 quaa
573 939 717 1016 majorem
741 936 848 999 habent
868 941 1117 1019 propensionem,
1141 952 1172 1003 et

160 1022 192 1085 in
213 1044 247 1088 ea
266 1035 428 1089 commutet
448 1035 527 1088 vota.
541 1025 740 1087 Commutatio
760 1032 859 1084 autem
880 1026 1011 1086 securior
1030 1025 1062 1087 in
1086 1029 1169 1088 omni

158 1120 298 1173 votorum
315 1130 422 1191 genere
434 1112 492 1173 erit
506 1110 672 1190 frequentia
686 1117 938 1170 sacramentorum
952 1105 986 1190 (l.
996 1128 1063 1172 aa.
1073 1111 1168 1189 bib).

159 1193 301 1256 Advertat
323 1204 391 1257 vota
416 1202 557 1273 perpetua
582 1190 659 1254 bend
683 1210 768 1273 posse
793 1194 969 1255 commutari
996 1194 1028 1255 in
1055 1203 1172 1274 tempo·

159 1280 252 1357 ralia3
273 1278 437 1343 dummodh
456 1280 532 1355 adsit
550 1277 650 1341 dehita
665 1281 837 1358 proportio;
855 1287 886 1338 et
906 1279 949 1358 cp
970 1279 1059 1341 etiam
1080 1283 1171 1343 realia

159 1370 283 1441 possunt
306 1366 483 1427 commutari
506 1365 538 1426 in
560 1363 746 1445 personaliu3
765 1371 797 1424 et
821 1360 924 1423 contrh
947 1365 1113 1442 personalia
1137 1368 1171 1428 in

159 1447 249 1507 realia
268 1444 303 1526 (l.
316 1466 342 1510 c.
357 1468 391 1511 n.
408 1450 477 1511 24⁷.
490 1466 520 1509 a.
533 1446 730 1525 Notandum).
752 1446 911 1526 loquendo
930 1458 1030 1508 cutem
1048 1449 1172 1512 dedis-

158 1534 330 1611 pensatione
341 1577 350 1611 ,
362 1534 400 1597 ad
414 1532 491 1595 hanc
506 1533 671 1613 requiritur
685 1549 769 1593 causa
784 1532 903 1612 gravior
915 1576 925 1605 ,
935 1530 1079 1595 nimirirm
1096 1538 1172 1614 pori·

158 1616 260 1677 culum
273 1618 384 1697 grande
396 1618 655 1697 transgressionis,
669 1634 774 1696 magua
795 1616 954 1677 difficultas
970 1619 1170 1693 executionis,

158 1700 280 1777 levitas,
305 1710 357 1763 aut
375 1703 546 1783 imperfecta
565 1701 740 1764 deliberatio
760 1702 819 1780 qut
839 1707 944 1762 votum
964 1704 1105 1763 emissum
1125 1716 1171 1765 est

158 1782 193 1864 (l.
208 1803 233 1845 o.
246 1804 278 1848 n.
295 1788 364 1849 252.
379 1795 408 1848 ct
421 1786 513 1865 heb).
533 1784 734 1849 Nihilominus
755 1802 873 1863 semper
885 1786 1033 1847 laudabile
1050 1788 1109 1848 crit
1121 1790 1170 1850 ad-

156 1870 282 1951 jungere
309 1872 480 1950 hujusmodi
507 1870 776 1953 dispensationibus
800 1872 930 1949 aliquam
960 1875 1170 1945 commutatio·

158 1974 239 2020 nem.
251 1958 302 2018 llac
315 1967 413 2020 autem
424 1958 656 2038 dispensationes
670 1964 702 2016 ct
713 1956 958 2018 commutationes
968 1964 1092 2034 possunt
1100 1956 1168 2020 fieri

157 2050 240 2102 extra
258 2042 487 2116 confessionem,
506 2040 596 2104 modo
611 2041 734 2102 facultas
753 2058 815 2100 non
833 2041 872 2100 sit
890 2057 1025 2122 concessa¹
1042 2042 1168 2104 subtuli

158 2127 345 2202 conditione,
360 2137 395 2190 ut
411 2129 443 2189 in
457 2127 579 2206 jubilaeo
596 2123 629 2208 (l.
643 2144 668 2186 c.
682 2124 968 2204 a.257.a.lmmd),·
983 2125 1036 2188 sed
1048 2128 1166 2189 consilii

157 2222 202 2273 cst
221 2231 269 2274 eas
285 2214 380 2274 iacere
398 2214 430 2274 in
447 2213 638 2275 confessione.

196 2299 246 2356 27.
265 2297 368 2369 Quoad
391 2296 587 2375 blasphemias
606 2298 789 2374 interroget,
810 2295 835 2354 si
856 2302 1007 2357 execratus
1024 2295 1115 2356 fuerit
1135 2297 1168 2359 in

156 2381 303 2440 Sanctus?
315 2387 346 2438 et
359 2379 465 2456 quihus
475 2380 574 2440 verbis
585 2398 655 2441 usus
666 2382 776 2454 inerit,
789 2399 829 2439 an
847 2378 956 2441 dixerit
971 2379 1048 2442 maid
1060 2379 1169 2442 habeat

153 2462 264 2544 vulgo,
283 2462 464 2545 marewic,
481 2465 530 2525 vel
551 2471 637 2537 otto,
657 2474 709 2526 cut
725 2470 834 2544 potto?
849 2465 967 2524 Etenim
983 2465 1083 2527 dicere
1100 2485 1167 2528 aaa

156 2549 285 2630 nappin,
299 2557 412 2609 certum
432 2556 476 2609 cst
488 2566 551 2610 esse
562 2551 706 2611 mortales
718 2557 783 2611 otto
797 2551 829 2609 in
846 2566 878 2609 se
896 2559 940 2609 est
951 2550 1081 2625 veniale,
1095 2551 1168 2629 quia

156 2634 215 2696 tale
227 2632 350 2694 verbum
363 2651 424 2694 non
438 2635 569 2695 continet
581 2635 791 2700 contumeliam
802 2655 811 2711 ς
822 2633 873 2694 sed
887 2635 978 2713 aliqui
989 2635 1078 2695 rudes
1087 2654 1168 2698 eum·

155 2719 225 2780 dem
239 2718 410 2798 concipiunt
427 2717 583 2781 horrorem
595 2738 629 2782 ac
641 2719 710 2781 cium
729 2720 832 2780 dieunt
853 2717 1034 2800 monoppio,
1050 2730 1081 2780 et
1094 2730 1169 2783 tunc

149 2810 274 2881 oportet
292 2803 382 2882 accipi
397 2821 451 2882 pro
465 2806 547 2883 graui
559 2803 758 2885 blasphemia,
769 2813 799 2866 et
809 2804 899 2864 sinml
911 2805 1058 2865 instruere
1070 2808 1168 2884 poeui·

45 2950 46 2954 ,
154 2896 266 2949 tentem
284 2887 343 2949 talc
360 2887 481 2949 effatum
503 2907 564 2950 non
586 2907 649 2949 csse
669 2887 892 2967 blasphemiam.
907 2889 1011 2948 Dicere
1028 2897 1116 2969 patto
1132 2892 1166 2952 in

154 2990 187 3034 se
208 2980 284 3034 osset
300 2990 389 3053 grave
411 2983 564 3052 peccatum
583 2973 669 3052 juxto
691 2974 802 3035 idioma
825 2971 1031 3052 hispanicum,
1057 2973 1110 3034 sed
1134 2976 1166 3039 iu
1233 3012 1234 3021 2

136 3067 256 3120 ·nostro
274 3058 454 3139 blasphemia
471 3077 532 3119 non
553 3070 614 3135 est,
634 3059 703 3121 culm
724 3059 800 3120 nihil
817 3060 898 3119 aliud
916 3059 1062 3135 significet
1075 3059 1165 3139 quiam

156 3141 391 3219 interjectionem
414 3143 596 3222 indignantis
609 3145 685 3224 (Lib.
698 3146 729 3204 h.
746 3164 780 3205 n.
792 3147 861 3206 til.
874 3163 904 3204 u.
920 3143 1058 3224 Neque).
1076 3143 1166 3206 ttihi-

156 3224 286 3288 lominus
302 3227 414 3288 bonum
432 3229 490 3290 crit
506 3231 622 3308 exigere
634 3247 793 3291 nnmerum
804 3274 813 3303 ‚
824 3228 893 3291 cuim
909 3228 998 3289 rudes
1008 3227 1165 3292 horrorem

157 3311 363 3372 notabiliorem
387 3331 422 3374 ex
445 3311 501 3375 hoc
523 3315 705 3394 concipiunt.
725 3315 783 3376 Sed
807 3313 957 3381 obmtale
979 3313 1106 3374 verbum
1127 3316 1166 3375 sit

157 3397 340 3474 aequivocum
351 3406 380 3458 et
392 3396 459 3458 eiam
473 3400 565 3477 possit
576 3401 668 3480 accipi
681 3401 713 3460 in
727 3417 814 3461 sensu
826 3398 943 3460 meliori
956 3441 965 3472 ,
979 3396 1056 3458 beno
1068 3407 1166 3476 potest

157 3479 351 3540 animadverti
372 3483 537 3559 poenitens,
559 3483 640 3563 quod
660 3485 735 3545 illud
755 3484 840 3564 juxta
861 3490 993 3544 nostram
1013 3481 1162 3560 loquelam

157 3571 279 3622 nonest
297 3563 497 3643 blasphemia,
515 3568 756 3648 quandoquidem
774 3568 869 3632 nostri
886 3566 1032 3646 indigene
1047 3584 1110 3630 uon
1122 3569 1166 3630 in·
