2475 3975
118 188 177 252 tib
350 187 489 248 Examen
508 181 754 247 ordibondomm.
771 181 846 264 Cap.
860 183 890 244 s.

117 290 249 354 oratione
265 288 330 354 riui
350 289 412 351 sola
431 284 539 359 verba,
556 286 616 350 Hic
634 292 678 348 est
698 279 953 366 mlicsanpoim's
970 283 1047 355 atei,
1065 287 1119 344 sint
1214 269 1215 324 ἶ

117 377 156 440 de
171 375 316 448 essentia,
329 373 480 436 ueletiam
497 371 577 432 alia?
588 371 721 448 Utraque
734 371 877 432 sententia
888 368 1120 450 estprobabilis3

117 459 169 524 sat
188 459 268 536 certi
286 461 417 540 graviter
429 463 528 536 peceat
540 455 656 534 reliqua
676 454 816 518 omittens
837 446 870 532 ll.
883 472 909 514 o.
924 447 1066 534 mim
1079 455 1120 514 An

117 540 189 608 verb
202 545 239 606 od
254 543 503 606 consecrationem
516 540 757 618 requiranturde
768 539 940 600 necessitate
948 535 1121 600 Sacramenti

116 629 207 692 rerba
219 627 413 710 praecedentia
428 646 436 684 a
450 624 511 700 Qui
525 623 622 706 pridie
635 627 725 704 poclm
738 631 907 704 poteratur,
920 630 975 686 eto.
991 625 1122 684 Commu·

117 715 165 776 nis
184 713 453 789 renuntiarant,
471 709 523 770 sed
541 712 644 772 scotus
657 709 795 780 dubitat,
810 705 935 788 ejusque
953 707 1122 771 sententiam

116 799 170 862 Das
189 794 355 876 Pooqaiar,
369 803 398 856 at
415 794 534 859 Guntia.
552 790 700 878 Touraaly
712 837 721 866 ‚
734 793 841 875 dicum
853 811 916 856 non
930 794 1031 859 sarire
1046 790 1123 854 omni

117 880 348 963 probabilitate3
371 890 461 959 atquc
486 899 540 958 ego
565 880 664 942 dicere
688 878 917 958 improbabilem
940 895 1003 958 non
1026 877 1124 938 audeo.

118 963 207 1047 (Vide
224 961 246 1028 l.
259 966 290 1028 6.
306 984 339 1027 n.
354 966 425 1026 290.
438 963 479 1028 od
493 964 587 1042 Μ.)
602 965 710 1024 Forma
728 971 827 1024 autem
841 962 1035 1033 Eucharistim
1046 962 1127 1022 debet

118 1050 245 1132 proferri
269 1048 439 1120 recitatioi,
458 1056 487 1110 st
504 1045 721 1129 caprificatio-b,
746 1045 777 1108 id
800 1054 845 1108 est
867 1045 1025 1108 referendo
1044 1045 1127 1108 verba

118 1137 227 1201 Christi
237 1181 246 1211 ‚
258 1145 289 1199 et
300 1134 475 1216 applicando
488 1134 538 1194 illa
555 1134 592 1194 ad
612 1133 766 1196 materiem
780 1143 974 1216 praesentem,
991 1144 1026 1196 ut
1038 1143 1127 1208 trans·

119 1231 254 1289 mutetur
272 1222 334 1300 ipsu
350 1222 382 1282 in
399 1221 512 1297 Corpus
524 1228 555 1282 et
566 1217 883 1298 Sanguinemctnisu,
901 1228 937 1282 ut
951 1220 1036 1299 ajunt
1047 1224 1125 1284 Cone.

119 1304 253 1373 atSalm.
269 1324 337 1367 eom
353 1306 395 1366 D.
414 1301 516 1369 riom.
531 1300 621 1383 (Vide
636 1323 670 1388 aa.
683 1306 754 1366 220.
766 1305 799 1365 io
809 1302 893 1384 [inl.
903 1303 935 1368 Si
951 1308 1020 1386 quis
1033 1299 1127 1368 autem

119 1401 242 1475 propter
260 1389 425 1457 balbutiem
446 1388 577 1462 diceret,
593 1391 656 1452 Hoc
674 1397 717 1460 eat
733 1388 834 1472 colpos
856 1407 972 1466 meum,
984 1393 1032 1454 vel
1045 1409 1128 1475 coma

119 1495 236 1556 meum5
248 1477 296 1538 vcl
308 1495 383 1554 copo
395 1491 509 1545 meum,
523 1473 570 1534 vel
586 1471 664 1539 aaliz
675 1519 684 1548 ‚
695 1475 742 1538 vel
757 1474 919 1554 conputatio
929 1493 938 1548 ¹,
949 1477 1048 1540 validi
1063 1496 1128 1540 con-

119 1569 231 1632 secrat,
251 1568 285 1620 ut
302 1561 392 1620 Sator.
410 1561 485 1640 Lup-
505 1557 614 1632 Graia,
635 1566 665 1618 et
688 1560 738 1622 alii
764 1560 983 1634 communiter,
995 1557 1046 1624 'ex
1064 1581 1127 1646 cop.

120 1639 311 1715 detulerunt,
322 1640 526 1704 damnaearot.
537 1642 607 1707 dist.
619 1644 651 1703 t.
660 1687 671 1720 ,
683 1644 734 1724 ubi
749 1644 895 1721 baptisma
914 1646 1078 1721 collatum,
1093 1650 1130 1708 la

119 1730 239 1793 omnine
250 1727 378 1801 Patrio,
391 1724 528 1802 etFilio,
544 1735 614 1806 ato,
630 1719 762 1808 validum
779 1727 945 1808 declaratur
957 1752 966 1806 3
980 1723 1057 1796 ratio
1071 1740 1129 1802 est,

120 1815 190 1893 quia
208 1831 294 1876 voces
315 1813 356 1874 ita
376 1819 447 1873 sunt
470 1813 658 1887 constituta,
680 1807 715 1874 ut
738 1813 764 1875 si
786 1813 946 1892 aliquandi
968 1803 1047 1898 cum¹
1060 1817 1131 1877 vitio

120 1899 332 1982 proferantur,
353 1896 433 1960 idem
450 1898 642 1976 significent3
658 1898 747 1962 modb
766 1899 858 1962 alium
873 1917 993 1960 sensum
1010 1919 1072 1964 non
1087 1901 1132 1962 in·
1214 1901 1215 1904 ’

120 1994 225 2067 gerant
235 1982 269 2064 (l.
280 2004 306 2045 o.
316 2003 348 2045 n.
363 1983 457 2061 ml.
476 1980 530 2045 llio
544 1993 644 2044 autem
660 1984 876 2049 advertendum
888 1984 990 2047 seduli
1001 1985 1034 2045 id
1051 1988 1132 2065 quod

120 2072 163 2147 ait
184 2070 311 2133 Robrica
334 2070 391 2146 (tit.
412 2067 443 2130 ὅ.
465 2085 498 2131 rt..
518 2067 587 2147 9..).·
607 2065 644 2128 Si
664 2067 813 2133 celebrans
836 2086 899 2132 nort„
917 2068 1085 2133 recordetur
1102 2090 1135 2131 se

120 2154 232 2219 dixisse
250 2172 317 2234 qcae
332 2153 367 2220 io
377 2150 591 2218 consecratione
602 2152 798 2215 conmuniter
812 2153 968 2231 deuotum
980 2170 1041 2214 noo
1051 2152 1134 2215 debat

121 2240 240 2303 turbari
257 2237 358 2319 (scilic.
377 2237 548 2317 repetere).
563 2234 599 2299 Si
618 2240 686 2301 verb
699 2234 785 2323 vulda
806 2234 997 2320 probabiliter
1016 2236 1134 2301 dubitat

120 2324 152 2390 se
173 2322 297 2405 aliquod
317 2319 470 2383 esseratibla
494 2320 647 2395 moisio,
670 2322 755 2387 iteret
776 2318 928 2401 formam,
951 2320 1064 2389 saltem.
1078 2322 1134 2387 sub

122 2405 213 2470 tooit'o
229 2404 407 2488 cortditiooa.

160 2492 229 2556 tol,
244 2490 283 2533 '-
296 2488 396 2563 Quaar.
415 2487 454 2550 11.
469 2488 625 2562 Quomodb
636 2488 769 2551 Christus
782 2492 819 2551 sit
831 2508 960 2568 praesens
973 2494 1005 2555 in
1014 2493 1133 2571 Eucha-

121 2578 225 2643 ristia?
242 2572 469 2654 Rispaniam,
487 2572 640 2649 Christum
655 2574 688 2635 in
708 2572 889 2636 Eucharistia
902 2594 963 2636 non
981 2592 1043 2637 esse
1057 2597 1133 2657 praa-

122 2675 236 2728 sentem
254 2678 308 2742 per
325 2657 563 2741 productionem,
581 2677 636 2726 uae
649 2677 704 2738 par
715 2656 920 2723 adductionem
932 2659 1070 2735 dormio,
1081 2662 1133 2723 sed

122 2770 178 2832 per
194 2745 417 2814 conversionem
437 2745 608 2825 substantiae
628 2746 717 2824 panis·
733 2746 765 2807 iu
786 2745 978 2809 substantiam
997 2747 1135 2825 Corporis

123 2833 254 2904 Christi,
279 2830 325 2890 eui
347 2830 536 2909 conversioni
563 2832 774 2905 convenienter
795 2838 928 2911 aptatum
954 2838 998 2893 est
1022 2844 1131 2891 nomen

123 2911 474 3003 transsubstantiationis.
491 2910 624 2980 Christus
643 2916 817 2979 autamsub
831 2917 915 2995 panis
935 2924 965 2975 at
984 2906 1046 2991 uini
1066 2934 1133 2995 spa-

123 3005 224 3087 ciebus
247 3000 420 3070 continetur,
438 3000 712 3074 sacramentaliter,
733 3008 762 3075 et
784 3000 926 3065 ineflabili
953 2999 1061 3081 modos,
1081 3003 1132 3079 qui

87 3113 92 3125 2
123 3087 336 3168 debetycredi,
358 3084 410 3145 sed
431 3085 556 3163 intelligi
579 3104 640 3170 non
661 3092 758 3165 potest
777 3084 889 3165 (verbis,
900 3080 1060 3166 exprimere
1080 3082 1132 3147 aio

122 3188 301 3251 possumus,
314 3173 355 3234 ait
366 3172 450 3234 uria.
465 3189 534 3234 sess.
550 3173 601 3249 15.
616 3192 644 3234 e.
661 3174 715 3252 1,).
730 3174 863 3235 Salvator
883 3174 964 3235 enim
979 3166 1076 3235 existit
1090 3174 1130 3234 ibi

123 3246 188 3313 sine
206 3258 376 3342 euteirsione
395 3256 577 3334 partiumin
597 3256 702 3317 ordine
721 3246 1068 3337 ad-.locum‚et'tap1cn
1087 3266 1131 3319 cst

122 3335 168 3402 ibi*
186 3341 283 3429 totum
295 3337 402 3398 Christi
421 3339 535 3418 Corpus
553 3342 760 3414 aumanlma,
780 3334 1051 3419 ctdiviaitate'per
1062 3360 1132 3404 con·

122 3423 342 3510 comitantiam:
354 3428 384 3479 et
394 3438 578 3502 unaquaeque
587 3442 656 3502 pars
664 3424 771 3487 Christi
782 3418 823 3487 ibi
834 3434 914 3485 extra
924 3424 1012 3485 aliam
1020 3428 1128 3506 existit.

121 3493 219 3567 Ablue
236 3494 371 3574 Christus
393 3511 436 3572 est
455 3514 551 3581 totus,
566 3516 595 3567 at
608 3508 795 3591 inteperisub,
807 3506 913 3591 quavis
925 3508 1020 3589 ipsius
1031 3508 1132 3593 speciei

122 3576 222 3645 porte,
240 3578 379 3650 uldottl
396 3582 481 3665 Trid.
498 3606 567 3663 sats.
585 3594 634 3651 15.
649 3612 674 3654 o.
690 3594 719 3654 5.
735 3585 867 3674 scu-hic
883 3594 1128 3676 intelligendum,
