2475 3975
400 178 449 238 La
470 175 607 258 opacitas
621 175 772 239 Benedicti
789 180 878 242 XIV
1081 185 1137 246 567

124 288 270 343 causetur.
289 281 351 342 Hoc
376 281 456 340 enim
472 279 604 351 sufficit,
628 291 662 342 ut
685 281 866 343 consuetudo
885 282 966 362 longi
990 287 1135 364 temporis

124 367 252 428 dicatur.
267 365 311 429 lb.
331 363 385 426 lib.
409 367 458 425 l5.
481 383 543 443 cap.
566 367 595 424 5.
618 384 650 426 n
680 367 710 426 5

164 453 194 511 Si
215 449 316 512 vertl
304 469 366 528 Jam
382 457 527 528 acceptata
545 451 599 520 sit,
614 450 796 549 prescriptio
817 458 918 510 contra
945 452 1028 512 illam
1045 454 1135 514 indu·

125 535 204 598 citur
217 553 270 613 per
290 535 497 596 decennium:
520 537 712 614 nequeenim
731 535 828 611 agitur
841 535 878 595 de
896 539 1134 616 praescriptione,

123 621 183 698 qud
201 619 318 699 aliquod
330 618 378 696 jus
392 620 580 698 proprietatis
597 619 635 678 ab
650 620 775 678 Ecclesia
786 620 953 690 auferatur,
975 639 1042 699 quae
1062 643 1138 702 prcc-

121 705 245 782 scriptio
272 721 364 764 annos
381 703 572 782 quadraginta
595 705 696 781 exigit.
721 705 896 780 Requiritur
919 714 1040 776 tamen,
1063 707 1142 767 utu

124 787 230 865 majori
248 789 468 850 communitatis
482 798 566 866 parte
578 788 672 848 liberi
690 790 730 848 sit
745 789 863 848 inducte
881 835 889 862 ‚
908 792 1138 852 continuisaeti-

124 873 180 937 laus
198 873 400 952 frequentata,
424 874 524 934 animo
543 875 639 952 legem
657 872 805 946 tollendi,
825 884 857 934 et
878 876 954 937 adsit
980 895 1137 937 consensus

123 958 301 1036 legislatoris
310 958 455 1036 juridicus
469 959 573 1018 saltem
589 1003 596 1028 ,
610 968 640 1018 et
660 958 783 1036 legalis,
798 959 917 1035 qualem
932 961 1040 1022 scilicet
1060 963 1143 1041 leges

126 1044 298 1122 requirunt.
314 1045 358 1102 De
370 1042 480 1122 Synod.
496 1042 611 1104 dioeces.
626 1043 678 1102 lib.
694 1044 742 1102 ta.
759 1061 823 1121 cap.
845 1045 873 1103 5.
887 1063 919 1103 ρ.
933 1046 962 1104 li.

162 1127 221 1188 er
237 1127 349 1207 Synodi
366 1129 535 1188 diaecesanae
548 1129 682 1206 obligans
701 1136 794 1188 totam
809 1129 1010 1206 provinciam,
1022 1131 1046 1190 si
1059 1130 1145 1191 obri--

123 1214 223 1274 uucrit
243 1211 529 1272 confirmationemlr
546 1213 621 1272 Sede
641 1212 799 1291 apostolici
810 1213 842 1272 in
860 1213 953 1273 forma
964 1215 1135 1286 communi,

124 1306 158 1356 ut
169 1297 346 1439 plerumque
355 1295 389 1353 fit
394 1313 528 1373 ‚quaeque
541 1295 588 1356 his
601 1297 699 1355 verbis
707 1297 821 1374 concipi
830 1297 925 1356 solet
918 1316 925 1332 ·
943 1295 979 1356 Si
980 1295 1079 1376 justi
1088 1316 1137 1361 ou·

123 1380 283 1440 tractitius
300 1377 424 1458 protrito
437 1379 623 1460 factasunt,
636 1379 833 1440 etdummodo
848 1380 1135 1451 sactmcanonibtts

125 1461 251 1524 Coractiii
279 1461 604 1537 casertanensis,
628 1472 656 1524 et
681 1464 937 1526 constitutionibus
965 1463 1135 1545 apostolicis

123 1569 185 1612 non
206 1547 421 1611 adversentur.-
443 1543 515 1611 tunc
532 1550 637 1628 utique
650 1551 787 1626 abrogari
805 1552 843 1610 ab
856 1552 999 1630 Episcopo
1018 1561 1134 1629 potest,

62 1695 65 1704 ,
123 1636 191 1696 eiam
214 1643 331 1696 maneat
347 1635 394 1695 lex
409 1634 540 1714 ejusdem
557 1634 775 1698 tautummodo.
800 1637 831 1696 Si
857 1635 940 1696 rcrtl
950 1635 1135 1697 confirmatio

124 1721 176 1779 fiat
195 1721 226 1779 in
242 1719 337 1778 torma
356 1721 490 1798 specifica
513 1739 580 1778 cum
603 1740 697 1782 causae
722 1722 916 1798 cognitione,
936 1721 1058 1798 siugulis
1077 1729 1136 1780 sta-

124 1805 197 1866 tutis
217 1805 371 1880 expensis,
384 1812 415 1864 et
427 1805 458 1864 iu
474 1803 835 1864 confirmationeaddatur
849 1823 886 1864 ex
901 1813 982 1865 motu
993 1808 1134 1903 proptio,

124 1898 213 1971 (etqua
232 1907 268 1949 eac
291 1892 370 1948 ccrtd
386 1887 529 1959 scietttid
551 1898 622 1950 tunc
649 1889 753 1964 utique
777 1887 812 1946 fic
839 1888 886 1948 lex
909 1889 1080 1962 Pontifici&
1101 1892 1133 1951 in

124 1975 181 2052 qud
202 1974 360 2053 Episcopus
372 1973 541 2051 dispensare
556 1994 616 2037 non
637 1979 745 2055 potest.
758 1973 802 2033 De
815 1970 928 2053 Synod
944 1973 1068 2035 Dioeces.
1081 1974 1141 2035 lib..

125 2060 173 2121 ts.
187 2078 250 2138 cap.
267 2059 295 2119 5.
311 2076 394 2120 trum
408 2060 456 2121 ll.
1013 2105 1015 2112 .

545 2200 705 2301 antuus.

160 2421 207 2483 Aa
238 2424 333 2479 mater
361 2424 497 2478 tencatur
529 2418 638 2479 lactare
665 2416 822 2495 proprium
845 2414 943 2477 lilium
966 2416 1022 2477 sub
1050 2418 1133 2495 gravi

122 2504 233 2583 culpat?
247 2501 393 2580 theologi.
410 2504 531 2579 quidam
555 2504 763 2573 affirmarunt,
781 2500 850 2562 edm
871 2519 946 2562 onus
973 2501 1052 2563 istud
1077 2504 1135 2563 im·

122 2591 252 2669 positum
277 2590 346 2668 ipsis
365 2587 382 2648 a
405 2588 510 2649 natura
527 2588 786 2658 animadvertant,
810 2604 865 2647 nec
883 2587 943 2645 ulla
970 2587 1030 2646 sint
1045 2588 1134 2647 bruta
1170 2641 1173 2644 .

9 2714 11 2719 -
123 2694 188 2753 quae
213 2674 367 2735 uatissuis
385 2672 416 2733 itl
441 2692 500 2735 non
521 2682 679 2751 praestent3
702 2672 752 2732 alii
773 2680 872 2730 tamen
895 2669 1001 2731 melius
1015 2674 1133 2748 eulpam

121 2760 156 2821 rit
175 2760 206 2819 in
226 2776 261 2829 ra
281 2759 377 2819 levem
395 2768 564 2835 agnoscunt.
579 2758 740 2819 Occursare
757 2764 855 2816 tamen
868 2756 967 2833 plures
983 2754 1132 2833 legitimas

122 2862 221 2905 carrtsas
243 2841 391 2905 eximendi
420 2843 457 2903 ab
483 2842 540 2903 hoc
569 2860 660 2903 onere
678 2850 786 2904 matres
803 2841 882 2904 altri)
903 2840 1069 2903 latendum.
1087 2842 1132 2903 De

122 2930 195 3007 Syn.
212 2928 327 2990 dioecas.
341 2927 393 2988 lib.
412 2930 460 2989 ll.
481 2947 544 3009 eap.
567 2930 597 2989 7.
615 2948 646 2989 n.
665 2930 755 2989 l0.et
772 2929 828 2992 lla

484 3060 769 3159 narei-atomus.

160 3266 306 3331 Parachus
321 3284 374 3345 ρον
398 3284 441 3326 se
450 3266 588 3327 assistere
606 3264 799 3327 matrimonio
822 3271 959 3336 tanetum,
980 3265 1036 3325 nisi
1059 3265 1133 3343 legi

122 3351 215 3425 timu,
242 3352 470 3431 gravissimaque
496 3350 534 3410 dc
557 3350 890 3427 causaimpetitus.1n
916 3308 1070 3428 Edeyclied
1094 3349 1136 3407 acl

121 3436 433 3516 EpiscoposPolonice‚
449 3434 585 3497 Nimiam
604 3433 764 3500 licentiam.

128 3520 374 3585 Abstinendum
392 3521 523 3582 Pontifex
539 3520 576 3581 ab
596 3520 630 3579 ed
651 3527 749 3578 censet
764 3520 925 3597 questione
942 3517 1023 3575 inter
1035 3513 1132 3575 Theo·

121 3578 203 3685 lagos
225 3604 355 3685 agitati,
374 3622 447 3667 oum
461 3602 604 3683 parochus
620 3604 658 3664 sit
678 3600 767 3682 hujus
785 3601 959 3668 sacramenti
976 3598 1130 3672 minister,
