2475 3975
348 241 396 301 De
407 233 687 317 infamationibus
700 232 854 314 faciendis.
1069 236 1108 297 29

92 349 145 428 qui
161 346 288 407 iormnm
310 340 470 420 significat,
490 337 654 415 insultjecto
672 337 838 416 precisum,
866 345 955 414 prout
978 344 1022 398 cst
1034 336 1104 415 pul·

94 430 257 498 chritudo,
273 424 401 494 alnedo,
421 434 477 486 otc.
499 424 656 484 Concretas
674 421 747 483 uerit
769 420 915 499 significat
941 420 1105 497 subjectum

94 536 163 578 cum
182 516 279 573 torma
298 509 505 587 conjunctum,
531 516 566 567 ut
582 517 627 567 est
642 506 732 567 homo
752 504 893 585 pulclcer,
907 504 1007 566 charta
1021 506 1107 573 albu,

93 610 150 662 etc.
176 599 253 659 llino
281 594 354 655 dicit
381 610 482 653 rocem
504 600 640 652 ntortrcus
667 590 834 667 significare
860 588 1035 660 hominem,
1053 588 1107 666 qai

92 686 166 747 olim
187 682 285 742 anima
301 688 330 740 et
343 696 466 756 corpore
482 677 651 746 constabat,
673 674 725 735 sed
744 694 824 735 nunc
846 677 989 752 importat
1002 691 1108 751 corpus

93 781 121 832 et
140 770 271 829 animam
292 764 478 841 disjunctam.
505 764 540 822 lit
560 780 597 823 ex
620 760 677 821 hoc
691 761 861 833 concludit,
875 758 956 840 quid
974 766 1108 821 ucmtuos

94 852 219 931 alicujus
231 867 355 928 persona
372 847 565 918 maledicens,
587 864 649 908 non
664 842 760 906 solirm
771 863 878 907 eorum
896 862 1039 925 corpora,
1055 842 1107 905 ssd

94 938 208 999 animas
225 934 315 994 etiarn
335 931 493 991 maledicit.

132 1016 319 1097 Respondeo.
347 1018 408 1094 Ego
426 1032 489 1075 non
515 1014 583 1075 dico
606 1013 688 1093 quod
707 1021 839 1077 mortuos
856 1013 1032 1075 maledicens
1056 1028 1108 1074 eos

93 1103 261 1167 considerat
280 1110 419 1177 tanquam
435 1099 617 1172 abstractos,
635 1100 745 1160 scilieet
767 1108 906 1175 tanquam
921 1097 1030 1157 iormns
1045 1097 1109 1157 sine

92 1186 249 1264 subjecto:
265 1184 317 1245 sed
334 1182 401 1243 dico
416 1181 496 1260 quod
519 1182 719 1264 praescinditi
738 1181 964 1244 considerandis
976 1187 1109 1242 mortuo·

93 1292 163 1335 rum
185 1269 361 1343 animabus,
381 1286 447 1345 quoe
467 1284 547 1331 nunc
569 1271 710 1329 esistunt.
734 1268 822 1329 Aliud
844 1277 888 1331 est
917 1262 1107 1334 abstrahere,

93 1356 176 1438 quod
203 1364 247 1415 ost
269 1352 454 1413 considerare
473 1354 603 1431 aliquam
619 1355 746 1415 sormam
765 1355 830 1413 sine
849 1351 1004 1428 subjectos
1028 1348 1109 1411 aliud

93 1439 314 1521 praescindere,
345 1436 426 1515 quod
457 1447 503 1500 est
533 1438 719 1499 considerare
744 1437 892 1517 quoddam
918 1434 1107 1514 subjectum,
1138 1463 1142 1471 ·

93 1526 255 1606 proeeisum
274 1523 311 1585 ab
331 1524 429 1601 aliqua
445 1524 664 1585 circumstantia
680 1534 732 1585 aut
750 1523 910 1603 qualitate,
925 1539 991 1599 quse
1003 1520 1108 1598 respici

93 1618 204 1691 potest.
227 1610 348 1671 Certum
373 1616 418 1669 est
435 1607 569 1669 homines
589 1610 650 1668 viti
667 1609 782 1671 iunctos
802 1626 883 1667 nunc
903 1605 1020 1667 eosdem
1047 1622 1108 1665 non

93 1714 175 1769 esse,
200 1694 251 1774 qui
270 1692 397 1755 virendo
418 1694 550 1753 inerunt.
574 1696 659 1755 'lunc
682 1703 727 1755 tot
754 1699 841 1754 erant
855 1709 988 1770 personne
1010 1689 1108 1754 animtt

92 1792 126 1844 et
140 1797 266 1859 corpore
282 1777 446 1854 conjunctis
461 1778 653 1856 compositas,
671 1796 752 1842 nurse
773 1775 844 1838 uero
863 1793 967 1837 corum
982 1776 1108 1845 atrine,

94 1874 127 1928 et
147 1881 271 1943 corpora
297 1863 427 1923 existunt
452 1862 592 1939 quidem,
612 1862 665 1921 sed
690 1862 834 1940 disjuncta
862 1862 1005 1921 existunt.
1029 1860 1109 1933 Quo·

96 1947 333 2031 proptor,ci1m
356 1946 471 2008 mor-nri
496 1947 736 2020 maledicuntur,
765 1964 826 2007 non
853 1945 921 2008 idco
948 1941 1108 2007 necessarii)

94 2039 232 2116 ipsorum
254 2035 361 2094 animm
383 2033 543 2093 nralcdictac
560 2034 684 2094 ueniunt
696 2076 706 2106 ,
719 2033 776 2094 nisi
791 2030 860 2094 culm
874 2032 932 2092 ittae
945 2029 1110 2108 specialiter

95 2121 331 2200 exprimuntur,
347 2119 393 2177 uel
412 2119 631 2195 intelliguntur.

135 2205 194 2266 Sed
212 2203 473 2280 deniquorluctori
487 2203 624 2279 Epistolac
642 2201 855 2270 concedamus,
876 2198 956 2275 qnod
977 2197 1040 2276 ipso
1060 2216 1110 2277 ag·

96 2307 215 2372 gressus
226 2297 269 2347 est
281 2287 424 2345 sustinere
437 2329 444 2355 ,
458 2287 530 2344 nimi
535 2284 601 2345 niun
612 2284 693 2362 qood
705 2281 832 2344 mortuis
843 2281 1018 2344 maledicere
1028 2282 1107 2343 idem

96 2378 137 2436 sit
149 2371 239 2452 quiun
253 2371 293 2430 eis
318 2369 492 2430 maledicere
512 2387 544 2428 ae
562 2370 586 2428 si
608 2369 740 2429 viventes
758 2376 862 2428 essent.
880 2369 987 2440 Quaero
1005 2369 1109 2449 elingit

97 2461 149 2537 qui
166 2457 319 2518 hominem
334 2455 435 2514 viuum
454 2453 619 2523 maledicit,
638 2472 794 2533 semperne
816 2452 964 2514 lethaliter
985 2459 1111 2533 peccat?

97 2546 209 2603 Omnes
226 2544 290 2601 DD.
310 2537 414 2616 ajunt,
432 2539 590 2618 cajetanus
601 2583 609 2610 ,
621 2539 726 2613 Solus,
744 2535 861 2598 Mutina
874 2583 882 2608 ,
897 2536 1019 2609 Grudo,
1034 2540 1111 2600 duo·

95 2627 185 2696 rius,
206 2628 307 2705 Lupo,
323 2632 352 2682 et
373 2619 429 2682 olii
445 2642 511 2684 curn
532 2620 812 2683 Solomaticcnsibns
830 2621 866 2682 de
884 2622 1021 2684 destitut.
1039 2642 1064 2683 c.
1078 2626 1110 2684 l.

96 2731 130 2771 n.
143 2712 193 2770 27.
206 2718 235 2770 ct
248 2711 298 2771 ⁶28.
313 2727 349 2769 en
360 2711 401 2768 D.
417 2707 471 2769 Tic.
485 2711 515 2770 ἢ.
533 2711 564 2768 2.
583 2727 613 2790 q.
629 2710 677 2768 76.
693 2727 724 2768 o.
739 2710 770 2768 l.
788 2707 852 2769 uim
874 2707 1111 2772 maledictionem

96 2798 130 2856 in
148 2795 322 2873 proximum
342 2803 493 2870 peccatum
506 2811 568 2853 csse
578 2793 723 2864 mortale,
739 2790 808 2854 com
824 2794 887 2870 ipsa
901 2802 946 2854 cst
957 2793 1111 2866 formalis,

96 2881 209 2940 scillcet
220 2879 265 2955 (ut
278 2878 403 2955 explicat
421 2875 591 2957 Cojetonns)
604 2875 671 2938 eiam
682 2877 817 2954 proximo
826 2888 945 2956 optatur
955 2877 1110 2949 damnum,

97 2973 130 3023 et
149 2963 294 3022 damnum
315 2978 424 3038 gracco,
449 2961 528 3038 quod
546 2962 652 3040 aliquis
674 2962 717 3024 illi
738 2961 937 3039 imprecatur-3
953 2977 1015 3020 non
1041 2961 1111 3022 uerit

98 3047 170 3108 cium
199 3045 366 3106 maledictio
390 3055 434 3104 cst
461 3044 578 3106 tantirm
593 3046 776 3120 materialis,
803 3063 910 3123 nempe
931 3045 996 3106 sine
1022 3061 1113 3123 prauo

99 3135 200 3192 aniano
219 3131 343 3209 prolata.
359 3133 395 3188 Et
414 3131 535 3208 quidem
553 3134 584 3190 in
609 3132 728 3192 vivente
746 3130 826 3191 certis
844 3148 951 3208 corpus
963 3138 993 3192 ct
1011 3131 1111 3192 anima

1 3233 2 3242 ¹
100 3215 189 3276 sicnul
207 3215 349 3276 existunt.
371 3215 408 3274 Et
424 3233 515 3292 quare
533 3234 594 3276 non
616 3226 661 3276 cst
689 3216 840 3277 mortale?
860 3216 929 3292 quia
947 3214 1000 3293 qui
1022 3219 1113 3276 male·

101 3301 173 3360 dicit
202 3298 318 3360 homini
341 3300 451 3360 viventi
468 3319 527 3362 non
554 3319 670 3379 semper
702 3300 830 3379 proximi
843 3302 847 3309 “
862 3302 968 3362 animm
984 3301 1114 3362 intendit

96 3383 299 3456 maledicere,
323 3392 352 3444 ct
369 3386 579 3446 contumeliam
601 3386 710 3444 interro
729 3385 898 3447 substantiae
919 3386 982 3457 illl,
1003 3387 1113 3465 inqua

100 3468 268 3548 specialiter
283 3469 384 3545 Imago
401 3470 454 3529 Dei
473 3471 631 3549 splendet,
647 3469 699 3528 scd
713 3471 883 3547 praescindit
897 3470 936 3530 ab
950 3471 1049 3530 anima
1065 3490 1114 3531 re·

99 3552 271 3633 spicienda3
295 3561 325 3612 ct
343 3553 383 3612 ita
407 3569 527 3632 gravem
547 3572 607 3614 non
623 3555 784 3614 committit
806 3557 935 3634 culpam,
959 3554 1016 3626 Qui
1034 3572 1114 3614 crea-

100 3638 176 3699 turis
195 3637 448 3700 irrationabilibus
467 3639 614 3700 mcclcdicit
628 3638 745 3718 (docent
766 3639 845 3701 idem
861 3642 902 3698 tt.
919 3635 1112 3750 Ticoutos‘loe.

938 3740 981 3777 a..
