2475 3975
326 174 353 253 ς.
369 176 394 237 1.
410 170 529 236 illenim
543 171 584 237 cd
598 170 803 254 coctfesaort'os·
1012 184 1072 247 113

64 285 161 346 deesse
172 278 345 343 notabiliter
359 276 559 353 coeremoniis,
573 282 626 337 aut
638 276 742 335 saltem
754 276 941 340 convenienti
954 298 1073 343 earum-

63 372 130 429 ‹lem
148 365 283 445 gravitati
306 373 368 423 tam
391 361 561 421 necessariae
581 360 617 420 ad
643 361 865 422 venerationem
888 364 962 425 tanti
983 364 1073 444 bajus

63 450 207 514 aacmiicii.
222 450 251 511 5.
271 445 376 509 Utrdm
396 445 567 506 satisfecerit
581 444 753 522 obligationi
770 444 865 506 divini
878 447 984 522 officii,
997 467 1073 528 prn-

6 528 8 561 '
64 534 147 617 cipue
165 535 189 595 si
208 541 255 595 ast
272 530 474 593 beneficiatus.
491 531 558 589 Non
575 530 693 591 omittat
708 529 799 589 etiam
811 530 980 606 insinuare,
994 543 1029 596 ut
1042 552 1074 595 ac

64 619 198 682 habilitat
209 617 293 696 juxta
312 633 396 677 suam
414 614 604 693 capacitatem
626 614 665 674 ad
682 610 838 674 lucrandas
858 616 922 677 Deo
940 617 1073 685 animas.

65 716 94 767 ut
111 703 240 767 celebret
260 701 378 763 missam
399 716 470 760 cum
491 696 590 759 debita
611 698 847 777 praeparatione,
862 708 893 761 et
910 702 1075 779 gratiarum

63 791 193 861 actione,
211 794 246 847 ut
264 784 416 847 incumbat
435 783 563 844 orationi
582 782 724 856 mentali,
741 784 805 845 sine
823 802 882 864 qua
899 783 1074 848 difficillime

64 876 156 937 bonus
173 873 231 933 erit
248 870 392 931 sacerdos.

6 1010 7 1013 ,
99 960 167 1020 tet.
181 958 248 1017 ΧΠ.
269 956 304 1014 ln
325 950 449 1013 materia
471 950 668 1017 restitutionis
692 948 843 1013 ordinarie
860 971 922 1015 nou
944 954 1076 1017 absolvat

6 1068 8 1149 p
63 1046 276 1123 paenitentem,
296 1038 354 1099 nisi
371 1035 477 1116 pribs,
503 1035 571 1099 edm
594 1038 712 1115 possit,
736 1038 899 1099 restituerit
911 1056 977 1099 rem
995 1042 1077 1100 abla-

6 1152 8 1197 t
63 1138 131 1189 mm.
155 1122 357 1189 Nihilominus
386 1122 522 1184 advertat
550 1123 660 1183 multos
693 1122 865 1184 excusarit
888 1124 1077 1185 restitutione

63 1216 177 1275 ratione
205 1208 435 1289 praescriptionis
461 1226 530 1269 cum
550 1206 628 1268 bona
649 1206 718 1269 lide.
741 1210 778 1268 et
803 1206 853 1269 bic
884 1206 1074 1281 notandum,

65 1302 92 1359 1.
129 1300 214 1360 Bona
255 1294 407 1367 mobilia,
443 1293 562 1373 quaudo
591 1293 674 1353 adest
703 1294 809 1353 titulos
844 1304 1042 1372 praesumptus
1067 1338 1077 1365 ,

63 1381 212 1461 prescribi
230 1380 324 1461 spatio
340 1380 433 1440 trium
449 1396 622 1457 annorum,
643 1379 806 1439 immobilia
829 1378 1009 1457 verdapatio
1025 1379 1078 1439 de·

63 1486 124 1527 cem
152 1483 301 1527 annorum
333 1462 412 1528 inter
438 1470 619 1545 praesentes,
647 1471 677 1523 ct
701 1464 807 1541 viginti
832 1464 911 1525 inter
934 1459 1075 1525 absentes.

63 1554 91 1614 2.
115 1550 273 1613 Probabile
298 1566 361 1610 esse
382 1550 534 1629 praelatam
562 1549 815 1627 prescriptionem
830 1548 930 1609 valere
958 1549 991 1609 io
1011 1548 1077 1610 loro

6 1636 9 1777 ἱ
63 1635 267 1705 conscientiae,
285 1634 375 1694 etiam
398 1634 430 1695 in
452 1623 517 1695 'illis
539 1633 631 1704 lucis,
648 1634 681 1693 in
698 1632 807 1711 quibus
822 1634 855 1695 iu
872 1634 939 1695 loro
953 1643 1078 1695 externo

6 1794 7 1807 χ
63 1740 122 1783 non
144 1720 226 1799 viget
251 1716 299 1779 lex
319 1718 568 1797 praescriptionis,
585 1727 621 1779 ut
641 1718 673 1777 in
695 1736 788 1796 reguo
811 1725 938 1789 nostro,
961 1719 1000 1779 ob
1018 1717 1077 1779 dil-

6 1814 7 1835 *
62 1806 224 1867 ficultatem
255 1802 401 1883 probandi
428 1804 538 1865 bonam
565 1803 667 1865 fidem.
700 1803 887 1881 Excipiende
913 1803 986 1865 verb
1007 1814 1078 1866 sunt

6 1842 9 1967 1
63 1888 299 1970 proscriptiones
308 1888 368 1949 illae
381 1930 390 1961 ,
403 1906 469 1966 quae
479 1887 614 1965 expresse
630 1883 828 1965 prohibentur
840 1886 878 1947 ab
900 1888 998 1965 aliqua
1012 1888 1078 1966 lege
1112 1924 1115 1929 ·

6 1974 9 2042 i
64 1974 235 2054 municipali
252 2019 261 2048 ,
281 1982 315 2034 ut
331 1992 367 2035 cx
387 1991 414 2034 c.
436 1974 469 2034 in
484 1991 577 2053 regno
590 1970 883 2050 nostroreprobatur
895 1972 1078 2051 prescriptio

62 2060 204 2133 haeredis,
229 2059 344 2138 quoties
372 2065 496 2120 testator
526 2057 603 2119 maid
625 2057 685 2119 lide
711 2057 884 2136 possederit.
912 2057 1080 2118 videantur

62 2147 125 2206 aliae
142 2145 286 2206 docuina
298 2144 374 2204 eirca
394 2144 648 2222 prescriptionem
666 2140 768 2201 relata
780 2140 812 2200 in
828 2137 932 2199 Murali
950 2136 1028 2217 (mo.
1045 2141 1076 2200 d.

62 2250 92 2292 u.
111 2231 186 2290 bot.
199 2223 361 2304 casamala.
380 2226 475 2302 bill.

97 2314 173 2376 185.
195 2311 278 2372 Xlll.
299 2309 329 2368 Si
348 2309 495 2388 poenitens
508 2307 637 2387 aliquam
657 2307 804 2388 occeperit
825 2307 989 2387 injuriam,
1006 2327 1077 2391 pro-

63 2411 128 2480 pter
149 2414 240 2478 qaam
259 2394 396 2454 inimicus
417 2395 456 2454 sit
476 2395 636 2472 inquisitus
659 2396 693 2455 in
719 2393 825 2467 curia,
853 2413 914 2456 non
947 2395 1078 2457 absolvat

63 2487 173 2556 illum,
194 2477 357 2560 (ordinariis
375 2478 535 2559 loquendo)
557 2481 614 2541 nisi
637 2479 721 2558 pride
732 2479 766 2540 in
784 2479 902 2561 scriptis
913 2481 1014 2544 feccrit
1028 2500 1076 2543 rc-

64 2567 242 2633 missionem.
257 2565 399 2626 Videatur
410 2583 537 2644 praesens
553 2563 653 2626 l’raxis
665 2584 699 2626 a.
712 2565 763 2626 tte.

101 2651 170 2714 186.
196 2650 276 2712 XIV.
296 2650 420 2724 Quando
449 2649 593 2728 praevidet
615 2650 813 2712 monitionem
830 2665 893 2710 non
915 2665 978 2709 ease
1006 2668 1076 2728 pro·

65 2738 193 2798 loturam
205 2779 214 2808 ,
228 2743 258 2794 et
269 2737 415 2812 paenitens
429 2743 473 2794 est
486 2736 517 2795 in
535 2735 613 2795 bona
635 2733 712 2805 lide,
733 2733 816 2794 illam
838 2732 980 2794 omittata
1000 2752 1078 2812 prae·

66 2826 166 2886 sertim
189 2820 308 2902 quando
331 2821 429 2901 agitur
440 2820 478 2880 de
492 2820 629 2881 nullitate
650 2819 834 2881 matrimonii
841 2818 905 2898 jam
922 2821 1074 2882 contracti.

68 2907 238 2990 Excipienda
260 2914 359 2978 temen
377 2913 421 2966 est
437 2905 579 2984 obligatio
595 2905 790 2966 denuntiandi
810 2904 1003 2965 confessarios
1018 2905 1078 2964 sol·

68 2993 208 3056 licitantes
231 2990 264 3051 in
286 2991 408 3055 materie
428 2990 508 3068 turpi
522 3034 531 3064 ,
547 2991 689 3068 quoniam
702 2989 883 3051 muiessariis
901 2987 1013 3049 directi
1034 2999 1078 3050 est

71 3077 233 3155 injunctum
260 3084 439 3154 praeceptum
470 3074 642 3152 imponendi
662 3075 800 3137 omnibus
822 3071 984 3137 sollicitatis
1000 3069 1078 3135 hanc

6 3227 7 3230 Ἴ
70 3161 285 3242 obligationem.
302 3158 373 3222 Vide
385 3160 524 3220 Procius.
536 3177 569 3221 u.
590 3159 619 3222 8.
636 3161 666 3221 9.
686 3169 715 3220 et
733 3161 783 3220 li.

104 3243 171 3306 187.
187 3243 252 3304 XV.
276 3245 388 3318 Curet,
410 3251 445 3304 ut
467 3261 570 3304 omnes
588 3244 621 3305 in
639 3245 820 3307 mulessione
838 3240 957 3304 eliciant
975 3254 1074 3306 actum

72 3328 280 3402 contritionis,
301 3329 359 3390 nisi
384 3327 463 3390 certe
486 3338 646 3407 praesumat
668 3329 861 3408 paenitentem
878 3326 941 3404 jam
962 3328 1020 3390 ritd
1035 3331 1077 3389 ie-

73 3413 140 3474 cisse
161 3434 170 3474 :
193 3431 247 3474 nee
264 3413 381 3474 omittat
397 3411 529 3492 praebere
552 3413 612 3474 illis
625 3414 736 3474 motiva
759 3413 943 3486 attritionis,
962 3424 992 3472 et
1006 3431 1077 3472 con·

74 3498 196 3560 tritionis
210 3515 246 3558 eo
263 3497 374 3570 modo,
391 3515 451 3576 quo
463 3498 670 3560 annotavimus
687 3515 721 3556 aa.
736 3499 785 3558 10.
800 3499 837 3558 Et
855 3497 971 3576 speciali
987 3495 1076 3555 modo

75 3581 222 3657 advertat,
238 3583 262 3642 si
285 3582 431 3660 poenitens
450 3583 565 3643 venerit
587 3579 798 3661 indispositam,
817 3583 913 3642 teneri
934 3579 1076 3640 consessa·
