2475 3975
170 140 209 203 70
455 136 567 199 Primis
579 133 762 218 confessarii.
776 138 848 220 Cap.
859 139 888 201 i.

172 262 232 307 non
245 242 345 319 ultrd,
359 242 411 307 scd
428 241 520 304 coacti
537 241 701 318 accedout3
716 241 766 302 scd
779 240 899 321 quoodo
910 242 982 305 vead
991 244 1058 323 qais
1068 252 1195 309 tantam

170 329 315 409 reciperet
327 327 481 410 gratiami
495 328 557 388 Deo
571 325 668 406 (cujus
678 324 866 387 admirabiles
878 338 948 388 sunt
959 329 1190 411 misericordim)

171 434 235 495 quae
244 416 341 493 ipsum
352 412 449 477 taliter
459 418 607 474 mutatum
617 410 754 471 redderet
763 455 773 485 ,
782 410 862 491 qudd
874 410 944 473 licet
953 410 1048 474 adhuc
1059 415 1189 494 aliquod

169 516 295 579 pravum
310 508 426 561 motum
438 499 584 571 sentiret,
599 514 741 579 magnum
756 506 854 558 umen
872 500 1052 578 concepisset
1071 495 1187 565 borro-

168 602 233 648 rem
252 582 393 645 adversis
411 590 581 659 peecatum,
601 590 633 642 et
654 582 744 641 simul
764 582 934 644 notabiliter
948 583 1134 647 diminutum
1150 589 1187 649 in

168 688 199 731 sc
218 674 407 749 cognosceret
421 668 562 728 ardorem
579 666 841 746 concupiscentie,
855 669 895 728 ita
908 676 943 728 ut
958 666 976 729 i
994 671 1090 747 gratio
1112 690 1187 732 mu-

70 779 78 793 ¹
168 755 248 814 nitus
262 751 345 813 sacili
359 750 423 830 jam
443 752 587 832 inciperet
605 751 817 813 tentationibus
839 752 999 831 obsisterc;
1012 761 1042 813 et
1056 756 1186 835 insuper

167 836 255 899 firmi
267 838 416 899 statuisset
434 838 466 898 in
489 834 641 917 posteraim
649 881 661 913 ,
675 854 736 896 non
755 835 871 897 tantaim
885 839 977 897 vitare
992 846 1131 917 peccata,
1152 850 1186 901 ct

168 922 351 997 occasiones,
362 922 413 985 sed
427 922 516 985 etiam
531 922 626 983 media
640 922 853 1001 opportuniora
864 924 1009 1001 suscipere
1024 924 1062 984 ad
1073 924 1184 986 viven-

166 1004 240 1068 dum
261 1016 296 1068 ut
315 1009 496 1071 sacerdotem
511 1008 612 1079 decet,
627 1015 657 1068 et
673 1006 736 1085 jam
754 1008 842 1093 simul
861 1009 1026 1087 ineoepisset
1037 1007 1077 1069 ad
1094 1028 1185 1072 suam

166 1092 390 1155 conversionem
410 1092 643 1155 confirmandam
658 1092 804 1151 instanter
825 1110 925 1172 preces
950 1091 1104 1155 ellandere
1124 1114 1184 1173 pro

166 1192 219 1237 sua
234 1179 472 1255 perseverantia,
487 1194 557 1237 cum
575 1193 681 1253 magna
703 1184 733 1237 et
744 1176 795 1237 tali
815 1178 846 1238 in
862 1180 956 1237 Deum
969 1177 1078 1240 fiducia
1092 1199 1184 1258 ,qum

166 1277 235 1320 eum
250 1260 387 1321 redderet
407 1261 561 1322 moraliter
582 1278 720 1321 securum
746 1263 784 1322 de
801 1262 927 1340 quadam
952 1279 1057 1341 magna
1079 1276 1186 1324 muta·

167 1346 248 1406 tione
267 1346 403 1423 vitae3eo
423 1364 491 1409 casu
512 1344 589 1407 bend
607 1355 705 1424 posset
717 1346 988 1408 confessariuseum
1007 1348 1180 1427 absolvere,

166 1429 219 1489 etsi
242 1430 305 1509 ipse
331 1432 420 1493 vellet
443 1432 542 1492 statim
568 1437 636 1510 post
657 1430 870 1491 contessionem
896 1431 1033 1496 ordinem
1058 1451 1183 1495 sacrum

165 1514 323 1593 suscipere.
348 1518 486 1580 Attamen
506 1514 574 1577 licdt
593 1515 689 1575 adbuc
707 1516 739 1577 in
740 1514 927 1593 ,hujusmodi
944 1534 1010 1577 casn
1030 1519 1183 1595 poenitens

164 1616 300 1679 maguam
315 1598 452 1662 habuerit
470 1594 726 1678 compunctionem
738 1645 747 1674 ,
761 1602 952 1662 conlcssarius
962 1600 1110 1679 quantiam
1126 1622 1184 1682 po·

165 1694 222 1745 test
244 1683 385 1745 adhibere
408 1702 440 1745 sc
463 1678 570 1757 debet,
596 1693 631 1744 ut
655 1685 741 1745 illum
769 1686 891 1747 inducat
916 1686 954 1747 ad
976 1685 1181 1749 differendam

166 1769 383 1848 susceptionem
406 1768 549 1841 Ordinis,
566 1768 602 1829 ad
616 1766 693 1844 boc,
717 1779 751 1830 ut
767 1768 872 1831 melitis
884 1769 901 1831 ia
914 1788 1005 1849 pravo
1020 1770 1128 1833 habitu
1148 1793 1181 1833 se

165 1863 271 1935 purget
279 1900 288 1930 ,
305 1863 335 1917 et
347 1852 454 1917 meliis
469 1864 610 1933 concepta
625 1857 773 1939 proposita
784 1863 956 1937 exequatur.
969 1855 1033 1917 lmd
1043 1856 1083 1917 ad
1095 1856 1181 1919 hunc

164 1938 319 2018 ellectum,
339 1939 364 2002 si
387 1940 438 2003 ille
462 1940 539 2002 nolit
560 1936 681 2001 dilicrre
705 1940 942 2020 susceptionem,
963 1948 1061 2020 potest
1083 1944 1180 2006 ctiam

164 2026 359 2087 confessarius
378 2033 519 2104 tanquam
535 2025 689 2098 medicus,
705 2025 901 2104 ad'majorem
913 2025 977 2104 ejus
989 2025 1178 2105 proiectum,

115 2178 118 2184 ¹
162 2110 282 2173 differre
294 2109 351 2190 ipsi
364 2110 597 2182 absolutionem,
614 2119 649 2170 ut
661 2111 821 2172 initiandus
832 2112 944 2173 ordinis
956 2111 1179 2189 susceptionem

162 2197 290 2260 differat.
304 2198 365 2260 lloc
377 2205 476 2258 tamen
493 2195 718 2278 intelligendum
728 2241 736 2270 ,
747 2195 837 2259 modd
850 2215 886 2257 ex
900 2197 949 2257 tali
960 2195 1101 2257 dilatione
1112 2217 1178 2259 non

163 2283 266 2344 subeat
280 2283 330 2342 ille
347 2283 514 2360 periculum
534 2281 657 2360 alicujus
676 2283 823 2356 infamiae,
837 2290 887 2341 aut
900 2289 996 2360 notae3
1008 2288 1081 2343 tunc
1091 2283 1178 2344 enim

110 2417 116 2428 .
163 2369 264 2443 (prout
286 2371 421 2424 notatum
435 2375 479 2426 est
492 2385 577 2434 pum.
592 2366 654 2445 tt.)
666 2367 811 2443 poenitens
831 2365 919 2427 babet
934 2365 984 2443 jus
995 2365 1004 2438 ,
1017 2373 1053 2425 ut
1071 2369 1178 2428 statim

162 2450 340 2509 absolvatur.
357 2447 504 2510 Caeterbm
522 2450 687 2510 confessarii
706 2450 816 2512 debent
831 2469 894 2515 esse
911 2449 1060 2523 difficiles,
1075 2468 1176 2528 quan·

162 2530 312 2606 tdmlieri
332 2541 428 2609 potest
441 2577 450 2604 ,
464 2533 496 2594 in
513 2532 698 2595 absolvendis
716 2535 887 2614 hujusmodi
908 2532 1096 2608 ordinandis,
1118 2536 1174 2613 qui

161 2615 350 2697 postmodum
365 2617 514 2680 ordinarie
524 2619 642 2700 pessimi
657 2621 800 2697 evadunt,
810 2631 840 2681 ct
852 2619 894 2680 sic
905 2619 1021 2698 populis
1033 2625 1063 2678 at
1077 2619 1173 2680 nocta

160 2704 210 2764 siae
226 2703 387 2782 perniciem
400 2715 543 2785 'magnam
557 2704 686 2767 afferunt
697 2703 785 2790 (Vide
797 2703 849 2767 tit.
864 2707 894 2766 6.
908 2723 940 2764 o.
954 2703 1029 2784 69.)-

517 2860 732 2922 captantum
753 2860 804 2923 Vl.

161 3020 310 3106 Quomodo
321 3039 351 3083 se
365 3036 464 3103 perere
480 3017 581 3081 debeat
595 3017 793 3100 confessarios
812 3039 879 3082 cum
889 3019 1098 3102 poenitentibus
1111 3021 1171 3101 qui

197 3113 411 3166 corauoucrcant
431 3103 567 3184 aliquam
587 3114 760 3174 occasuram,
777 3115 833 3166 aut
849 3123 952 3166 casum
965 3112 1164 3178 resumebam,

195 3186 240 3245 oel
251 3187 454 3268 catapotionem
467 3184 678 3266 maeoticam,
693 3186 740 3250 oct
747 3188 989 3279 impedimentum
998 3187 1162 3263 dedamus,

195 3279 249 3330 out
262 3271 422 3352 impediens
437 3273 634 3339 matrimonii.

194 3449 242 3510 80.
262 3389 329 3512 Er
346 3451 370 3508 l.
386 3455 465 3526 quod
479 3457 605 3532 pertinet
619 3457 657 3518 ad
673 3475 825 3538 censuras,
840 3460 865 3520 si
878 3461 945 3539 qais
958 3460 1075 3523 accedat
1091 3462 1162 3522 irre

156 3531 409 3605 dimicensem,
430 3546 480 3595 aut
496 3555 563 3599 casu
583 3553 750 3615 reservato,
771 3561 862 3623 super
887 3564 947 3625 quo
964 3547 1160 3608 confessarius
