<?xml version="1.0" encoding="UTF-8"?>
<!DOCTYPE html PUBLIC "-//W3C//DTD XHTML 1.0 Transitional//EN"
    "http://www.w3.org/TR/xhtml1/DTD/xhtml1-transitional.dtd">
<html xmlns="http://www.w3.org/1999/xhtml" xml:lang="en" lang="en">
 <head>
  <title>
</title>
<meta http-equiv="Content-Type" content="text/html;charset=utf-8" />
  <meta name='ocr-system' content='tesseract 3.04.00' />
  <meta name='ocr-capabilities' content='ocr_page ocr_carea ocr_par ocr_line ocrx_word'/>
</head>
<body>
  <div class='ocr_page' id='page_1' title='image "./theologiamorali04heilgoog_0339.png"; bbox 0 0 2475 3975; ppageno 0'>
   <div class='ocr_carea' id='block_1_1' title="bbox 364 157 1093 241">
    <p class='ocr_par' dir='ltr' id='par_1_1' title="bbox 364 157 1093 241">
     <span class='ocr_line' id='line_1_1' title="bbox 364 157 1093 241; baseline 0.004 -20"><span class='ocrx_word' id='word_1_1' title='bbox 364 161 415 221; x_wconf 83' lang='lat' dir='ltr'><strong>Ec</strong></span> <span class='ocrx_word' id='word_1_2' title='bbox 424 157 558 241; x_wconf 77' lang='lat' dir='ltr'><strong>operibus</strong></span> <span class='ocrx_word' id='word_1_3' title='bbox 570 157 720 220; x_wconf 75' lang='lat' dir='ltr'><strong>Benedicti</strong></span> <span class='ocrx_word' id='word_1_4' title='bbox 726 160 816 223; x_wconf 82' lang='lat' dir='ltr'><strong>XIV</strong></span> <span class='ocrx_word' id='word_1_5' title='bbox 1035 162 1093 224; x_wconf 71' lang='lat'><strong>513</strong></span> 
     </span>
    </p>
   </div>
   <div class='ocr_carea' id='block_1_2' title="bbox 80 225 1099 3540">
    <p class='ocr_par' dir='ltr' id='par_1_2' title="bbox 84 225 1093 426">
     <span class='ocr_line' id='line_1_2' title="bbox 84 225 1093 341; baseline 0.002 -20"><span class='ocrx_word' id='word_1_6' title='bbox 84 277 144 322; x_wconf 89' lang='lat' dir='ltr'><strong>non</strong></span> <span class='ocrx_word' id='word_1_7' title='bbox 170 225 209 322; x_wconf 90' lang='lat' dir='ltr'><strong>sit</strong></span> <span class='ocrx_word' id='word_1_8' title='bbox 232 261 353 322; x_wconf 88' lang='lat' dir='ltr'><strong>iuturus</strong></span> <span class='ocrx_word' id='word_1_9' title='bbox 378 260 514 338; x_wconf 86' lang='lat' dir='ltr'><strong>Episcopi</strong></span> <span class='ocrx_word' id='word_1_10' title='bbox 538 279 688 332; x_wconf 81' lang='lat' dir='ltr'><strong>accessus,</strong></span> <span class='ocrx_word' id='word_1_11' title='bbox 716 269 773 322; x_wconf 91' lang='lat' dir='ltr'><strong>etc.</strong></span> <span class='ocrx_word' id='word_1_12' title='bbox 798 263 841 322; x_wconf 85' lang='lat' dir='ltr'><strong>lta</strong></span> <span class='ocrx_word' id='word_1_13' title='bbox 874 261 907 322; x_wconf 92' lang='lat' dir='ltr'><strong>in</strong></span> <span class='ocrx_word' id='word_1_14' title='bbox 932 261 1013 324; x_wconf 88' lang='lat' dir='ltr'><strong>bulla</strong></span> <span class='ocrx_word' id='word_1_15' title='bbox 1037 280 1093 341; x_wconf 87' lang='lat' dir='ltr'><strong>pro</strong></span> 
     </span>
     <span class='ocr_line' id='line_1_3' title="bbox 85 342 1092 426; baseline 0 -20"><span class='ocrx_word' id='word_1_16' title='bbox 85 342 460 421; x_wconf 69' lang='lat' dir='ltr'><strong>Cophtisilccocertecte‚</strong></span> <span class='ocrx_word' id='word_1_17' title='bbox 473 345 553 406; x_wconf 92' lang='lat' dir='ltr'><strong>etde</strong></span> <span class='ocrx_word' id='word_1_18' title='bbox 567 345 678 424; x_wconf 81' lang='lat' dir='ltr'><strong>Synod.</strong></span> <span class='ocrx_word' id='word_1_19' title='bbox 693 345 820 406; x_wconf 44' lang='lat' dir='ltr'><strong>Dioecml</strong></span> <span class='ocrx_word' id='word_1_20' title='bbox 834 347 1092 426; x_wconf 61' lang='grc'><strong>11111111.</strong></span> 
     </span>
    </p>

    <p class='ocr_par' dir='ltr' id='par_1_3' title="bbox 80 428 1099 1696">
     <span class='ocr_line' id='line_1_4' title="bbox 122 428 1095 509; baseline 0.002 -21"><span class='ocrx_word' id='word_1_21' title='bbox 122 428 360 490; x_wconf 79' lang='lat' dir='ltr'><strong>confirmationis</strong></span> <span class='ocrx_word' id='word_1_22' title='bbox 386 430 523 490; x_wconf 79' lang='lat' dir='ltr'><strong>minister</strong></span> <span class='ocrx_word' id='word_1_23' title='bbox 545 431 712 490; x_wconf 88' lang='lat' dir='ltr'><strong>ordinarius</strong></span> <span class='ocrx_word' id='word_1_24' title='bbox 732 439 777 491; x_wconf 87' lang='lat' dir='ltr'><strong>est</strong></span> <span class='ocrx_word' id='word_1_25' title='bbox 790 432 974 509; x_wconf 84' lang='lat' dir='ltr'><strong>Episcopus,</strong></span> <span class='ocrx_word' id='word_1_26' title='bbox 998 437 1095 490; x_wconf 83' lang='lat' dir='ltr'><strong>extra·</strong></span> 
     </span>
     <span class='ocr_line' id='line_1_5' title="bbox 83 511 1095 593; baseline 0.003 -20"><span class='ocrx_word' id='word_1_27' title='bbox 83 511 250 574; x_wconf 86' lang='lat' dir='ltr'><strong>ordinarius</strong></span> <span class='ocrx_word' id='word_1_28' title='bbox 273 513 346 576; x_wconf 84' lang='lat' dir='ltr'><strong>verb</strong></span> <span class='ocrx_word' id='word_1_29' title='bbox 368 513 406 574; x_wconf 90' lang='lat' dir='ltr'><strong>dc</strong></span> <span class='ocrx_word' id='word_1_30' title='bbox 427 514 576 590; x_wconf 85' lang='lat' dir='ltr'><strong>Pontificis</strong></span> <span class='ocrx_word' id='word_1_31' title='bbox 596 513 736 575; x_wconf 90' lang='lat' dir='ltr'><strong>mandato</strong></span> <span class='ocrx_word' id='word_1_32' title='bbox 748 514 881 577; x_wconf 87' lang='lat' dir='ltr'><strong>sacerdos</strong></span> <span class='ocrx_word' id='word_1_33' title='bbox 889 515 1015 593; x_wconf 84' lang='lat' dir='ltr'><strong>quilibet</strong></span> <span class='ocrx_word' id='word_1_34' title='bbox 1032 531 1095 576; x_wconf 87' lang='lat' dir='ltr'><strong>esse</strong></span> 
     </span>
     <span class='ocr_line' id='line_1_6' title="bbox 81 596 1096 680; baseline 0.003 -23"><span class='ocrx_word' id='word_1_35' title='bbox 81 605 201 677; x_wconf 87' lang='lat' dir='ltr'><strong>potest,</strong></span> <span class='ocrx_word' id='word_1_36' title='bbox 221 598 301 676; x_wconf 85' lang='lat' dir='ltr'><strong>quod</strong></span> <span class='ocrx_word' id='word_1_37' title='bbox 316 596 405 658; x_wconf 91' lang='lat' dir='ltr'><strong>bodie</strong></span> <span class='ocrx_word' id='word_1_38' title='bbox 422 609 535 660; x_wconf 89' lang='lat' dir='ltr'><strong>certum</strong></span> <span class='ocrx_word' id='word_1_39' title='bbox 559 607 622 671; x_wconf 82' lang='lat' dir='ltr'><strong>est,</strong></span> <span class='ocrx_word' id='word_1_40' title='bbox 640 600 709 662; x_wconf 78' lang='lat' dir='ltr'><strong>licet</strong></span> <span class='ocrx_word' id='word_1_41' title='bbox 727 601 799 660; x_wconf 89' lang='lat' dir='ltr'><strong>olim</strong></span> <span class='ocrx_word' id='word_1_42' title='bbox 817 599 953 661; x_wconf 88' lang='lat' dir='ltr'><strong>doctores</strong></span> <span class='ocrx_word' id='word_1_43' title='bbox 973 599 1096 680; x_wconf 87' lang='lat' dir='ltr'><strong>quidam</strong></span> 
     </span>
     <span class='ocr_line' id='line_1_7' title="bbox 83 682 1095 764; baseline 0.003 -23"><span class='ocrx_word' id='word_1_44' title='bbox 83 682 296 744; x_wconf 79' lang='lat' dir='ltr'><strong>dubitaverint.</strong></span> <span class='ocrx_word' id='word_1_45' title='bbox 319 685 363 762; x_wconf 86' lang='lat' dir='ltr'><strong>De</strong></span> <span class='ocrx_word' id='word_1_46' title='bbox 385 687 458 764; x_wconf 86' lang='lat' dir='ltr'><strong>Syn.</strong></span> <span class='ocrx_word' id='word_1_47' title='bbox 482 686 574 746; x_wconf 83' lang='lat' dir='ltr'><strong>Diaec.</strong></span> <span class='ocrx_word' id='word_1_48' title='bbox 601 685 720 746; x_wconf 85' lang='grc'><strong>1.7.1.</strong></span> <span class='ocrx_word' id='word_1_49' title='bbox 745 687 775 746; x_wconf 94' lang='grc'><strong>7.</strong></span> <span class='ocrx_word' id='word_1_50' title='bbox 791 703 845 764; x_wconf 91' lang='lat' dir='ltr'><strong>per</strong></span> <span class='ocrx_word' id='word_1_51' title='bbox 863 695 970 746; x_wconf 89' lang='lat' dir='ltr'><strong>totum.</strong></span> <span class='ocrx_word' id='word_1_52' title='bbox 996 686 1095 746; x_wconf 85' lang='lat' dir='ltr'><strong>Utitur</strong></span> 
     </span>
     <span class='ocr_line' id='line_1_8' title="bbox 80 767 1093 849; baseline 0 -20"><span class='ocrx_word' id='word_1_53' title='bbox 80 776 182 829; x_wconf 84' lang='lat' dir='ltr'><strong>tamen</strong></span> <span class='ocrx_word' id='word_1_54' title='bbox 205 767 329 846; x_wconf 84' lang='lat' dir='ltr'><strong>simplex</strong></span> <span class='ocrx_word' id='word_1_55' title='bbox 345 769 477 828; x_wconf 90' lang='lat' dir='ltr'><strong>sacerdos</strong></span> <span class='ocrx_word' id='word_1_56' title='bbox 499 767 659 831; x_wconf 87' lang='lat' dir='ltr'><strong>chrismate</strong></span> <span class='ocrx_word' id='word_1_57' title='bbox 683 770 721 829; x_wconf 93' lang='lat' dir='ltr'><strong>ab</strong></span> <span class='ocrx_word' id='word_1_58' title='bbox 745 771 889 849; x_wconf 86' lang='lat' dir='ltr'><strong>Episcopo</strong></span> <span class='ocrx_word' id='word_1_59' title='bbox 915 771 1093 845; x_wconf 88' lang='lat' dir='ltr'><strong>benedicto,</strong></span> 
     </span>
     <span class='ocr_line' id='line_1_9' title="bbox 80 852 1094 932; baseline 0 -20"><span class='ocrx_word' id='word_1_60' title='bbox 80 869 261 932; x_wconf 84' lang='lat' dir='ltr'><strong>quamquam</strong></span> <span class='ocrx_word' id='word_1_61' title='bbox 275 852 434 931; x_wconf 89' lang='lat' dir='ltr'><strong>probabilis</strong></span> <span class='ocrx_word' id='word_1_62' title='bbox 442 861 486 912; x_wconf 79' lang='lat' dir='ltr'><strong>est</strong></span> <span class='ocrx_word' id='word_1_63' title='bbox 503 871 607 914; x_wconf 87' lang='lat' dir='ltr'><strong>eorum</strong></span> <span class='ocrx_word' id='word_1_64' title='bbox 622 854 805 932; x_wconf 86' lang='lat' dir='ltr'><strong>opinio‚qui</strong></span> <span class='ocrx_word' id='word_1_65' title='bbox 826 863 949 925; x_wconf 85' lang='lat' dir='ltr'><strong>tenent,</strong></span> <span class='ocrx_word' id='word_1_66' title='bbox 967 854 1094 914; x_wconf 77' lang='lat' dir='ltr'><strong>chrisma</strong></span> 
     </span>
     <span class='ocr_line' id='line_1_10' title="bbox 80 936 1099 1015; baseline 0.001 -17"><span class='ocrx_word' id='word_1_67' title='bbox 80 936 158 998; x_wconf 91' lang='lat' dir='ltr'><strong>illud</strong></span> <span class='ocrx_word' id='word_1_68' title='bbox 184 955 221 998; x_wconf 84' lang='lat' dir='ltr'><strong>ex</strong></span> <span class='ocrx_word' id='word_1_69' title='bbox 242 939 448 999; x_wconf 83' lang='lat' dir='ltr'><strong>commissione</strong></span> <span class='ocrx_word' id='word_1_70' title='bbox 468 937 583 998; x_wconf 86' lang='lat' dir='ltr'><strong>Summi</strong></span> <span class='ocrx_word' id='word_1_71' title='bbox 605 937 756 998; x_wconf 87' lang='lat' dir='ltr'><strong>Pontificis</strong></span> <span class='ocrx_word' id='word_1_72' title='bbox 780 937 911 998; x_wconf 87' lang='lat' dir='ltr'><strong>benedici</strong></span> <span class='ocrx_word' id='word_1_73' title='bbox 930 937 948 997; x_wconf 86' lang='lat' dir='ltr'><strong>h</strong></span> <span class='ocrx_word' id='word_1_74' title='bbox 967 937 1099 1015; x_wconf 84' lang='lat' dir='ltr'><strong>simplici</strong></span> 
     </span>
     <span class='ocr_line' id='line_1_11' title="bbox 80 1021 1093 1101; baseline -0.003 -17"><span class='ocrx_word' id='word_1_75' title='bbox 80 1021 255 1101; x_wconf 83' lang='lat' dir='ltr'><strong>presbytero</strong></span> <span class='ocrx_word' id='word_1_76' title='bbox 274 1040 359 1101; x_wconf 91' lang='lat' dir='ltr'><strong>posse</strong></span> <span class='ocrx_word' id='word_1_77' title='bbox 372 1067 380 1095; x_wconf 87' lang='lat'><strong>‚</strong></span> <span class='ocrx_word' id='word_1_78' title='bbox 394 1041 448 1083; x_wconf 90' lang='lat' dir='ltr'><strong>uec</strong></span> <span class='ocrx_word' id='word_1_79' title='bbox 467 1021 595 1094; x_wconf 88' lang='lat' dir='ltr'><strong>desunt,</strong></span> <span class='ocrx_word' id='word_1_80' title='bbox 617 1040 685 1082; x_wconf 87' lang='lat' dir='ltr'><strong>rara</strong></span> <span class='ocrx_word' id='word_1_81' title='bbox 697 1021 838 1100; x_wconf 82' lang='lat' dir='ltr'><strong>quidem,</strong></span> <span class='ocrx_word' id='word_1_82' title='bbox 857 1023 1002 1100; x_wconf 81' lang='lat' dir='ltr'><strong>exempla.</strong></span> <span class='ocrx_word' id='word_1_83' title='bbox 1016 1021 1093 1081; x_wconf 88' lang='lat' dir='ltr'><strong>ibid.</strong></span> 
     </span>
     <span class='ocr_line' id='line_1_12' title="bbox 81 1105 1097 1186; baseline -0.001 -18"><span class='ocrx_word' id='word_1_84' title='bbox 81 1124 110 1168; x_wconf 90' lang='lat' dir='ltr'><strong>c.</strong></span> <span class='ocrx_word' id='word_1_85' title='bbox 121 1107 152 1167; x_wconf 90' lang='grc'><strong>8.</strong></span> <span class='ocrx_word' id='word_1_86' title='bbox 165 1125 219 1186; x_wconf 90' lang='lat' dir='ltr'><strong>pcr</strong></span> <span class='ocrx_word' id='word_1_87' title='bbox 229 1116 337 1170; x_wconf 89' lang='lat' dir='ltr'><strong>totum.</strong></span> <span class='ocrx_word' id='word_1_88' title='bbox 352 1105 498 1168; x_wconf 83' lang='lat' dir='ltr'><strong>Caeterdm</strong></span> <span class='ocrx_word' id='word_1_89' title='bbox 518 1106 681 1168; x_wconf 88' lang='lat' dir='ltr'><strong>tenendum</strong></span> <span class='ocrx_word' id='word_1_90' title='bbox 697 1116 759 1180; x_wconf 86' lang='lat' dir='ltr'><strong>cst,</strong></span> <span class='ocrx_word' id='word_1_91' title='bbox 777 1107 892 1167; x_wconf 88' lang='lat' dir='ltr'><strong>irritam</strong></span> <span class='ocrx_word' id='word_1_92' title='bbox 905 1108 969 1166; x_wconf 85' lang='lat' dir='ltr'><strong>lore</strong></span> <span class='ocrx_word' id='word_1_93' title='bbox 987 1106 1097 1167; x_wconf 82' lang='lat' dir='ltr'><strong>contir-</strong></span> 
     </span>
     <span class='ocr_line' id='line_1_13' title="bbox 81 1191 1097 1272; baseline 0 -20"><span class='ocrx_word' id='word_1_94' title='bbox 81 1193 244 1254; x_wconf 89' lang='lat' dir='ltr'><strong>mationem</strong></span> <span class='ocrx_word' id='word_1_95' title='bbox 259 1191 276 1252; x_wconf 80' lang='lat' dir='ltr'><strong>i</strong></span> <span class='ocrx_word' id='word_1_96' title='bbox 294 1193 420 1270; x_wconf 86' lang='lat' dir='ltr'><strong>simplici</strong></span> <span class='ocrx_word' id='word_1_97' title='bbox 441 1191 614 1272; x_wconf 88' lang='lat' dir='ltr'><strong>presbytero</strong></span> <span class='ocrx_word' id='word_1_98' title='bbox 631 1193 725 1252; x_wconf 87' lang='lat' dir='ltr'><strong>latino</strong></span> <span class='ocrx_word' id='word_1_99' title='bbox 748 1209 784 1252; x_wconf 87' lang='lat' dir='ltr'><strong>ex</strong></span> <span class='ocrx_word' id='word_1_100' title='bbox 802 1191 865 1251; x_wconf 84' lang='lat' dir='ltr'><strong>soll</strong></span> <span class='ocrx_word' id='word_1_101' title='bbox 889 1191 1024 1271; x_wconf 82' lang='lat' dir='ltr'><strong>Episcopi</strong></span> <span class='ocrx_word' id='word_1_102' title='bbox 1044 1191 1097 1252; x_wconf 89' lang='lat' dir='ltr'><strong>de·</strong></span> 
     </span>
     <span class='ocr_line' id='line_1_14' title="bbox 81 1275 1098 1356; baseline -0.001 -18"><span class='ocrx_word' id='word_1_103' title='bbox 81 1275 229 1356; x_wconf 80' lang='lat' dir='ltr'><strong>legatione</strong></span> <span class='ocrx_word' id='word_1_104' title='bbox 245 1277 402 1352; x_wconf 82' lang='lat' dir='ltr'><strong>collatom3</strong></span> <span class='ocrx_word' id='word_1_105' title='bbox 425 1293 494 1337; x_wconf 89' lang='lat' dir='ltr'><strong>nam</strong></span> <span class='ocrx_word' id='word_1_106' title='bbox 518 1278 668 1337; x_wconf 83' lang='lat' dir='ltr'><strong>Romanus</strong></span> <span class='ocrx_word' id='word_1_107' title='bbox 682 1277 818 1337; x_wconf 85' lang='lat' dir='ltr'><strong>Pontilex</strong></span> <span class='ocrx_word' id='word_1_108' title='bbox 834 1294 871 1336; x_wconf 81' lang='lat' dir='ltr'><strong>ex</strong></span> <span class='ocrx_word' id='word_1_109' title='bbox 885 1275 1098 1337; x_wconf 86' lang='lat' dir='ltr'><strong>consuetudine</strong></span> 
     </span>
     <span class='ocr_line' id='line_1_15' title="bbox 80 1358 1097 1439; baseline -0.001 -17"><span class='ocrx_word' id='word_1_110' title='bbox 80 1361 115 1422; x_wconf 89' lang='lat' dir='ltr'><strong>in</strong></span> <span class='ocrx_word' id='word_1_111' title='bbox 134 1361 197 1422; x_wconf 77' lang='lat' dir='ltr'><strong>toti</strong></span> <span class='ocrx_word' id='word_1_112' title='bbox 219 1361 344 1422; x_wconf 78' lang='lat' dir='ltr'><strong>Ecclesid</strong></span> <span class='ocrx_word' id='word_1_113' title='bbox 364 1360 466 1421; x_wconf 77' lang='lat' dir='ltr'><strong>Latini</strong></span> <span class='ocrx_word' id='word_1_114' title='bbox 489 1359 604 1438; x_wconf 86' lang='lat' dir='ltr'><strong>jamdiu</strong></span> <span class='ocrx_word' id='word_1_115' title='bbox 625 1361 743 1439; x_wconf 74' lang='lat' dir='ltr'><strong>recepti</strong></span> <span class='ocrx_word' id='word_1_116' title='bbox 763 1359 850 1422; x_wconf 75' lang='lat' dir='ltr'><strong>tacite</strong></span> <span class='ocrx_word' id='word_1_117' title='bbox 871 1359 928 1421; x_wconf 91' lang='lat' dir='ltr'><strong>sibi</strong></span> <span class='ocrx_word' id='word_1_118' title='bbox 955 1358 1031 1422; x_wconf 90' lang='lat' dir='ltr'><strong>hanc</strong></span> <span class='ocrx_word' id='word_1_119' title='bbox 1054 1362 1097 1421; x_wconf 88' lang='lat' dir='ltr'><strong>lu-</strong></span> 
     </span>
     <span class='ocr_line' id='line_1_16' title="bbox 82 1444 1096 1518; baseline 0.004 -14"><span class='ocrx_word' id='word_1_120' title='bbox 82 1444 224 1506; x_wconf 89' lang='lat' dir='ltr'><strong>cultatem</strong></span> <span class='ocrx_word' id='word_1_121' title='bbox 254 1462 419 1506; x_wconf 77' lang='lat' dir='ltr'><strong>reservasse</strong></span> <span class='ocrx_word' id='word_1_122' title='bbox 441 1445 604 1505; x_wconf 90' lang='lat' dir='ltr'><strong>censendus</strong></span> <span class='ocrx_word' id='word_1_123' title='bbox 629 1453 683 1506; x_wconf 86' lang='lat' dir='ltr'><strong>est.</strong></span> <span class='ocrx_word' id='word_1_124' title='bbox 711 1446 780 1509; x_wconf 85' lang='lat' dir='ltr'><strong>llaee</strong></span> <span class='ocrx_word' id='word_1_125' title='bbox 800 1447 889 1506; x_wconf 85' lang='lat' dir='ltr'><strong>etiam</strong></span> <span class='ocrx_word' id='word_1_126' title='bbox 914 1445 1096 1518; x_wconf 79' lang='lat' dir='ltr'><strong>reservatio,</strong></span> 
     </span>
     <span class='ocr_line' id='line_1_17' title="bbox 81 1526 1098 1612; baseline 0.001 -22"><span class='ocrx_word' id='word_1_127' title='bbox 81 1537 188 1612; x_wconf 82' lang='lat' dir='ltr'><strong>utpote</strong></span> <span class='ocrx_word' id='word_1_128' title='bbox 196 1526 434 1610; x_wconf 89' lang='lat' dir='ltr'><strong>jurisdictionem</strong></span> <span class='ocrx_word' id='word_1_129' title='bbox 462 1531 662 1608; x_wconf 78' lang='lat' dir='ltr'><strong>restringens,</strong></span> <span class='ocrx_word' id='word_1_130' title='bbox 681 1531 761 1592; x_wconf 85' lang='lat' dir='ltr'><strong>valet</strong></span> <span class='ocrx_word' id='word_1_131' title='bbox 784 1531 887 1610; x_wconf 88' lang='lat' dir='ltr'><strong>utique</strong></span> <span class='ocrx_word' id='word_1_132' title='bbox 904 1531 941 1590; x_wconf 93' lang='lat' dir='ltr'><strong>ad</strong></span> <span class='ocrx_word' id='word_1_133' title='bbox 959 1529 1017 1591; x_wconf 89' lang='lat' dir='ltr'><strong>boc</strong></span> <span class='ocrx_word' id='word_1_134' title='bbox 1028 1575 1039 1609; x_wconf 89' lang='lat'><strong><em>,</em></strong></span> <span class='ocrx_word' id='word_1_135' title='bbox 1062 1537 1098 1591; x_wconf 91' lang='lat' dir='ltr'><strong>ut</strong></span> 
     </span>
     <span class='ocr_line' id='line_1_18' title="bbox 84 1613 1095 1696; baseline 0.003 -21"><span class='ocrx_word' id='word_1_136' title='bbox 84 1613 245 1696; x_wconf 84' lang='lat' dir='ltr'><strong>Episcopus</strong></span> <span class='ocrx_word' id='word_1_137' title='bbox 255 1617 464 1694; x_wconf 89' lang='lat' dir='ltr'><strong>jurisdictione</strong></span> <span class='ocrx_word' id='word_1_138' title='bbox 476 1617 513 1676; x_wconf 90' lang='lat' dir='ltr'><strong>ad</strong></span> <span class='ocrx_word' id='word_1_139' title='bbox 532 1615 729 1696; x_wconf 78' lang='lat' dir='ltr'><strong>delegandum</strong></span> <span class='ocrx_word' id='word_1_140' title='bbox 743 1626 852 1678; x_wconf 85' lang='lat' dir='ltr'><strong>careat.</strong></span> <span class='ocrx_word' id='word_1_141' title='bbox 867 1616 912 1676; x_wconf 86' lang='lat' dir='ltr'><strong>lb.</strong></span> <span class='ocrx_word' id='word_1_142' title='bbox 929 1635 956 1678; x_wconf 84' lang='lat' dir='ltr'><strong>c.</strong></span> <span class='ocrx_word' id='word_1_143' title='bbox 971 1618 1002 1678; x_wconf 90' lang='lat'><strong>8.</strong></span> <span class='ocrx_word' id='word_1_144' title='bbox 1015 1635 1047 1677; x_wconf 92' lang='lat' dir='ltr'><strong>u.</strong></span> <span class='ocrx_word' id='word_1_145' title='bbox 1063 1617 1095 1678; x_wconf 92' lang='grc'><strong>7.</strong></span> 
     </span>
    </p>

    <p class='ocr_par' dir='ltr' id='par_1_4' title="bbox 82 1700 1099 2355">
     <span class='ocr_line' id='line_1_19' title="bbox 122 1700 1097 1777; baseline -0.002 -15"><span class='ocrx_word' id='word_1_146' title='bbox 122 1701 361 1764; x_wconf 83' lang='lat' dir='ltr'><strong>Confirmatiouis</strong></span> <span class='ocrx_word' id='word_1_147' title='bbox 371 1710 586 1762; x_wconf 88' lang='lat' dir='ltr'><strong>sacramentum</strong></span> <span class='ocrx_word' id='word_1_148' title='bbox 602 1720 670 1762; x_wconf 90' lang='lat' dir='ltr'><strong>cum</strong></span> <span class='ocrx_word' id='word_1_149' title='bbox 683 1703 769 1777; x_wconf 88' lang='lat' dir='ltr'><strong>oleo,</strong></span> <span class='ocrx_word' id='word_1_150' title='bbox 788 1711 817 1763; x_wconf 91' lang='lat' dir='ltr'><strong>et</strong></span> <span class='ocrx_word' id='word_1_151' title='bbox 836 1700 994 1762; x_wconf 86' lang='lat' dir='ltr'><strong>chrismate</strong></span> <span class='ocrx_word' id='word_1_152' title='bbox 1006 1702 1097 1761; x_wconf 87' lang='lat' dir='ltr'><strong>etiam</strong></span> 
     </span>
     <span class='ocr_line' id='line_1_20' title="bbox 82 1784 1097 1862; baseline -0.001 -18"><span class='ocrx_word' id='word_1_153' title='bbox 82 1787 176 1847; x_wconf 89' lang='lat' dir='ltr'><strong>veteri</strong></span> <span class='ocrx_word' id='word_1_154' title='bbox 194 1788 240 1858; x_wconf 86' lang='lat' dir='ltr'><strong>‚si</strong></span> <span class='ocrx_word' id='word_1_155' title='bbox 254 1805 366 1847; x_wconf 90' lang='lat' dir='ltr'><strong>novum</strong></span> <span class='ocrx_word' id='word_1_156' title='bbox 384 1785 487 1846; x_wconf 83' lang='lat' dir='ltr'><strong>haberi</strong></span> <span class='ocrx_word' id='word_1_157' title='bbox 505 1802 566 1845; x_wconf 91' lang='lat' dir='ltr'><strong>non</strong></span> <span class='ocrx_word' id='word_1_158' title='bbox 585 1786 698 1862; x_wconf 83' lang='lat' dir='ltr'><strong>possit,</strong></span> <span class='ocrx_word' id='word_1_159' title='bbox 720 1785 771 1844; x_wconf 89' lang='lat' dir='ltr'><strong>sed</strong></span> <span class='ocrx_word' id='word_1_160' title='bbox 795 1795 897 1844; x_wconf 88' lang='lat' dir='ltr'><strong>tamen</strong></span> <span class='ocrx_word' id='word_1_161' title='bbox 918 1785 935 1844; x_wconf 81' lang='lat' dir='ltr'><strong>h</strong></span> <span class='ocrx_word' id='word_1_162' title='bbox 955 1784 1097 1846; x_wconf 89' lang='lat' dir='ltr'><strong>catholico</strong></span> 
     </span>
     <span class='ocr_line' id='line_1_21' title="bbox 83 1867 1096 1943; baseline -0.006 -9"><span class='ocrx_word' id='word_1_163' title='bbox 83 1871 225 1934; x_wconf 83' lang='lat' dir='ltr'><strong>Antistite</strong></span> <span class='ocrx_word' id='word_1_164' title='bbox 246 1870 429 1941; x_wconf 85' lang='lat' dir='ltr'><strong>benedictis,</strong></span> <span class='ocrx_word' id='word_1_165' title='bbox 451 1869 579 1930; x_wconf 77' lang='lat' dir='ltr'><strong>conferri</strong></span> <span class='ocrx_word' id='word_1_166' title='bbox 603 1867 619 1928; x_wconf 80' lang='lat' dir='ltr'><strong>b</strong></span> <span class='ocrx_word' id='word_1_167' title='bbox 644 1870 677 1929; x_wconf 85' lang='lat' dir='ltr'><strong>P.</strong></span> <span class='ocrx_word' id='word_1_168' title='bbox 702 1869 870 1928; x_wconf 87' lang='lat' dir='ltr'><strong>Guardiono</strong></span> <span class='ocrx_word' id='word_1_169' title='bbox 887 1868 917 1927; x_wconf 85' lang='lat' dir='ltr'><strong>S.</strong></span> <span class='ocrx_word' id='word_1_170' title='bbox 942 1867 1096 1943; x_wconf 87' lang='lat' dir='ltr'><strong>Sepulchri</strong></span> 
     </span>
     <span class='ocr_line' id='line_1_22' title="bbox 83 1951 1097 2030; baseline -0.004 -13"><span class='ocrx_word' id='word_1_171' title='bbox 83 1954 207 2017; x_wconf 85' lang='lat' dir='ltr'><strong>Ordinis</strong></span> <span class='ocrx_word' id='word_1_172' title='bbox 223 1955 373 2018; x_wconf 82' lang='lat' dir='ltr'><strong>lilinorum</strong></span> <span class='ocrx_word' id='word_1_173' title='bbox 390 1951 428 2015; x_wconf 91' lang='lat' dir='ltr'><strong>de</strong></span> <span class='ocrx_word' id='word_1_174' title='bbox 438 1952 646 2026; x_wconf 82' lang='lat' dir='ltr'><strong>Observantid‚</strong></span> <span class='ocrx_word' id='word_1_175' title='bbox 656 1953 680 2014; x_wconf 90' lang='lat' dir='ltr'><strong>si</strong></span> <span class='ocrx_word' id='word_1_176' title='bbox 694 1952 821 2013; x_wconf 85' lang='lat' dir='ltr'><strong>defuerit</strong></span> <span class='ocrx_word' id='word_1_177' title='bbox 841 1951 1001 2030; x_wconf 85' lang='lat' dir='ltr'><strong>Episcopus</strong></span> <span class='ocrx_word' id='word_1_178' title='bbox 1012 1953 1097 2013; x_wconf 90' lang='lat' dir='ltr'><strong>latini</strong></span> 
     </span>
     <span class='ocr_line' id='line_1_23' title="bbox 82 2036 1098 2114; baseline -0.002 -13"><span class='ocrx_word' id='word_1_179' title='bbox 82 2038 162 2101; x_wconf 84' lang='lat' dir='ltr'><strong>rituis</strong></span> <span class='ocrx_word' id='word_1_180' title='bbox 181 2042 212 2101; x_wconf 90' lang='lat' dir='ltr'><strong>in</strong></span> <span class='ocrx_word' id='word_1_181' title='bbox 233 2040 287 2101; x_wconf 81' lang='lat' dir='ltr'><strong>sud</strong></span> <span class='ocrx_word' id='word_1_182' title='bbox 313 2038 429 2100; x_wconf 86' lang='lat' dir='ltr'><strong>dioecesi</strong></span> <span class='ocrx_word' id='word_1_183' title='bbox 455 2039 610 2114; x_wconf 84' lang='lat' dir='ltr'><strong>residens,</strong></span> <span class='ocrx_word' id='word_1_184' title='bbox 640 2038 812 2100; x_wconf 89' lang='lat' dir='ltr'><strong>conceditur</strong></span> <span class='ocrx_word' id='word_1_185' title='bbox 835 2036 853 2097; x_wconf 82' lang='lat' dir='ltr'><strong>b</strong></span> <span class='ocrx_word' id='word_1_186' title='bbox 878 2036 1021 2097; x_wconf 80' lang='lat' dir='ltr'><strong>Pontifice</strong></span> <span class='ocrx_word' id='word_1_187' title='bbox 1044 2056 1098 2099; x_wconf 86' lang='lat' dir='ltr'><strong>suo</strong></span> 
     </span>
     <span class='ocr_line' id='line_1_24' title="bbox 82 2120 1099 2203; baseline -0.004 -18"><span class='ocrx_word' id='word_1_188' title='bbox 82 2123 172 2185; x_wconf 87' lang='lat' dir='ltr'><strong>Brevi</strong></span> <span class='ocrx_word' id='word_1_189' title='bbox 187 2124 346 2202; x_wconf 87' lang='lat' dir='ltr'><strong>incipiente</strong></span> <span class='ocrx_word' id='word_1_190' title='bbox 369 2122 443 2183; x_wconf 77' lang='lat' dir='ltr'><strong>daim</strong></span> <span class='ocrx_word' id='word_1_191' title='bbox 460 2122 500 2183; x_wconf 87' lang='lat' dir='ltr'><strong>od</strong></span> <span class='ocrx_word' id='word_1_192' title='bbox 518 2120 755 2203; x_wconf 59' lang='lat' dir='ltr'><strong>infrascriptum.</strong></span> <span class='ocrx_word' id='word_1_193' title='bbox 775 2122 808 2182; x_wconf 93' lang='lat' dir='ltr'><strong>ld</strong></span> <span class='ocrx_word' id='word_1_194' title='bbox 831 2130 930 2182; x_wconf 87' lang='lat' dir='ltr'><strong>tamen</strong></span> <span class='ocrx_word' id='word_1_195' title='bbox 947 2121 1099 2198; x_wconf 87' lang='lat' dir='ltr'><strong>personale</strong></span> 
     </span>
     <span class='ocr_line' id='line_1_25' title="bbox 82 2205 1099 2285; baseline -0.003 -17"><span class='ocrx_word' id='word_1_196' title='bbox 82 2226 149 2268; x_wconf 90' lang='lat' dir='ltr'><strong>csse</strong></span> <span class='ocrx_word' id='word_1_197' title='bbox 177 2208 367 2285; x_wconf 78' lang='lat' dir='ltr'><strong>privilegium</strong></span> <span class='ocrx_word' id='word_1_198' title='bbox 394 2208 497 2267; x_wconf 87' lang='lat' dir='ltr'><strong>datum</strong></span> <span class='ocrx_word' id='word_1_199' title='bbox 522 2206 693 2268; x_wconf 87' lang='lat' dir='ltr'><strong>Guardiano</strong></span> <span class='ocrx_word' id='word_1_200' title='bbox 718 2205 829 2283; x_wconf 90' lang='lat' dir='ltr'><strong>petenti</strong></span> <span class='ocrx_word' id='word_1_201' title='bbox 851 2210 975 2266; x_wconf 86' lang='lat' dir='ltr'><strong>constat.</strong></span> <span class='ocrx_word' id='word_1_202' title='bbox 1000 2208 1099 2267; x_wconf 81' lang='lat' dir='ltr'><strong>Exstat</strong></span> 
     </span>
     <span class='ocr_line' id='line_1_26' title="bbox 82 2290 302 2355; baseline -0.005 0"><span class='ocrx_word' id='word_1_203' title='bbox 82 2292 167 2355; x_wconf 91' lang='lat' dir='ltr'><strong>bulla</strong></span> <span class='ocrx_word' id='word_1_204' title='bbox 181 2292 212 2353; x_wconf 91' lang='lat' dir='ltr'><strong>in</strong></span> <span class='ocrx_word' id='word_1_205' title='bbox 225 2290 302 2354; x_wconf 92' lang='lat' dir='ltr'><strong>Bull.</strong></span> 
     </span>
    </p>

    <p class='ocr_par' dir='ltr' id='par_1_5' title="bbox 84 2374 1097 2715">
     <span class='ocr_line' id='line_1_27' title="bbox 125 2374 1097 2457; baseline 0.003 -20"><span class='ocrx_word' id='word_1_206' title='bbox 125 2376 209 2438; x_wconf 92' lang='lat' dir='ltr'><strong>ldcm</strong></span> <span class='ocrx_word' id='word_1_207' title='bbox 226 2379 316 2439; x_wconf 88' lang='lat' dir='ltr'><strong>etiam</strong></span> <span class='ocrx_word' id='word_1_208' title='bbox 339 2394 508 2439; x_wconf 89' lang='lat' dir='ltr'><strong>concessum</strong></span> <span class='ocrx_word' id='word_1_209' title='bbox 528 2383 572 2437; x_wconf 92' lang='lat' dir='ltr'><strong>cst</strong></span> <span class='ocrx_word' id='word_1_210' title='bbox 589 2374 606 2437; x_wconf 79' lang='lat' dir='ltr'><strong>h</strong></span> <span class='ocrx_word' id='word_1_211' title='bbox 624 2377 654 2437; x_wconf 91' lang='lat' dir='ltr'><strong>S</strong></span> <span class='ocrx_word' id='word_1_212' title='bbox 672 2378 780 2457; x_wconf 75' lang='lat' dir='ltr'><strong>Congu.</strong></span> <span class='ocrx_word' id='word_1_213' title='bbox 801 2386 832 2439; x_wconf 94' lang='lat' dir='ltr'><strong>et</strong></span> <span class='ocrx_word' id='word_1_214' title='bbox 852 2375 1097 2440; x_wconf 78' lang='lat' dir='ltr'><strong>coulicmatumd</strong></span> 
     </span>
     <span class='ocr_line' id='line_1_28' title="bbox 84 2462 1097 2527; baseline 0 -1"><span class='ocrx_word' id='word_1_215' title='bbox 84 2462 197 2526; x_wconf 83' lang='lat' dir='ltr'><strong>Beaed</strong></span> <span class='ocrx_word' id='word_1_216' title='bbox 216 2466 270 2527; x_wconf 83' lang='lat' dir='ltr'><strong>XI</strong></span> <span class='ocrx_word' id='word_1_217' title='bbox 273 2464 331 2526; x_wconf 88' lang='lat' dir='ltr'><em>V</em></span> <span class='ocrx_word' id='word_1_218' title='bbox 322 2482 355 2525; x_wconf 88' lang='lat' dir='ltr'><strong>rn</strong></span> <span class='ocrx_word' id='word_1_219' title='bbox 378 2462 430 2525; x_wconf 79' lang='lat' dir='ltr'><strong>sud</strong></span> <span class='ocrx_word' id='word_1_220' title='bbox 452 2462 670 2524; x_wconf 87' lang='lat' dir='ltr'><strong>Constitutione</strong></span> <span class='ocrx_word' id='word_1_221' title='bbox 687 2464 774 2524; x_wconf 77' lang='lat' dir='ltr'><strong>droco</strong></span> <span class='ocrx_word' id='word_1_222' title='bbox 793 2471 931 2526; x_wconf 75' lang='lat' dir='ltr'><strong>verteme</strong></span> <span class='ocrx_word' id='word_1_223' title='bbox 959 2463 1097 2526; x_wconf 76' lang='lat' dir='ltr'><strong>Proiecto</strong></span> 
     </span>
     <span class='ocr_line' id='line_1_29' title="bbox 85 2538 1097 2637; baseline 0 -26"><span class='ocrx_word' id='word_1_224' title='bbox 85 2551 260 2612; x_wconf 79' lang='lat' dir='ltr'><strong>hlissionum</strong></span> <span class='ocrx_word' id='word_1_225' title='bbox 277 2550 419 2631; x_wconf 80' lang='lat' dir='ltr'><strong>AEgypti‚</strong></span> <span class='ocrx_word' id='word_1_226' title='bbox 448 2538 542 2612; x_wconf 85' lang='lat' dir='ltr'><strong>donec</strong></span> <span class='ocrx_word' id='word_1_227' title='bbox 569 2549 678 2629; x_wconf 85' lang='lat' dir='ltr'><strong>aliquis</strong></span> <span class='ocrx_word' id='word_1_228' title='bbox 700 2548 860 2612; x_wconf 88' lang='lat' dir='ltr'><strong>catholicus</strong></span> <span class='ocrx_word' id='word_1_229' title='bbox 884 2548 1074 2637; x_wconf 86' lang='lat' dir='ltr'><strong>Episcopus</strong></span> <span class='ocrx_word' id='word_1_230' title='bbox 1064 2570 1097 2611; x_wconf 89' lang='lat' dir='ltr'><strong>m</strong></span> 
     </span>
     <span class='ocr_line' id='line_1_30' title="bbox 86 2632 388 2715; baseline -0.003 -18"><span class='ocrx_word' id='word_1_231' title='bbox 86 2638 212 2715; x_wconf 81' lang='lat' dir='ltr'><strong>AEgypto</strong></span> <span class='ocrx_word' id='word_1_232' title='bbox 234 2632 388 2697; x_wconf 84' lang='lat' dir='ltr'><strong>habeatur.</strong></span> 
     </span>
    </p>

    <p class='ocr_par' dir='ltr' id='par_1_6' title="bbox 86 2716 1099 3225">
     <span class='ocr_line' id='line_1_31' title="bbox 127 2716 1096 2800; baseline 0.002 -19"><span class='ocrx_word' id='word_1_233' title='bbox 127 2718 455 2800; x_wconf 83' lang='lat' dir='ltr'><strong>Confirmatroagraecrs</strong></span> <span class='ocrx_word' id='word_1_234' title='bbox 465 2718 665 2781; x_wconf 80' lang='lat' dir='ltr'><strong>sacerdotibus</strong></span> <span class='ocrx_word' id='word_1_235' title='bbox 675 2719 818 2781; x_wconf 87' lang='lat' dir='ltr'><strong>collatam</strong></span> <span class='ocrx_word' id='word_1_236' title='bbox 828 2716 899 2781; x_wconf 80' lang='lat' dir='ltr'><strong>locis</strong></span> <span class='ocrx_word' id='word_1_237' title='bbox 910 2718 1096 2796; x_wconf 79' lang='lat' dir='ltr'><strong>Graecorum</strong></span> 
     </span>
     <span class='ocr_line' id='line_1_32' title="bbox 86 2804 1099 2884; baseline 0.002 -17"><span class='ocrx_word' id='word_1_238' title='bbox 86 2804 252 2883; x_wconf 90' lang='lat' dir='ltr'><strong>inquibus</strong></span> <span class='ocrx_word' id='word_1_239' title='bbox 280 2824 344 2867; x_wconf 87' lang='lat' dir='ltr'><strong>mos</strong></span> <span class='ocrx_word' id='word_1_240' title='bbox 366 2807 421 2867; x_wconf 88' lang='lat' dir='ltr'><strong>iste</strong></span> <span class='ocrx_word' id='word_1_241' title='bbox 452 2822 513 2867; x_wconf 92' lang='lat' dir='ltr'><strong>non</strong></span> <span class='ocrx_word' id='word_1_242' title='bbox 540 2813 585 2866; x_wconf 90' lang='lat' dir='ltr'><strong>est</strong></span> <span class='ocrx_word' id='word_1_243' title='bbox 613 2804 748 2883; x_wconf 76' lang='lat' dir='ltr'><strong>expresse</strong></span> <span class='ocrx_word' id='word_1_244' title='bbox 773 2804 994 2884; x_wconf 87' lang='lat' dir='ltr'><strong>improbatusa</strong></span> <span class='ocrx_word' id='word_1_245' title='bbox 1023 2808 1099 2869; x_wconf 90' lang='lat' dir='ltr'><strong>Sede</strong></span> 
     </span>
     <span class='ocr_line' id='line_1_33' title="bbox 87 2888 1097 2968; baseline 0.003 -18"><span class='ocrx_word' id='word_1_246' title='bbox 87 2889 266 2968; x_wconf 73' lang='lat' dir='ltr'><strong>apostolici,</strong></span> <span class='ocrx_word' id='word_1_247' title='bbox 289 2888 388 2951; x_wconf 77' lang='lat' dir='ltr'><strong>valere</strong></span> <span class='ocrx_word' id='word_1_248' title='bbox 406 2890 550 2951; x_wconf 87' lang='lat' dir='ltr'><strong>censenda</strong></span> <span class='ocrx_word' id='word_1_249' title='bbox 574 2897 619 2950; x_wconf 91' lang='lat' dir='ltr'><strong>est</strong></span> <span class='ocrx_word' id='word_1_250' title='bbox 637 2907 672 2950; x_wconf 82' lang='lat' dir='ltr'><strong>ex</strong></span> <span class='ocrx_word' id='word_1_251' title='bbox 701 2908 842 2951; x_wconf 85' lang='lat' dir='ltr'><strong>consensu</strong></span> <span class='ocrx_word' id='word_1_252' title='bbox 861 2890 949 2950; x_wconf 91' lang='lat' dir='ltr'><strong>tacito</strong></span> <span class='ocrx_word' id='word_1_253' title='bbox 973 2892 1097 2953; x_wconf 80' lang='lat' dir='ltr'><strong>Romani</strong></span> 
     </span>
     <span class='ocr_line' id='line_1_34' title="bbox 87 2974 1098 3055; baseline 0.002 -19"><span class='ocrx_word' id='word_1_254' title='bbox 87 2974 250 3036; x_wconf 88' lang='lat' dir='ltr'><strong>Pontificis.</strong></span> <span class='ocrx_word' id='word_1_255' title='bbox 260 2975 304 3036; x_wconf 89' lang='lat' dir='ltr'><strong>De</strong></span> <span class='ocrx_word' id='word_1_256' title='bbox 313 2977 384 3055; x_wconf 91' lang='lat' dir='ltr'><strong>Syn.</strong></span> <span class='ocrx_word' id='word_1_257' title='bbox 400 2976 521 3036; x_wconf 87' lang='lat' dir='ltr'><strong>Dioeces.</strong></span> <span class='ocrx_word' id='word_1_258' title='bbox 538 2974 560 3034; x_wconf 87' lang='lat' dir='ltr'><strong>l.</strong></span> <span class='ocrx_word' id='word_1_259' title='bbox 571 2974 600 3035; x_wconf 93' lang='grc'><strong>7.</strong></span> <span class='ocrx_word' id='word_1_260' title='bbox 613 2992 679 3053; x_wconf 84' lang='lat' dir='ltr'><strong>cap.</strong></span> <span class='ocrx_word' id='word_1_261' title='bbox 693 2976 724 3035; x_wconf 82' lang='grc'><strong>9.</strong></span> <span class='ocrx_word' id='word_1_262' title='bbox 736 2983 766 3036; x_wconf 92' lang='lat' dir='ltr'><strong>et</strong></span> <span class='ocrx_word' id='word_1_263' title='bbox 777 2974 901 3036; x_wconf 86' lang='lat' dir='ltr'><strong>constit.</strong></span> <span class='ocrx_word' id='word_1_264' title='bbox 912 2992 967 3053; x_wconf 91' lang='lat' dir='ltr'><strong>pro</strong></span> <span class='ocrx_word' id='word_1_265' title='bbox 978 2975 1098 3053; x_wconf 86' lang='lat' dir='ltr'><strong>Cophtis</strong></span> 
     </span>
     <span class='ocr_line' id='line_1_35' title="bbox 88 3056 1098 3137; baseline 0.004 -18"><span class='ocrx_word' id='word_1_266' title='bbox 88 3056 255 3131; x_wconf 84' lang='lat' dir='ltr'><strong>catlrolicis‚</strong></span> <span class='ocrx_word' id='word_1_267' title='bbox 275 3078 341 3137; x_wconf 80' lang='lat' dir='ltr'><strong>que</strong></span> <span class='ocrx_word' id='word_1_268' title='bbox 357 3062 528 3121; x_wconf 91' lang='lat' dir='ltr'><strong>constitutio</strong></span> <span class='ocrx_word' id='word_1_269' title='bbox 540 3060 647 3137; x_wconf 88' lang='lat' dir='ltr'><strong>incipit</strong></span> <span class='ocrx_word' id='word_1_270' title='bbox 666 3061 753 3119; x_wconf 76' lang='lat' dir='ltr'><strong>Anao</strong></span> <span class='ocrx_word' id='word_1_271' title='bbox 767 3066 904 3119; x_wconf 81' lang='lat' dir='ltr'><strong>vertente.</strong></span> <span class='ocrx_word' id='word_1_272' title='bbox 926 3061 960 3118; x_wconf 94' lang='lat' dir='ltr'><strong>ln</strong></span> <span class='ocrx_word' id='word_1_273' title='bbox 980 3060 1039 3137; x_wconf 72' lang='lat' dir='ltr'><strong>qui</strong></span> <span class='ocrx_word' id='word_1_274' title='bbox 1054 3069 1098 3123; x_wconf 61' lang='lat' dir='ltr'><strong>to*</strong></span> 
     </span>
     <span class='ocr_line' id='line_1_36' title="bbox 89 3142 1095 3225; baseline 0.005 -22"><span class='ocrx_word' id='word_1_275' title='bbox 89 3159 158 3205; x_wconf 84' lang='lat' dir='ltr'><strong>men</strong></span> <span class='ocrx_word' id='word_1_276' title='bbox 174 3154 335 3204; x_wconf 86' lang='lat' dir='ltr'><strong>monentur</strong></span> <span class='ocrx_word' id='word_1_277' title='bbox 347 3142 473 3205; x_wconf 87' lang='lat' dir='ltr'><strong>chrisma</strong></span> <span class='ocrx_word' id='word_1_278' title='bbox 491 3142 566 3204; x_wconf 92' lang='lat' dir='ltr'><strong>illud</strong></span> <span class='ocrx_word' id='word_1_279' title='bbox 578 3142 812 3204; x_wconf 86' lang='lat' dir='ltr'><strong>benedicendum</strong></span> <span class='ocrx_word' id='word_1_280' title='bbox 823 3160 884 3203; x_wconf 86' lang='lat' dir='ltr'><strong>csse</strong></span> <span class='ocrx_word' id='word_1_281' title='bbox 893 3142 931 3210; x_wconf 88' lang='lat' dir='ltr'><strong>ab</strong></span> <span class='ocrx_word' id='word_1_282' title='bbox 944 3145 1095 3225; x_wconf 86' lang='lat' dir='ltr'><strong>Episcopo.</strong></span> 
     </span>
    </p>

    <p class='ocr_par' dir='ltr' id='par_1_7' title="bbox 88 3226 1098 3535">
     <span class='ocr_line' id='line_1_37' title="bbox 128 3226 1098 3307; baseline 0.006 -22"><span class='ocrx_word' id='word_1_283' title='bbox 128 3226 228 3287; x_wconf 81' lang='lat' dir='ltr'><strong>Animi</strong></span> <span class='ocrx_word' id='word_1_284' title='bbox 249 3227 453 3306; x_wconf 90' lang='lat' dir='ltr'><strong>dispositiones</strong></span> <span class='ocrx_word' id='word_1_285' title='bbox 472 3228 509 3290; x_wconf 88' lang='lat' dir='ltr'><strong>ad</strong></span> <span class='ocrx_word' id='word_1_286' title='bbox 530 3226 622 3307; x_wconf 73' lang='lat' dir='ltr'><strong>dignis</strong></span> <span class='ocrx_word' id='word_1_287' title='bbox 636 3227 840 3307; x_wconf 86' lang='lat' dir='ltr'><strong>recipiendum</strong></span> <span class='ocrx_word' id='word_1_288' title='bbox 858 3226 916 3287; x_wconf 92' lang='lat' dir='ltr'><strong>hoc</strong></span> <span class='ocrx_word' id='word_1_289' title='bbox 933 3244 1098 3291; x_wconf 89' lang='lat' dir='ltr'><strong>sacramen·</strong></span> 
     </span>
     <span class='ocr_line' id='line_1_38' title="bbox 88 3309 1097 3391; baseline 0.002 -20"><span class='ocrx_word' id='word_1_290' title='bbox 88 3318 155 3371; x_wconf 89' lang='lat' dir='ltr'><strong>tum</strong></span> <span class='ocrx_word' id='word_1_291' title='bbox 176 3321 246 3371; x_wconf 89' lang='lat' dir='ltr'><strong>sunt</strong></span> <span class='ocrx_word' id='word_1_292' title='bbox 261 3320 353 3372; x_wconf 90' lang='lat' dir='ltr'><strong>status</strong></span> <span class='ocrx_word' id='word_1_293' title='bbox 370 3313 472 3391; x_wconf 84' lang='lat' dir='ltr'><strong>gratiae</strong></span> <span class='ocrx_word' id='word_1_294' title='bbox 483 3356 494 3389; x_wconf 91' lang='lat'><strong><em>,</em></strong></span> <span class='ocrx_word' id='word_1_295' title='bbox 514 3330 582 3391; x_wconf 88' lang='lat' dir='ltr'><strong>quae</strong></span> <span class='ocrx_word' id='word_1_296' title='bbox 600 3312 633 3373; x_wconf 91' lang='lat' dir='ltr'><strong>iu</strong></span> <span class='ocrx_word' id='word_1_297' title='bbox 651 3312 758 3372; x_wconf 88' lang='lat' dir='ltr'><strong>adultis</strong></span> <span class='ocrx_word' id='word_1_298' title='bbox 778 3309 879 3373; x_wconf 87' lang='lat' dir='ltr'><strong>lethali</strong></span> <span class='ocrx_word' id='word_1_299' title='bbox 906 3313 1030 3375; x_wconf 89' lang='lat' dir='ltr'><strong>crimine</strong></span> <span class='ocrx_word' id='word_1_300' title='bbox 1050 3315 1097 3373; x_wconf 90' lang='lat' dir='ltr'><strong>in·</strong></span> 
     </span>
     <span class='ocr_line' id='line_1_39' title="bbox 88 3394 1096 3535; baseline 0.005 -83"><span class='ocrx_word' id='word_1_301' title='bbox 88 3394 172 3535; x_wconf 49' lang='lat' dir='ltr'><strong>{cetis</strong></span> <span class='ocrx_word' id='word_1_302' title='bbox 191 3405 379 3475; x_wconf 80' lang='lat' dir='ltr'><strong>comparatur</strong></span> <span class='ocrx_word' id='word_1_303' title='bbox 400 3396 576 3477; x_wconf 89' lang='lat' dir='ltr'><strong>plerumque</strong></span> <span class='ocrx_word' id='word_1_304' title='bbox 596 3414 652 3475; x_wconf 89' lang='lat' dir='ltr'><strong>per</strong></span> <span class='ocrx_word' id='word_1_305' title='bbox 666 3406 883 3459; x_wconf 85' lang='lat' dir='ltr'><strong>sacramentum</strong></span> <span class='ocrx_word' id='word_1_306' title='bbox 903 3395 1096 3477; x_wconf 81' lang='lat' dir='ltr'><strong>poeuiteutiae.</strong></span> 
     </span>
    </p>

    <p class='ocr_par' dir='ltr' id='par_1_8' title="bbox 106 3480 401 3540">
     <span class='ocr_line' id='line_1_40' title="bbox 106 3480 401 3540; baseline 0.01 -5"><span class='ocrx_word' id='word_1_307' title='bbox 106 3486 161 3537; x_wconf 90' lang='lat' dir='ltr'><strong>nst.</strong></span> <span class='ocrx_word' id='word_1_308' title='bbox 177 3480 255 3539; x_wconf 89' lang='lat' dir='ltr'><strong>Eccl.</strong></span> <span class='ocrx_word' id='word_1_309' title='bbox 268 3482 339 3539; x_wconf 81' lang='grc'><strong>(1.1.</strong></span> <span class='ocrx_word' id='word_1_310' title='bbox 355 3482 401 3540; x_wconf 92' lang='lat' dir='ltr'><strong>ll.</strong></span> 
     </span>
    </p>
   </div>
   <div class='ocr_carea' id='block_1_3' title="bbox 129 3560 1095 3714">
    <p class='ocr_par' dir='ltr' id='par_1_9' title="bbox 129 3560 1095 3714">
     <span class='ocr_line' id='line_1_41' title="bbox 129 3560 1095 3711; baseline -0.002 -89"><span class='ocrx_word' id='word_1_311' title='bbox 129 3564 481 3711; x_wconf 57' lang='lat' dir='ltr'><strong>CTorporIi}dispositionos</strong></span> <span class='ocrx_word' id='word_1_312' title='bbox 491 3608 499 3640; x_wconf 91' lang='lat'>‚</span> <span class='ocrx_word' id='word_1_313' title='bbox 511 3580 571 3626; x_wconf 92' lang='lat' dir='ltr'><strong>non</strong></span> <span class='ocrx_word' id='word_1_314' title='bbox 582 3568 682 3623; x_wconf 87' lang='lat' dir='ltr'><strong>tamen</strong></span> <span class='ocrx_word' id='word_1_315' title='bbox 693 3564 855 3629; x_wconf 78' lang='lat' dir='ltr'><strong>necessario</strong></span> <span class='ocrx_word' id='word_1_316' title='bbox 865 3560 1095 3705; x_wconf 48' lang='lat' dir='ltr'><strong>pcagoittendae,</strong></span> 
     </span>
     <span class='ocr_line' id='line_1_42' title="bbox 159 3664 913 3714; baseline 0.009 -7"><span class='ocrx_word' id='word_1_317' title='bbox 159 3664 218 3707; x_wconf 76' lang='lat' dir='ltr'><strong>oric.</strong></span> <span class='ocrx_word' id='word_1_318' title='bbox 280 3692 289 3712; x_wconf 87' lang='lat'><strong>.</strong></span> <span class='ocrx_word' id='word_1_319' title='bbox 907 3706 913 3714; x_wconf 54' lang='lat'><strong>.</strong></span> 
     </span>
    </p>
   </div>
   <div class='ocr_carea' id='block_1_4' title="bbox 0 0 1249 3975">
    <p class='ocr_par' dir='ltr' id='par_1_10' title="bbox 0 0 1249 3975">
     <span class='ocr_line' id='line_1_43' title="bbox 0 0 1249 3975; baseline 0 0"><span class='ocrx_word' id='word_1_320' title='bbox 0 0 1249 3975; x_wconf 95' lang='lat' dir='ltr'><strong> </strong></span> 
     </span>
    </p>
   </div>
  </div>
 </body>
</html>
