2475 3975
364 161 829 246 acopcrrovnreaeaoaran
1044 168 1103 232 aaa
1202 143 1207 149 ’

84 285 121 334 se
141 262 327 346 suspendisse
346 266 495 339 declarat,
514 268 577 330 sive
599 286 667 348 qun
688 265 885 344 quarumdam
905 267 1104 349 indulgentia-

86 370 159 498 }‘um
183 354 334 416 occasione
362 351 587 430 conceduntur,
612 353 677 414 sive
700 369 768 430 quae
791 352 849 414 alia
872 352 911 412 de
934 356 1019 416 causa
1040 357 1101 416 col-

100 448 157 500 atae
176 447 257 501 sunt.

128 524 320 618 Regularinm
342 535 538 604 consessiones
555 534 691 614 excipere
704 543 829 621 possunt
841 537 943 597 Rome
952 535 1101 607 Paeniten-

86 617 167 678 tiarii
180 619 390 692 Basilicarum,
409 618 478 684 licta
497 618 568 680 aliis
586 619 705 680 obstent
723 620 896 685 eorumdem
910 621 1101 701 Regularium

86 703 333 780 Constitutiouea,
348 706 395 768 rel
415 703 602 784 privilegiet
620 706 653 766 S.
668 705 745 766 Sede
763 706 935 784 approbata.

126 795 255 860 Minores
276 799 491 861 Poenitentiarii
514 801 617 862 Rome
635 807 819 860 commutare
839 806 962 878 pomum
981 797 1101 878 dispon-

85 877 202 952 sando,
220 899 283 951 non
303 882 400 949 solum
418 890 488 958 uota
509 883 611 957 nuda,
629 881 683 946 aad
699 891 730 949 et
746 883 1005 961 queconlirmata
1028 893 1100 944 sunt

83 965 269 1044 juramento.

125 1059 200 1122 ltcm
222 1058 375 1126 absolvere
399 1069 522 1140 possunt
548 1057 713 1128 sacerdotes
741 1075 808 1120 reos
835 1076 1050 1133 censurarum,
1068 1069 1098 1122 ct

84 1143 255 1230 dispensare
277 1145 309 1205 in
332 1146 549 1224 irregularitate
570 1145 719 1206 contracta
735 1145 774 1205 ob
791 1144 981 1207 violationem
995 1163 1099 1206 censu·

82 1248 188 1292 rarum
211 1231 441 1312 tantummod03
465 1231 546 1309 quod
568 1241 599 1292 ct
627 1239 767 1312 prestare
790 1239 915 1312 possunt
939 1249 1008 1293 cum
1033 1230 1098 1291 aliis

83 1315 175 1376 etiam
197 1315 310 1376 clericis
326 1333 388 1378 non
407 1315 618 1378 sacerdotibus.

124 1416 156 1479 si
176 1418 244 1496 quis
260 1425 305 1478 est
323 1415 507 1495 dispensatus
521 1416 538 1479 l
551 1416 720 1482 visitatione
732 1416 939 1492 Basilicarum,
954 1436 1014 1482 non
1027 1437 1098 1480 con·

84 1501 173 1568 tinub
185 1511 229 1572 ost
240 1503 424 1582 dispensatus
436 1503 475 1562 ab
488 1502 554 1564 aliis
569 1503 711 1582 oporibus
729 1501 887 1581 injunctis,
900 1521 997 1584 neque
1007 1506 1097 1566 etiam

82 1587 100 1649 la
121 1589 274 1668 precibus,
287 1607 355 1670 qaae
372 1589 393 1655 d
410 1585 614 1657 Basilicarum
629 1587 800 1650 visitatione
812 1587 950 1672 separati
958 1597 1094 1670 pomuru.

83 1674 144 1736 Noc
167 1672 317 1740 sufficiunt
339 1691 374 1734 ea
394 1691 484 1751 opera
507 1672 664 1750 injuncta,
689 1692 757 1752 qun
778 1673 846 1752 qnia
868 1691 905 1735 ex
926 1671 984 1736 alio
1008 1675 1095 1738 titulo

82 1766 223 1835 praestare
242 1757 313 1818 aliis
335 1765 471 1832 tenetur,
486 1757 579 1836 pulla,
598 1758 688 1821 titulo
702 1757 837 1834 justitiae.

121 1849 321 1922 Conlcssariua
333 1867 429 1928 neque
448 1849 480 1913 in
490 1847 620 1926 iubilaeo
641 1855 738 1927 potest
753 1847 907 1918 absolvere
920 1849 1025 1925 illum,
1041 1851 1094 1931 qui

82 1950 180 2011 secana
201 1935 260 2011 luit
279 1951 348 1997 reus
369 1931 503 2009 criminis
519 1933 552 1999 iu
569 1951 603 2004 aa
619 1931 755 1999 venerea.

120 2030 269 2093 Concessis
279 2030 335 2091 sibi
347 2029 537 2101 facultatibus
558 2028 603 2091 uti
617 2035 772 2107 nequeunt
782 2028 996 2098 Paenitentiarii
1013 2040 1095 2097 extra

81 2116 236 2194 Basilicas,
251 2134 306 2178 seu
322 2115 463 2189 Ecclesiae
479 2114 537 2187 sibi
557 2116 718 2196 assignatas
728 2156 738 2184 ,
750 2130 806 2178 net
817 2113 874 2179 ubi
894 2115 927 2179 in
943 2124 1010 2188 actu
1022 2135 1095 2186 con·

80 2199 234 2277 fossionis,
257 2218 354 2279 neque
375 2218 443 2259 cum
467 2198 522 2271 iis,
544 2200 655 2279 quibua
682 2198 796 2261 sincera
820 2197 959 2269 voluntas
979 2199 1093 2277 jubilaei

80 2283 253 2363 acquirendi
272 2284 362 2348 deest.
384 2284 464 2357 Quos
489 2293 589 2345 tamen
607 2283 787 2355 absolvunt,
809 2282 867 2343 illis
888 2284 1093 2363 paenitentiam

80 2370 321 2443 sacramentalem
342 2370 497 2455 imponere
518 2368 629 2442 debant
648 2369 798 2437 uacuam
819 2367 857 2443 ab
877 2369 1018 2461 operibus
1036 2389 1092 2450 pro

80 2452 222 2517 lucrando
236 2454 371 2533 jubilaeo.

118 2547 154 2609 ln
166 2547 297 2619 censuris
310 2547 494 2612 absolvendis
511 2547 669 2636 praemitti,
681 2548 730 2609 rel
749 2546 852 2608 sallem
872 2547 1008 2625 promitti
1023 2566 1091 2625 cum

77 2630 247 2709 juramento
268 2632 357 2693 debet
376 2632 531 2695 satisfactio
551 2635 629 2711 parti
650 2634 739 2701 lese.
762 2633 839 2691 laesa
854 2629 926 2693 verb
944 2650 1012 2707 pars
1030 2651 1091 2698 non

80 2724 125 2777 est
140 2715 251 2794 Judex,
271 2718 324 2779 sed
344 2718 416 2791 ille,
434 2718 486 2795 qui
505 2717 649 2785 damnum
667 2734 768 2795 passam
788 2724 843 2777 cst.

118 2812 153 2871 ln
171 2809 430 2871 constitutionibus
440 2798 555 2887 jubilaei
571 2810 628 2870 alia
642 2828 731 2910 opera
742 2807 974 2888 praescribuntur
983 2810 1091 2879 Romn-

80 2896 143 2968 nia,
163 2895 211 2957 vol
227 2896 309 2957 urbis
330 2895 452 2973 incolis3
471 2896 529 2956 alia
550 2896 726 2976 peregrinis.
750 2895 846 2956 Priori
869 2896 990 2957 tramine
1012 2896 1092 2960 dcci·

79 2990 209 3063 guantur
228 2980 291 3052 illi,
308 2981 361 3059 qui
384 2981 462 3047 intra
483 2980 623 3061 quintum
643 2983 681 3041 ab
702 2980 777 3053 urbe
792 2978 920 3057 lapidem
935 2978 1087 3044 habitante

79 3066 154 3125 sicut
167 3074 197 3125 ot
208 3066 312 3129 ineolae
326 3064 409 3126 urbis
423 3065 563 3127 dicuntur
574 3109 582 3139 ,
593 3066 646 3144 qui
659 3067 783 3125 Romam
794 3062 979 3125 advenerunt
989 3065 1089 3138 auimo

78 3148 119 3210 ibi
141 3148 283 3228 majorem
302 3150 373 3209 anni
396 3160 511 3228 partem
531 3148 734 3231 transigendi3
750 3149 825 3209 sicut
843 3157 874 3207 ct
893 3148 972 3212 intra
984 3166 1089 3210 corum

78 3250 236 3303 nnmerum
253 3232 464 3313 comprehendi
478 3234 543 3295 vult
555 3234 706 3306 Pontifex,
720 3234 772 3313 qni
787 3232 843 3293 olid
854 3275 864 3305 ,
874 3232 963 3313 quam
974 3232 1088 3310 jubilaei

78 3319 275 3397 consequendi
294 3318 398 3396 coust,
413 3320 537 3380 Romam
554 3318 741 3379 advenerint.
756 3318 861 3381 Coetcri
881 3336 985 3383 omnes
1002 3335 1088 3396 perc·

77 3401 153 3479 gaini
164 3445 173 3475 ,
192 3410 244 3463 ant
261 3404 354 3465 catari
373 3402 411 3475 ad
433 3406 515 3465 lrunc
535 3403 675 3464 ellectum
695 3412 850 3463 vocantur.

114 3494 220 3555 Censet
234 3488 388 3564 Pontifex,
408 3495 508 3555 valere
529 3510 719 3554 communem
734 3493 906 3570 opinionem
923 3491 1088 3567 aecologo-

76 3593 144 3635 rum
156 3620 165 3653 ,
178 3596 246 3656 quae
264 3596 325 3640 non
344 3578 454 3656 obligat
468 3577 609 3657 proernitti
630 3576 841 3640 consessionem
855 3575 892 3633 ad
907 3590 995 3651 opcra
1011 3590 1089 3649 praa·
