2475 3975
133 203 191 266 5lt
319 196 458 281 Epitome
474 194 616 260 dochino
630 191 753 258 moroh'a
769 201 800 256 et
811 193 960 258 cononice

129 301 146 364 b
161 297 324 382 parochiali
341 300 482 381 separatis
501 297 607 362 docere
625 295 793 360 doctrinam
810 293 1020 371 christianam,
1036 313 1077 359 ex
1094 313 1146 362 eu·

129 386 210 451 dena.
224 387 271 448 lb.
1230 382 1232 390 '

169 481 206 542 ln
224 497 329 542 eorum
345 475 479 539 Ecclesiis
498 473 625 555 puhlicis
647 471 751 536 haberi
771 480 893 552 possunt
910 473 1002 536 etiam
1015 483 1146 554 negante

130 563 260 646 parocho
279 564 433 626 conciones
455 578 509 639 per
529 569 623 623 tutam
643 559 902 640 Quadrupesimam
920 567 951 620 et
971 558 1145 623 Adventum

131 651 256 732 publicar
274 667 310 714 ex
328 648 443 710 eodern
459 646 505 706 lb.

169 743 302 805 Vicissim
324 759 386 803 non
405 747 502 820 potest
521 739 553 800 in
574 737 663 802 dictis
683 738 838 812 Ecclesiis,
860 738 917 800 nisi
936 738 1025 801 aliter
1042 741 1146 822 dispo-

131 837 220 892 nente
235 827 397 906 Episcopo,
418 824 579 900 celebrari,
596 842 650 892 seu
667 825 779 888 mutari
798 824 887 889 misso
901 833 970 888 ante
988 827 1147 905 parochia-

131 914 208 984 lem,
226 927 262 972 ex
280 910 396 973 eodem.
412 911 458 972 lb.

168 1005 214 1067 Ad
234 1002 395 1085 parochuru
413 1013 512 1065 tamen
530 1009 642 1083 spectat
660 1001 790 1065 officium
808 1002 934 1064 funebre
946 1003 1041 1064 iacere
1054 1023 1146 1085 super

132 1090 323 1154 cadaveribus
334 1088 511 1168 sepeliendis
524 1088 556 1148 in
569 1087 744 1166 supradictis
750 1086 884 1147 Ecclesiis
893 1130 902 1160 ,
912 1087 1031 1164 quaudo
1043 1096 1145 1152 tamen

132 1175 289 1238 defunctus
307 1173 499 1236 tumulandus
511 1169 848 1251 estsubjectusparucho
859 1215 868 1246 ,
880 1172 961 1234 intra
972 1171 1058 1251 cujus
1069 1175 1146 1237 lines

133 1269 178 1322 est
195 1259 319 1322 Ecclesia
340 1259 403 1320 illa.

171 1355 207 1414 ln
218 1351 453 1432 processionibus
468 1348 745 1413 conlraternitatum
759 1345 842 1410 entia
860 1349 1006 1412 ambitum
1022 1362 1084 1411 susa
1091 1354 1146 1412 lle-

133 1439 228 1502 clcsie
242 1437 321 1518 (quc
339 1446 437 1499 tamen
456 1437 521 1498 fieri
540 1454 601 1497 non
615 1443 739 1514 possunt
756 1434 867 1514 ubsque
879 1431 996 1497 licentia
1009 1453 1063 1507 sen
1074 1439 1145 1516 Epi·
1230 1437 1232 1441 ’

133 1525 238 1602 scopi,
263 1541 315 1582 seu
339 1519 536 1600 parochorum
560 1521 704 1591 illorum,
729 1536 783 1598 per
801 1537 931 1599 quorum
957 1521 1145 1583 territorium

133 1605 346 1668 transeundum
366 1605 420 1683 est)
433 1603 573 1680 capellani
595 1604 715 1664 illarum
728 1614 810 1664 extra
826 1605 981 1668 Ecclesiam
991 1608 1145 1686 propriam

133 1692 237 1756 stolam
254 1688 369 1750 deferre
389 1705 450 1751 nun
474 1695 616 1768 possunt,
636 1706 673 1749 ex
693 1682 810 1750 eodem,
824 1691 870 1752 lb.

171 1791 329 1856 Accedenti
342 1789 484 1878 Episcopo
500 1789 537 1852 ud
550 1791 692 1852 Ecclcshs
710 1809 815 1852 earum
830 1791 988 1870 publicas,
1002 1809 1070 1869 que
1082 1812 1145 1855 non

134 1887 203 1943 sunt
225 1877 439 1959 Regularium,
464 1893 562 1956 neque
586 1877 743 1956 proprium
769 1880 914 1938 rectorem
939 1877 1147 1940 beneficiatum
1230 1898 1231 1903 ¹

133 1961 478 2117 hhhfnhfspmmum
494 1960 653 2065 bparocho
672 1960 874 2025 exhibendum
885 1980 947 2026 non
961 1969 1016 2025 ost.
1031 1964 1078 2025 Ex
1094 1982 1147 2027 cu·

174 2148 217 2209 lia
234 2145 297 2207 solo
314 2143 384 2223 jure
405 2139 566 2223 parochiali
585 2149 717 2204 cmsante
738 2141 839 2221 aliquo
858 2143 950 2204 titulo
965 2160 1027 2205 non
1048 2155 1148 2224 potest

136 2229 282 2312 parochus
297 2229 461 2309 capellanos
480 2228 599 2289 illarum
618 2244 726 2307 cogere
744 2227 781 2287 ad
800 2227 997 2291 assistendum
1015 2228 1147 2293 functio·
1230 2269 1231 2298 r

135 2317 225 2379 nibus
241 2314 375 2376 Ecclesia
394 2310 582 2393 parochialis.
598 2314 640 2373 Ex
658 2312 774 2373 ecdem.
791 2312 838 2377 lb.

174 2409 293 2483 Absque
310 2406 430 2465 lndultu
442 2406 602 2482 apostolico
616 2422 677 2466 non
689 2406 758 2465 licet
769 2406 802 2466 in
817 2405 1067 2485 diotislicclesiis,
1077 2426 1148 2486 quae
1230 2423 1232 2498 t

135 2510 195 2557 nun
209 2491 270 2549 sint
284 2484 481 2567 parochiales,
495 2506 592 2566 neque
607 2490 801 2567 Regularium
812 2534 821 2564 ,
833 2491 956 2552 retineri
968 2493 1019 2553 SS.
1031 2490 1149 2552 Eucha-

134 2576 225 2641 ristiae
238 2581 451 2637 sacramentum
462 2592 471 2647 3
484 2590 582 2650 neque
593 2574 678 2648 sien
695 2574 816 2635 facultas
826 2575 920 2648 adsit,
933 2576 1047 2654 absque
1056 2577 1148 2637 Ordi-

135 2660 213 2725 narii
232 2660 351 2721 licentid
365 2666 464 2738 potest
475 2656 587 2721 ibidem
599 2657 714 2721 dictum
723 2659 945 2723 Sacramentum
960 2658 1079 2741 publice
1094 2680 1148 2724 ex-

112 2759 115 2765 '
135 2747 218 2828 puni.
236 2748 279 2806 Ex
296 2746 410 2806 eodem.
430 2743 475 2805 lb.

176 2837 324 2900 Perochus
342 2838 447 2915 nequit
467 2854 499 2897 se
520 2838 655 2915 ingerere
675 2836 923 2899 administrationi
943 2838 1146 2918 oblationum,

135 2924 183 2987 vel
207 2924 461 3001 eleemosynarum
487 2921 518 2980 in
542 2922 628 2982 dictis
649 2923 784 2983 Ecclesiis
809 2923 1022 2998 collectarum,
1049 2944 1149 3005 neque

29 3104 32 3111 Ι
135 3009 402 3158 ἓὲἓὲιξῖοιζξὲνεω
424 3009 550 3087 capsulae
571 3022 628 3086 pro
648 3006 708 3069 illis
729 3006 906 3086 recipiendis
929 3010 1081 3089 exposite.
1103 3012 1148 3075 nx

174 3185 347 3247 Dummodb
367 3203 428 3247 non
454 3184 620 3265 impediant
643 3184 831 3260 iunctioncs,
852 3193 884 3248 et
907 3186 1007 3249 divina
1029 3188 1126 3251 officia
1136 3208 1153 3265 ,·

136 3280 258 3347 possunt
269 3270 521 3332 confraternitates
530 3271 623 3331 etiam
628 3279 733 3331 erectae
742 3274 774 3332 in
785 3272 909 3333 Ecclesia
920 3270 1080 3351 parochiali
1089 3293 1147 3354 pro

135 3351 220 3410 libitu
230 3356 402 3428 congregari
414 3356 525 3433 absque
535 3354 653 3414 licentid
663 3363 694 3413 et
704 3356 861 3433 praesentit
874 3353 1010 3437 parochi,
1024 3356 1102 3419 sicut
1116 3369 1149 3423 et

135 3439 257 3505 possunt
271 3434 391 3507 propria
404 3435 703 3499 buna'administrure
712 3481 722 3513 ,
731 3446 762 3499 et
772 3438 811 3500 de
821 3438 881 3500 illis
891 3440 1050 3518 disponere
1060 3442 1148 3507 inde-
1169 3421 1178 3473 ¹

134 3510 297 3581 pendentes
314 3514 351 3570 ab
371 3515 433 3572 illu.
449 3519 492 3576 Ex
507 3520 622 3580 eodem.
639 3521 684 3581 lb.

171 3586 239 3646 Non
257 3600 354 3665 potest
371 3596 517 3669 parochus
539 3610 692 3686 tamquam
713 3603 863 3684 delegatus
873 3604 1044 3683 Ordinarii,
1058 3610 1148 3673 assis·
