2475 3975
147 232 185 295 te
436 228 549 292 Procris
559 224 741 307 centenurii.
758 225 832 309 Gap.
845 227 876 288 1.

145 330 336 393 confessarios
360 330 449 394 simul
478 339 509 393 et
536 330 711 411 prenitentes
734 328 767 389 in
791 336 932 393 eternum
956 327 1160 409 perditionem

147 414 237 477 trehit
263 416 305 476 1.
836 474 841 487 ,

121 500 132 542 'l
184 500 233 561 18.
249 415 317 562 itio
339 516 480 579 negamus
504 507 603 560 cutem
621 500 769 559 minorem
785 497 939 559 scientiam
955 498 1031 578 exigi
1049 499 1084 561 in
1101 517 1158 563 nu·

145 580 260 646 diendis
275 584 503 647 confessionibus
519 584 719 664 simplicium,
736 592 768 643 ct
785 583 980 656 rusticorum,
995 582 1084 662 quim
1104 604 1163 647 cu-

144 668 350 744 riolisterum,
375 669 616 749 negotiantium,
639 668 902 731 ecclesiasticorum
913 713 925 744 ,
946 678 978 729 et
1001 669 1158 733 similium.

144 754 242 815 ldinor
260 756 331 817 itcm
348 755 468 816 scientio
489 754 675 833 requiritur,
689 762 724 813 ut
739 752 898 813 audientur
913 753 1108 815 consessiones
1124 756 1160 818 in

145 838 275 917 oppido,
297 838 386 919 quim
406 839 574 900 incivitate
596 858 604 898 r
623 847 654 899 et
670 835 817 917 preceipnd
838 837 862 897 si
881 838 989 898 alicubi
1012 839 1051 899 sit
1072 848 1159 901 tonte

145 922 389 987 confessariorum
409 923 530 1003 inopie,
548 930 584 983 nt
603 923 782 1002 poenitentes
797 920 939 983 deberent
956 930 1008 984 cut
1023 939 1076 1002 per
1088 924 1160 985 lon·

144 1024 216 1085 gum
237 1016 353 1089 tempus
370 1008 388 1069 d
410 1008 590 1072 consessione
615 1025 648 1069 se
671 1006 842 1083 obstinere,
860 1015 912 1069 cut
931 1005 990 1067 olid
1011 1006 1160 1085 proficisci

145 1088 180 1173 (t.
199 1095 229 1154 6.
250 1112 281 1157 u.
299 1094 392 1173 otu).
411 1095 470 1155 Sed
488 1093 544 1155 hoe
562 1111 623 1153 non
643 1092 751 1153 sufficit
779 1091 817 1151 od
840 1091 1018 1153 excusandos
1044 1092 1163 1170 aliquos

144 1178 334 1239 confessarios
347 1224 355 1253 ‚
368 1180 421 1257 qui
433 1179 565 1251 cursim,
580 1178 657 1237 lectt
676 1177 775 1254 ulique
793 1175 877 1236 brevi
893 1175 1015 1235 Summi
1028 1177 1135 1236 morcli
1149 1220 1160 1249 ,

145 1260 257 1325 temere
276 1264 313 1324 ud
333 1264 518 1342 excipiendos
535 1263 730 1325 consessiones
744 1279 777 1322 sc
800 1261 1015 1322 intromittunt.
1032 1262 1163 1339 Oportet

145 1346 263 1419 saltem,
281 1356 316 1408 ut
335 1349 527 1409 confessarius
546 1346 617 1408 sciet
635 1348 659 1408 1.
672 1346 710 1408 od
730 1365 796 1425 quoe
812 1364 865 1407 sua
875 1344 1039 1423 jurisdictio
1057 1363 1089 1406 se
1105 1364 1161 1409 ex-

148 1430 260 1493 tendat.
284 1433 429 1494 Adveniet
454 1432 502 1495 hio
526 1435 674 1512 quisque,
699 1432 863 1494 sacerdotes
881 1432 1032 1491 seculares
1055 1438 1086 1491 et
1109 1450 1163 1494 re·

146 1516 266 1595 puriores
281 1518 403 1580 alterius
421 1518 543 1579 Ordinis
562 1537 624 1579 nou
649 1536 734 1597 posse
756 1518 858 1578 andire
876 1517 1069 1601 confessiones
1086 1518 1163 1580 reli·

145 1602 296 1681 giosorum
307 1647 314 1675 ,
325 1604 389 1665 sine
400 1604 517 1664 licentia
526 1620 649 1663 suorum
661 1603 852 1683 praelotorum
865 1623 875 1680 3
887 1602 1015 1680 exceptis
1028 1602 1160 1679 ensibus,

147 1686 171 1747 si
196 1688 254 1749 iter
271 1696 377 1767 egent,
402 1690 426 1747 si
445 1688 515 1748 olibi
542 1695 720 1759 morentur,
744 1696 775 1748 et
790 1687 903 1749 socium
925 1704 986 1746 non
1007 1684 1159 1765 habeant,

145 1781 197 1835 out
217 1774 308 1834 ulium
329 1772 510 1833 sacerdotem
524 1772 671 1833 idoneum
689 1769 821 1849 ejusdem
847 1771 1009 1853 religionis.
1032 1772 1069 1831 Et
1085 1781 1161 1836 tunc

68 1862 74 1875 '
145 1858 284 1937 Religiosi
308 1865 431 1937 possunt
454 1858 565 1918 absolvi
586 1856 623 1916 ob
646 1856 728 1917 omni
750 1856 877 1934 simplici
897 1853 1065 1928 secerdote,
1081 1854 1161 1920 oum

144 1944 310 2021 superiorcs
335 1952 430 2016 tune,
455 1941 553 2002 dendo
571 1942 723 2003 licentium
748 1940 798 2001 his
824 1940 972 2014 subditis,
998 1940 1161 2006 intendunt

145 2045 210 2088 com
238 2028 307 2088 dore
331 2025 415 2104 juxte
442 2028 709 2098 consuetudinem,
732 2027 844 2087 scilicet
872 2024 1030 2087 confitendi
1061 2027 1161 2088 cuivis

144 2113 288 2174 secerdoti
305 2113 412 2174 idoneo
434 2112 560 2192 (1166.
580 2129 612 2172 n.
636 2112 730 2192 olo).
750 2113 826 2172 Item
848 2109 947 2190 quivis
965 2110 1160 2174 confessarius

144 2198 213 2259 sciri
239 2198 327 2260 debet
355 2215 462 2269 cesus,
489 2205 519 2256 et
542 2213 681 2256 censuros
708 2204 891 2267 reservatos,
924 2195 1028 2273 saltem
1055 2213 1103 2255 eos
1124 2197 1160 2260 in

144 2300 216 2362 quos
228 2281 411 2361 frequentius
422 2282 533 2343 incurri
550 2283 641 2353 solet,
657 2280 748 2360 proiit
762 2289 831 2341 suut
841 2282 1159 2345 excommunicationes

144 2367 260 2446 popoles
279 2385 345 2443 quoe
360 2375 430 2425 sunt
442 2368 472 2425 in
482 2365 562 2425 bulle
578 2369 696 2438 Cocum,
718 2364 836 2426 haeresis
846 2375 966 2426 externa
980 2411 989 2438 ,
1002 2368 1091 2428 lectio
1104 2377 1158 2430 out

143 2451 270 2513 retentio
291 2459 341 2508 out
353 2450 485 2510 venditio
503 2449 650 2512 librorum
664 2448 892 2524 hoereticorum,
909 2451 960 2528 qui
974 2469 1010 2512 ex
1023 2453 1156 2529 professo

143 2539 180 2602 de
207 2537 351 2616 religione
376 2545 527 2610 tractant,
557 2546 609 2596 eut
631 2538 784 2598 continent
807 2539 944 2598 hecresim
965 2539 1120 2600 formalem
1143 2563 1152 2602 r

142 2624 215 2684 item
235 2623 367 2700 quinque
387 2641 469 2683 cesus
491 2623 608 2706 populos
628 2619 783 2683 Ctemceete's
802 2625 892 2685 VIII.
909 2625 961 2701 qui
982 2631 1071 2697 sunt,
1085 2644 1167 2704 pers

143 2709 237 2772 cussie
252 2709 401 2780 enormis,
416 2716 467 2767 eut
486 2709 643 2770 mediceris
655 2709 754 2768 clerici
766 2752 774 2780 ‚
788 2709 836 2768 uel
854 2707 991 2772 monachi
1004 2754 1012 2779 ‚
1027 2711 1154 2772 simonio

142 2795 231 2856 realis
248 2838 254 2866 ‚
274 2802 327 2853 eut
354 2793 587 2865 confidentium,
613 2793 735 2854 uiolatio
756 2793 898 2854 clausurn
919 2794 1095 2854 monialium
1114 2795 1154 2857 ed

142 2879 255 2941 malum
275 2877 387 2952 finem,
414 2879 536 2940 violatio
557 2879 754 2940 immunitatis
772 2879 1042 2950 ecclesiasticmet
1067 2879 1154 2941 ducl-

141 2967 224 3040 lum,
248 2966 319 3026 itcm
331 2959 651 3025 'excommunicationes
671 2962 688 3024 d
710 2964 852 3025 Pontidce
870 2963 1027 3030 Benedicto
1047 2967 1149 3040 XIV,

141 3059 283 3112 emenotae
306 3051 338 3110 in
364 3049 546 3110 absolventes
565 3050 722 3128 complices
733 3049 767 3109 in
783 3048 905 3110 materie
921 3049 1002 3128 turpi
1024 3047 1099 3128 (eit.
1119 3051 1153 3112 6.

141 3135 290 3213 11666),
314 3144 343 3196 ot
363 3135 395 3195 iu
415 3151 464 3194 eos
491 3135 543 3213 qui
564 3134 670 3194 docent
695 3131 815 3212 possed
838 3133 1012 3194 confessorio
1036 3135 1153 3212 exquiri

142 3239 251 3285 nomen
269 3220 420 3300 complicis
440 3219 529 3280 etiem
551 3237 603 3298 per
616 3219 809 3282 absolutionis
825 3218 1041 3280 sacramentalis
1062 3237 1153 3300 negas

169 3359 202 3445 (1)Ι
218 3403 229 3426 α
244 3383 330 3430 Peccet
342 3346 415 3441 igitur
427 3379 517 3442 absque
530 3379 602 3426 dubio
617 3378 734 3438 graviter.
747 3379 787 3440 qni
800 3393 846 3425 non
860 3377 1007 3425 sufficienter
1018 3379 1150 3430 instruetur

139 3467 152 3494 ι
168 3450 241 3498 rudet
250 3447 405 3494 confessiones
416 3447 515 3493 audire:
528 3447 671 3506 Episcopus,
684 3446 725 3505 qui
736 3445 802 3490 illum
820 3444 936 3502 opprobst
945 3462 951 3489 r
960 3444 1076 3504 poeniteus
1089 3460 1151 3506 quo·

140 3531 153 3556 ι
168 3529 225 3573 que.
243 3512 284 3572 qui
300 3525 398 3560 noscens
413 3511 565 3571 ignoruntium
584 3512 637 3570 cius
647 3511 710 3572 opud
724 3510 799 3570 ipsum
813 3508 948 3557 confitetur.
959 3527 972 3550 ι
981 3509 1053 3557 Idem.
1064 3523 1104 3570 cp.
1115 3517 1148 3562 tr.

139 3577 178 3624 to.
185 3591 209 3623 n.
218 3577 256 3625 etl.

918 3640 985 3686 nott.
