2475 3975
374 195 423 255 Ee
436 191 570 274 operibus
584 192 735 255 Benedicti
743 195 834 258 XIV.
1049 198 1107 259 593

104 302 192 359 missa
212 299 250 359 de
272 297 345 358 lesio
368 303 502 374 agantur.
517 295 642 356 Perinde
660 304 702 356 est
722 304 819 358 autem
834 296 1004 357 sivealtare
1027 298 1106 359 istud

104 384 295 461 privilegium
328 381 435 441 babeat
457 390 653 458 perpetuum,
677 380 738 439 sive
762 382 798 441 ad
829 382 1035 461 septennium,
1059 385 1106 443 vel
1174 400 1176 407 ’

102 468 191 527 certis
207 465 302 527 solum
319 465 422 525 diebos
441 462 684 524 inhebdomadd.
699 465 728 523 Si
745 465 836 543 igitur
850 474 972 527 testator
986 464 1107 541 jusserit

101 552 249 613 celebrari.
263 550 318 610 sibi
337 550 439 609 missas
457 550 544 610 certis
560 548 751 608 hebdomadae
768 548 873 609 diebus
885 550 922 609 ad
938 550 1028 608 altare
1045 550 1107 626 pri·

101 638 293 714 vilcgiaturir‚
310 644 341 694 et
359 636 391 696 in
413 634 475 693 dies
494 635 565 694 istos
581 632 691 693 incidat
710 634 830 710 aliquod
851 635 958 695 festum
980 635 1104 711 duplex,

102 721 206 782 satisfit
224 720 355 781 testatori
375 735 443 780 cum
466 716 554 778 missal
570 717 609 777 de
625 718 707 777 festo.
730 718 811 779 Idem
829 719 908 779 dicas
927 718 965 778 de
982 718 1105 790 diebus,

102 806 134 865 in
157 804 266 883 quibus
291 804 400 881 duplex
420 802 541 879 quidem
563 818 624 860 non
647 801 761 872 currit,
784 803 834 862 sed
855 804 950 863 missae
975 821 1029 880 pro
1054 802 1106 863 de·

74 937 78 945 .
100 889 210 949 functis
229 897 381 948 vetantur.
398 888 465 945 llaec
489 886 588 946 omnia
611 903 647 944 ex
668 885 792 945 decretis
815 890 964 947 variorum
984 887 1106 950 Pontifi-

100 992 188 1048 cum,
208 992 336 1051 quorum
357 980 521 1051 postremus
544 976 590 1031 est
616 966 746 1031 Clemens
763 970 824 1035 XI.
844 972 888 1031 De
908 972 1004 1033 sacrif.
1022 972 1106 1033 miss.

100 1060 123 1119 l.
138 1061 167 1119 5.
184 1077 209 1119 e.
225 1060 320 1119 aaa.
335 1058 373 1118 8.,

138 1144 233 1202 Missae
246 1142 344 1201 altaris
356 1140 531 1219 privilegiati
546 1140 654 1200 debent
669 1140 782 1201 essede
798 1141 944 1220 requiem,
963 1140 1020 1201 nisi
1037 1138 1105 1201 caim

100 1227 259 1287 inciderint
280 1226 312 1284 in
334 1225 434 1296 diem,
457 1226 489 1283 in
510 1224 568 1303 qod
590 1224 685 1284 missae
705 1224 763 1285 illae
788 1224 928 1285 celebrari
955 1242 1015 1283 non
1038 1242 1106 1301 pas-

98 1320 190 1383 sunt,
211 1312 272 1369 sive
291 1310 406 1368 ratione
424 1309 489 1374 lestl
514 1308 659 1386 duplicis,
681 1309 743 1368 sive
765 1311 822 1369 alid
845 1310 1041 1386 qudcumque.
1061 1310 1104 1368 lta

97 1414 136 1455 ex
154 1392 291 1472 plurimis
306 1390 483 1451 Pontilleum
501 1392 636 1452 decretis.
652 1394 725 1452 inst.
740 1395 817 1453 Ecol.
837 1395 885 1452 dl.
904 1412 935 1453 n.
948 1394 996 1454 27.

138 1480 233 1538 Missae
251 1476 373 1556 privatae
394 1475 432 1535 de
448 1477 577 1557 requiem
595 1476 776 1537 celebrandae
799 1496 859 1537 nen
882 1488 950 1537 sunt
973 1477 1104 1537 infestis

97 1563 283 1641 duplicibus,
299 1570 330 1622 et
340 1560 495 1632 dominicis
513 1560 634 1634 dicbus,
647 1562 723 1621 sicut
739 1580 793 1621 nec
813 1564 887 1621 intra
910 1570 1023 1622 octavas
1036 1562 1104 1640 Epi·

98 1646 231 1726 plianiae‚
256 1644 371 1707 Paschae
389 1654 419 1706 et
440 1648 639 1716 PentecosteS,
663 1648 759 1725 primi
778 1647 827 1707 die
848 1648 1101 1726 Quadragesimae‚

98 1731 161 1791 tota
179 1730 368 1790 Hebdomade
384 1731 501 1804 sanetd,
521 1732 554 1789 in
572 1732 680 1808 vigiliis
698 1732 864 1791 Natiuitatis
885 1734 1022 1803 Domini,
1034 1734 1104 1809 Epi·
1207 1785 1210 1790 .

96 1814 231 1895 phanias,
253 1816 495 1889 etPentecostes3
508 1813 635 1889 denique
652 1832 687 1872 ex
701 1814 825 1872 decretis
843 1816 872 1873 S.
886 1818 919 1872 C.
935 1816 1011 1874 inira
1024 1827 1103 1875 octa·

97 1920 166 1961 vam
174 1899 313 1977 Corporis
322 1896 430 1967 christi
440 1942 449 1971 ,
461 1896 491 1958 et
500 1898 611 1958 Natalis
624 1898 744 1958 Domini
756 1942 764 1971 ,
778 1898 853 1958 sicut
867 1916 922 1957 nec
935 1898 1001 1959 edm
1014 1918 1103 1977 expo-

98 1986 192 2046 situm
209 1994 254 2043 est
271 2001 375 2044 vener.
394 1982 522 2045 Sacram.
537 1982 611 2042 lbid.
626 1983 676 2044 28.

135 2070 303 2140 Selemnos,
320 2077 351 2128 et
366 2075 488 2132 cantate
502 2087 557 2146 pro
569 2068 718 2132 Delunctis
735 2069 829 2131 missae
843 2068 900 2147 quai
914 2069 961 2128 die
976 2067 993 2128 b
1012 2075 1101 2128 testa-

97 2164 163 2216 tore
183 2153 359 2231 praescriptae
375 2161 465 2222 sunt,
485 2162 516 2212 et
540 2153 590 2215 illa
614 2152 653 2211 sit
675 2153 744 2214 rard
764 2173 860 2216 annua
883 2155 962 2217 illius
983 2153 1100 2226 ubiuis,

95 2237 237 2298 celebrari
259 2244 402 2314 possunt,
424 2236 537 2295 etiamsi
563 2235 703 2302 ciliciumv
716 2237 754 2296 sit
777 2238 814 2296 de
836 2238 951 2316 duplici
974 2236 1100 2314 majori,

96 2323 145 2384 vel
165 2321 285 2380 minori.
298 2323 341 2380 lta
358 2339 395 2380 ex
412 2321 530 2382 decreto
549 2321 579 2381 S.
591 2322 682 2383 C.‚De
700 2321 796 2385 sacris.
815 2323 910 2380 missae
928 2322 949 2381 l.
966 2323 998 2386 5.
1010 2342 1036 2382 e.
1050 2325 1099 2382 25.

96 2427 129 2467 n.
145 2407 176 2466 b.
192 2407 259 2466 Non
282 2405 353 2466 verb
375 2407 408 2464 in
429 2405 584 2466 dominicis
605 2415 635 2464 et
652 2405 732 2464 lestis
753 2406 790 2464 de
812 2412 976 2484 praecepto,
995 2424 1049 2466 nee
1070 2408 1101 2472 in

95 2493 152 2569 ile,
184 2491 216 2550 in
246 2490 354 2569 quibus
381 2505 436 2556 nee
465 2489 503 2551 de
525 2489 635 2568 duplici
658 2491 704 2568 agi
728 2497 835 2569 potest.
865 2493 937 2554 lust.
962 2493 1040 2552 Eccl.
1070 2495 1099 2554 e.

94 2595 127 2638 n.
146 2578 197 2636 el.
214 2583 245 2634 et
263 2593 325 2652 seq.

135 2665 283 2723 Praesente
308 2677 432 2740 corpore
457 2661 572 2721 canitur
595 2661 716 2738 quidem
741 2661 828 2721 missa
852 2677 906 2738 pro
928 2661 1099 2735 Delendis,

94 2747 224 2825 exceptis
250 2755 350 2805 tamen
371 2745 539 2824 duplicibus
563 2746 667 2823 primae
691 2745 798 2804 elassis.
821 2746 892 2818 Quae
916 2746 1005 2804 verba
1031 2756 1101 2806 sunt

93 2832 205 2892 decreti
229 2831 260 2888 S.
277 2829 312 2890 e:
330 2828 453 2888 llituum
474 2829 522 2888 die
543 2831 571 2889 b.
593 2827 661 2905 julii
682 2830 769 2890 1698.
792 2831 929 2891 Attamen
952 2833 1100 2890 nonsatis
1122 2881 1127 2902 2

94 2923 234 2988 constat,
259 2932 298 2972 an
320 2913 351 2972 id
376 2915 502 2975 vetitum
525 2914 564 2974 sit
588 2916 620 2973 in
643 2916 780 2975 omnibus
806 2913 973 2990 duplicibus
997 2916 1101 2993 primae

94 2999 193 3061 classis
202 3044 212 3075 ‚
227 3007 257 3059 ct
270 3016 331 3058 non
347 2997 462 3059 tantiam
479 2999 511 3058 in
530 2999 622 3077 magis
642 3000 833 3061 solemnibus.
849 3002 891 3058 De
904 2999 998 3058 sacris.
1017 3000 1097 3058 miss.

94 3085 244 3162 l.5.cap.
262 3085 310 3143 25.
330 3084 408 3142 mli.

132 3169 204 3228 Dies
226 3167 335 3244 tertia,
355 3168 498 3246 septima,
519 3177 549 3227 et
571 3169 739 3247 trigesima,
760 3187 826 3248 quae
850 3169 959 3230 habent
982 3171 1099 3232 missam

93 3253 307 3315 eum-oratione
318 3252 438 3329 propria
453 3252 485 3311 in
498 3252 710 3330 blissali„nibil
729 3252 837 3315 liabent
849 3256 995 3334 privilegii
1011 3263 1098 3334 supra

92 3338 223 3414 reliquas
240 3336 379 3414 privatas.
396 3335 473 3395 lbid.

133 3423 164 3479 Si
187 3418 329 3499 parochus
351 3419 424 3478 duas
444 3430 526 3499 regat
547 3422 705 3499 paroecias,
725 3441 779 3482 nee
799 3425 899 3501 populi
924 3424 1011 3481 unius
1032 3439 1098 3498 pos-

93 3509 156 3568 sint
174 3505 205 3563 in
225 3504 369 3582 templum
385 3504 505 3563 alterius
523 3507 698 3578 convenire,
714 3525 745 3564 ae
765 3508 839 3566 desit
856 3508 929 3565 alius
948 3505 1096 3576 sacerdos,

93 3597 194 3667 potest
207 3588 279 3649 duas
302 3589 401 3652 missas
421 3589 524 3648 codem
544 3591 593 3648 dic
612 3589 768 3650 celebrare.
787 3592 830 3650 lle
844 3607 915 3650 saer.
939 3589 1017 3646 miss.
1033 3589 1054 3646 l.
1066 3591 1094 3646 5,
