2475 3975
131 122 192 187 ill
326 120 463 205 Epitome
476 121 617 185 betuna
627 90 943 187 morathetcanortrc

167 225 271 301 Quoad
284 224 506 305 dispositionem
524 225 627 303 capitis
641 225 716 285 Cum
729 244 817 303 esser,
839 242 900 288 non
913 226 1020 288 suliicit
1038 229 1064 289 si
1077 228 1139 290 sint

128 310 189 372 duo
210 310 259 373 rel
280 319 340 372 tres
356 320 463 383 testes,
486 317 516 371 et
535 311 611 370 absit
636 309 805 387 parochus,
828 308 948 371 crimin
969 329 1081 374 canone
1097 315 1137 373 sit
1212 364 1213 395 ,

128 412 228 456 coram
248 392 415 476 presbytero
426 408 491 455 uto.
505 395 565 454 Nee
583 394 692 455 sufficit
711 394 736 456 si
757 394 904 455 deiectum
918 394 1039 473 parochi
1064 416 1138 475 sup·

127 477 207 558 ptcat
231 479 419 557 capellanus3
435 479 510 539 sicut
528 496 625 555 neque
638 478 663 538 si
686 479 872 557 prasentiam
894 488 1011 555 proestet
1022 481 1137 541 conics·

127 563 221 623 sarius
242 562 421 625 ordinarius.
441 560 569 623 Demtlm
594 570 683 623 testes
699 564 822 623 masculi
839 563 1059 640 requiruntur,
1079 582 1136 625 nec

127 644 255 708 immina
274 648 384 708 valent.
410 645 538 707 Demhm
557 647 638 708 volat
666 654 876 707 testamentum
894 648 935 706 ita
957 647 1132 722 conditum,

127 732 241 793 etiamsi
258 740 380 793 testator
393 731 504 795 nonsit
520 731 553 792 in
575 740 710 793 extremo
726 732 794 793 vitas
808 729 951 811 periculo.
976 730 1020 793 tb.
1043 750 1075 793 ιι.
1101 732 1132 793 8.

128 814 159 876 tt.
176 824 207 877 et
225 817 272 876 to.
1212 816 1213 821 ’

164 899 323 962 Scrihenda
336 910 406 963 sunt
419 908 592 965 testamenta
608 901 626 963 is
645 900 772 982 parocho
794 918 895 963 coram
916 901 1042 965 testibus
1054 945 1063 975 ,
1075 900 1134 963 eth

128 992 268 1046 testatore
281 986 507 1064 subscribenda,
524 988 600 1048 sicut
625 990 714 1048 etiam
738 985 755 1046 h
769 985 897 1064 parocho
913 996 943 1047 et
952 986 1085 1047 testibus.
1103 985 1134 1045 Si

127 1071 364 1132 tamenscriberc
376 1071 533 1151 ignorent,
553 1070 812 1148 sufficltscriptora
827 1070 964 1149 parochi,
977 1070 1134 1150 etsignum

128 1156 408 1235 crucisimpressum
422 1158 454 1219 in
468 1156 568 1217 ehartd
587 1155 604 1216 t
624 1156 759 1217 testibus.
775 1155 851 1217 ibid.
864 1175 896 1216 ιι.
911 1158 961 1215 il.

167 1243 211 1303 tta
223 1242 367 1321 scriptum
384 1250 593 1303 testamentum
604 1243 708 1302 saltem
732 1241 811 1301 intra
827 1251 893 1303 octo
910 1242 972 1303 dies
990 1238 1134 1319 parochus

127 1342 195 1387 cum
215 1327 338 1389 testibus
350 1327 466 1389 deferre
480 1326 569 1388 debet
580 1326 732 1387 tabelliooi
742 1347 752 1403 3
775 1335 805 1387 et
819 1328 844 1386 si
860 1326 937 1385 adsit
958 1326 1134 1402 subscriptio

127 1410 273 1471 testatoris
287 1417 317 1471 et
334 1412 453 1473 testium
465 1457 474 1484 ,
486 1430 546 1472 non
562 1412 747 1490 requiritur,
767 1418 802 1471 ut
818 1410 934 1489 singula
952 1418 1089 1470 contenta
1102 1410 1133 1469 in

128 1503 301 1557 testamento
314 1496 443 1557 referant
456 1496 581 1557 nomrioa
592 1497 623 1558 Si
639 1496 721 1557 nulla
732 1497 771 1556 sit
784 1494 932 1556 testatoris
945 1494 1132 1572 subscriptio,

126 1586 196 1639 lunc
214 1578 357 1654 parochus
372 1598 422 1638 seu
445 1580 579 1641 sacerdos
596 1582 663 1641 rival
683 1599 754 1642 voce
773 1582 940 1657 exprimere
950 1579 1040 1639 debet
1052 1579 1133 1656 quid·

25 1683 26 1706 ι
125 1661 197 1739 quid
210 1660 242 1720 in
263 1677 298 1720 eo
314 1667 490 1721 testamento
515 1663 708 1739 continetur,
727 1663 807 1741 quod
829 1662 893 1723 eth
915 1662 1038 1741 singulis
1052 1665 1134 1723 tasti-

33 1733 39 1750 “
125 1743 328 1807 busseorstlm
348 1744 550 1825 prostantium
576 1756 630 1807 est.
646 1748 805 1825 Denique,
829 1756 859 1808 et
877 1746 984 1825 singuli
1005 1747 1048 1807 illi
1063 1747 1135 1807 sub·

125 1831 317 1910 scriptionem
331 1848 415 1891 suam
428 1839 597 1909 agnoscant.
617 1830 663 1890 tb.
678 1850 711 1891 ιι.
727 1832 776 1891 ts.
791 1832 849 1891 llas
868 1830 940 1893 verb
959 1848 1060 1895 omnes
1080 1832 1135 1893 de-

125 1917 285 1998 positiones
295 1915 404 1976 scribat
418 1915 553 1992 tabellio,
575 1923 606 1976 ct
611 1913 718 1994 jungat
737 1922 924 1998 testamento.

163 2001 208 2063 ad
232 2000 373 2062 servando
396 2001 488 2073 verb,
512 2001 634 2078 quaein
657 2009 833 2062 testamento
856 2001 1051 2073 mandantur,
1071 2001 1134 2064 dis·

126 2087 220 2150 eussio
238 2085 357 2166 parochi
379 2092 411 2145 et
430 2086 551 2146 testium
573 2085 686 2164 agenda
713 2095 757 2146 est
777 2085 793 2144 h
813 2084 912 2162 judice
931 2088 1132 2164 competenti,

126 2172 212 2232 citati
234 2180 337 2251 parte,
357 2169 440 2248 cajus
464 2171 607 2242 interest,
634 2170 754 2249 excepti
777 2179 875 2230 tantm
897 2170 1132 2245 consuetudine,

125 2257 284 2317 utvaieant
303 2263 499 2327 testamenta,
523 2254 604 2316 nulla
622 2255 697 2317 lacti
712 2254 936 2333 publicatione,
958 2254 984 2315 si
1008 2255 1059 2316 illa
1084 2273 1133 2317 rc·
1212 2269 1213 2272 ’

125 2342 219 2421 posita
233 2338 339 2403 sintin
353 2337 502 2402 Archivio.
516 2339 561 2403 lb.
578 2358 610 2400 n.
625 2341 673 2402 lb.

511 2511 607 2571 VASA
625 2510 755 2573 SACRA.

161 2687 237 2746 Vasa
264 2701 344 2745 sacra
369 2682 443 2744 dum
470 2690 536 2744 actu
564 2681 719 2744 continent
750 2683 862 2760 Corpus
886 2689 918 2742 et
952 2683 1132 2761 Sanguinem

123 2769 256 2842 Christi,
283 2778 404 2848 tangerc
431 2786 519 2830 nemo
542 2768 616 2830 alius
637 2766 841 2848 permittitur,
861 2767 919 2828 nisi
938 2768 1074 2832 sacerdos
1102 2780 1132 2830 et
1212 2775 1213 2854 l

123 2813 352 2999 diatscpppssfflnis
382 2936 485 2997 datum
501 2944 546 2996 est
572 2937 605 2995 in
631 2935 732 2996 altaris
756 2905 922 2997 ministerio
943 2943 1065 3014 tangere
1085 2956 1132 2998 ca·

122 3025 209 3086 licem
230 3031 260 3083 et
278 3031 442 3116 patenam,
466 3021 540 3082 dom
557 3021 670 3100 Corpus
690 3027 720 3080 ct
748 3021 928 3100 Sanguinem
944 3019 1055 3086 Christi
1072 3040 1132 3083 non

121 3107 311 3270 cmiltddiyntiiis
337 3193 406 3252 licet
428 3199 549 3270 tangere
576 3191 648 3265 illa,
677 3189 727 3252 sed
754 3197 837 3250 extra
866 3187 1066 3250 ministerium
1090 3190 1132 3250 al·
1212 3237 1213 3300 t

121 3274 193 3334 iaris
214 3274 294 3350 quod
324 3276 414 3335 etiam
442 3275 612 3336 extenditur
634 3274 671 3334 ad
698 3291 801 3336 omnes
828 3272 925 3344 illos,
951 3275 1003 3352 qui
1036 3273 1132 3354 primii
1212 3303 1213 3330 t

123 3358 257 3415 ronsura
289 3359 397 3418 initiati
431 3369 512 3420 sunt.
555 3360 625 3423 ttae
653 3359 753 3468 omnia
782 3375 818 3418 ex
849 3316 1004 3436 the'oiogls.
1034 3360 1130 3420 instit,
1212 3387 1213 3392 ι

120 3436 229 3503 Eceles
242 3439 290 3498 st.
310 3457 342 3499 ιι.
356 3441 404 3500 18.
