2475 3975
340 195 391 255 Bac
405 192 540 275 operibus
556 191 709 281 Benedicti
718 195 809 257 XIV.
1023 200 1081 261 597

7 296 17 324 ⁷
74 304 213 375 appareat
233 301 404 357 testatorem
424 293 551 355 voluisse
568 294 600 355 in
621 282 753 375 qua'libet
766 294 950 357 hebdomadi
969 298 1013 358 bis
1035 288 1082 360 vel

7 383 16 420 ἕ»
75 391 123 441 ter
135 380 277 442 celebrari
290 426 299 453 ,
313 398 352 439 nc
365 398 476 459 pagus,
495 389 545 439 aut
568 380 671 440 altaria
684 380 819 460 quaedam
833 381 956 459 singulis
971 381 1084 443 hebdo-

7 537 10 546 γ
76 466 212 526 madibus
226 464 317 527 missi
336 475 480 525 carerent.
495 466 539 525 De
549 482 624 523 sacr.
637 466 719 525 miss.
734 466 755 525 l.
773 466 801 526 5.
815 485 841 526 ε.
855 467 883 525 9.
895 484 927 525 n.
939 468 969 527 8.

7 565 14 592 ³
115 552 145 609 Si
168 552 321 612 conserens
334 550 551 628 eleemosynam
572 549 669 609 missae
684 558 800 628 tempus
815 551 1028 630 praescripserit
1045 553 1084 613 ob

9 639 12 644 ’
76 629 213 713 causam,
236 655 304 715 quae
315 634 429 695 differri
448 653 509 694 non
524 635 634 713 possit,
649 635 782 695 sacerdos
803 654 862 695 non
879 654 998 715 servans
1010 638 1083 697 illud

10 721 13 757 ³
75 731 193 800 tempus
212 721 294 781 deest
309 720 481 797 obligationi
496 738 576 794 suae,
587 738 622 780 ao
640 728 758 781 tenetur
770 720 986 801 eleemosynam
999 723 1085 783 resti-

73 816 171 867 tuere.
189 806 264 866 lbid.
282 824 312 865 n.
328 807 359 865 6.

112 890 253 952 Sacerdos
269 908 343 950 onus
357 888 469 949 habens
490 889 587 949 missae
605 889 801 968 quotidianae,
829 892 947 952 unicam
968 890 1084 952 tantiam

74 978 195 1039 missam
213 975 360 1054 applicare
382 974 500 1053 cogitur
515 974 547 1033 iu
569 974 644 1034 festo
664 975 774 1035 Natalis
795 976 926 1036 Domini.
940 978 986 1036 Au
1012 976 1084 1049 verb
1134 968 1136 973 ’

6 1067 12 1103 ῖ’
72 1060 221 1141 parochus
238 1061 343 1121 itidem
363 1066 501 1119 teneatur
520 1066 580 1118 tres
605 1059 670 1137 ejus
693 1058 750 1119 diei
779 1060 880 1121 missas
899 1079 953 1140 pro
975 1061 1094 1139 populo.

7 1157 10 1169 “
72 1148 238 1226 applicare,
255 1163 419 1224 numquam
436 1144 568 1204 decisum
584 1144 645 1205 bS.
658 1147 890 1223 congregatione
912 1146 1084 1223 reperitur,

7 1235 9 1271 ἓ
71 1241 194 1294 tenetur
209 1239 329 1304 tamen,
344 1237 380 1289 ut
394 1229 495 1291 obviet
508 1230 644 1291 seandalo
653 1274 664 1306 ,
689 1240 750 1290 tres
771 1230 805 1290 eb
823 1231 871 1291 die
888 1232 991 1291 missas
1010 1230 1086 1291 celc-

69 1319 172 1381 brarc.
187 1316 264 1379 lbid.
280 1334 312 1375 n.
324 1318 355 1376 9.
690 1365 693 1371 .

116 1405 194 1463 Sunt
221 1401 272 1479 qui
303 1400 450 1471 doceant,
480 1398 530 1459 die
555 1400 845 1461 commemorationis
870 1400 1086 1463 Defunctorum

69 1503 188 1551 cessare
208 1503 283 1545 onus
296 1484 464 1564 capellaniae
483 1482 664 1561 quotidianae
679 1528 687 1556 ,
702 1485 832 1561 adeoque
856 1484 1006 1563 integrum
1024 1505 1086 1545 csse

70 1573 226 1654 capellano
251 1571 284 1630 aa
308 1571 356 1631 die
375 1570 423 1629 vel
455 1587 511 1648 pro
539 1568 685 1629 defunctis
718 1570 878 1644 omnibus,
905 1571 985 1649 quod
1010 1581 1086 1632 esset

70 1658 244 1737 optimum,
258 1655 305 1716 vel
321 1672 377 1734 pro
400 1654 516 1733 privato
529 1651 657 1732 quodam
681 1653 819 1713 defuncto
835 1656 991 1733 applicare.
1007 1654 1083 1717 lbid.

70 1761 162 1803 num.
187 1743 217 1799 9.

113 1823 254 1887 Canonici
280 1824 314 1883 in
341 1820 555 1882 cathedralibus
577 1830 608 1880 et
631 1819 805 1897 collegiatis,
827 1823 878 1899 qui
910 1823 994 1899 juxta
1016 1844 1087 1903 prae·

69 1914 220 1991 scriptum
243 1907 381 1967 Rubricae
398 1908 485 1967 certis
515 1904 692 1983 quibusdam
717 1904 822 1965 diebus
854 1907 953 1984 plures
985 1908 1087 1968 missas

70 2015 183 2062 canere
200 2005 360 2066 tenentur,
379 2013 417 2053 au
437 2011 539 2053 omncs
557 1993 682 2052 debeant
696 1992 842 2070 applicare
853 2013 908 2072 pro
919 1993 1086 2056 benefacto·

69 2084 160 2144 ribus
173 2098 337 2159 numquam
350 2078 366 2139 b
380 2081 411 2138 S.
420 2079 564 2158 Congreg.
580 2077 711 2137 decisum
724 2086 778 2136 est.
793 2078 867 2138 lbid.
882 2098 914 2139 u.
929 2080 959 2138 9.

113 2169 306 2246 eleemosyna
321 2185 376 2246 pro
387 2163 513 2226 missisb
532 2162 716 2242 regularibus
735 2162 915 2225 celebrandis
930 2170 963 2226 in
981 2185 1087 2230 eorum

70 2253 230 2328 Ecclesiis,
248 2251 377 2335 'taxanda
396 2260 442 2311 est
461 2250 498 2309 ab
519 2249 679 2311 Ordiuario
700 2248 779 2327 loei3
804 2259 839 2311 ut
857 2268 895 2312 ex
915 2251 1033 2314 decreto
1052 2253 1085 2312 S.

70 2343 220 2416 congreg.
233 2339 307 2397 lust.
326 2336 404 2395 Eeel.
417 2336 465 2394 56.
480 2353 511 2393 u.
523 2335 572 2393 lo.
885 2411 887 2415 Ι

115 2423 272 2482 blissarum
286 2421 503 2499 eleemosynam
512 2419 590 2478 ultra
604 2418 798 2496 quantitatem
811 2419 997 2503 abEpiseopo
1007 2433 1086 2486 taxa·

71 2518 139 2568 tam
154 2507 338 2585 exigerenon
351 2513 475 2584 possunt
486 2503 650 2564 sacerdotes
659 2513 719 2566 tam
733 2506 894 2580 saeculares,
904 2509 993 2588 quam
1003 2529 1086 2590 regu·

70 2595 175 2667 lares,
199 2589 375 2674 namfldebet
391 2589 455 2648 dari
471 2588 607 2666 quaedam
625 2596 779 2671 proportio
793 2592 871 2652 iuter
892 2593 922 2653 id
941 2596 1020 2671 quod
1033 2598 1086 2656 da-

69 2687 151 2746 tur,
166 2683 196 2735 et
216 2674 296 2752 quod
317 2674 483 2752 accipitur,
506 2673 582 2733 banc
601 2685 700 2736 autem
719 2677 941 2758 proportionem
962 2679 1087 2740 delinire

70 2762 115 2823 ad
134 2761 309 2838 Episcopum
329 2768 459 2838 spectat,
473 2776 565 2843 quare
582 2757 731 2836 justitiam
753 2764 995 2824 commutatlvam
1007 2765 1087 2826 laedit

68 2847 130 2909 illo
143 2844 293 2917 sacerdos,
310 2846 362 2922 qni
377 2846 444 2923 plus
459 2845 601 2922 exigeret.
615 2845 825 2909 Potesttamen
843 2848 915 2908 daus
929 2849 1009 2910 ultrb
1021 2852 1088 2929 plus

69 2933 151 2992 darc
163 2973 172 3001 ,
185 2939 215 2988 et
228 2937 330 3007 potens
345 2931 445 2990 minus
466 2931 617 3007 accipere,
636 2950 814 3011 quamquam
838 2933 903 2992 ficri
920 2935 1032 3011 possit,
1054 2946 1088 2998 ut

70 3014 238 3091 aliquando
250 3012 441 3090 prohibeatur
453 3014 585 3074 sacerdos
601 3015 700 3076 minus
714 3019 843 3094 accipere
854 3062 862 3087 ,
875 3035 913 3078 nc
931 3017 1000 3078 binc
1016 3038 1087 3080 con-

70 3097 207 3160 suetudo
222 3098 428 3158 introducatur
448 3099 547 3157 minus
566 3097 655 3158 dandi
681 3101 712 3160 in
730 3101 934 3182 praejudicium
948 3103 1086 3166 allorum.

71 3186 148 3244 llaec
160 3183 260 3244 omnia
275 3179 333 3242 late
346 3183 378 3242 iu
390 3180 502 3262 synod.
518 3182 604 3242 dioec.
619 3182 641 3243 l.
657 3185 686 3244 5.
699 3205 725 3244 c.
738 3187 767 3246 9.
782 3194 812 3244 et
829 3185 859 3246 id
875 3188 953 3266 quod
973 3199 1089 3268 postre-

68 3266 129 3331 mb
148 3267 228 3340 dixi,
242 3267 436 3329 confirmatur
449 3285 485 3327 ex
501 3266 620 3327 decreto
637 3269 879 3350 congregationis
891 3273 1013 3334 concilii
1026 3275 1086 3334 lato

70 3354 112 3414 in
126 3352 186 3412 unb
196 3353 227 3411 S.
238 3351 371 3412 Severini
389 3351 438 3411 dle
456 3352 495 3412 lb
505 3350 573 3428 julii
586 3353 680 3434 toea.

118 3437 273 3500 llissarum
287 3436 432 3515 stipendia
446 3479 454 3509 ,
473 3435 576 3514 siquae
591 3445 707 3516 accepta
721 3449 790 3499 sunt
802 3457 858 3518 pro
872 3439 1001 3500 curanda
1011 3439 1086 3498 ccle-

68 3520 216 3584 bratione
230 3521 407 3593 missarum,
423 3520 547 3580 retineri
569 3537 628 3580 nou
643 3533 789 3598 possunt,
810 3533 894 3602 parte
914 3520 1086 3582 eorumdem

68 3603 187 3749 traqitb
212 3603 356 3752 querdoti
391 3603 577 3680 celebranti,
605 3607 721 3669 etiamsi
751 3625 819 3686 pars
850 3607 900 3668 illa
914 3605 1081 3750 4εοιιιὶιιεει

149 3706 209 3750 orn.
274 3731 283 3750 .
894 3689 912 3748 5
