2475 3975
136 142 198 212 tto
331 140 469 227 Epilourc
483 138 624 205 doctrino
635 130 954 203 moroiisotcouooicci

136 239 309 310 earumdem
325 245 523 317 monialium,
550 252 584 303 ut
600 242 625 304 si
644 243 741 321 aliqua
768 258 805 302 ex
829 241 888 303 illis
907 246 987 321 peut
1008 256 1069 319 pro
1084 260 1148 305 ma-

134 332 193 411 jori
215 332 307 393 animi
331 331 378 393 soi
400 330 523 408 quiete,
545 337 577 389 et
599 329 736 389 ulteriori
760 344 916 405 progressu
944 326 978 389 in
999 326 1049 386 vid
1072 328 1147 399 Dei,

108 469 115 477 .
138 426 173 478 ut
196 416 354 495 aliquando
370 414 465 476 ,licen
494 412 550 474 sibi
578 410 714 475 confiteri
732 411 875 473 sacerdoti
897 410 935 471 ad
961 412 1149 491 excipiendas

138 502 312 563 monialium
328 498 522 561 coolmsiooas
541 496 603 576 jam
617 498 781 576 approbato
802 541 810 569 ‚
829 496 943 557 etiarnsi
957 498 995 559 sit
1024 497 1149 558 alterius

138 585 253 646 ordinis
272 585 434 663 regularis,
458 584 505 643 rel
521 582 655 644 sanemus
672 582 837 660 secularis,
859 600 919 643 nou
936 582 997 642 sint
1016 581 1152 645 difficiles

138 670 176 731 ad
194 670 388 749 prebendam
405 686 567 729 assensum.
581 669 754 747 Requiritur
769 677 867 728 tamma
879 685 1015 747 semper,
1032 677 1066 730 ut
1080 686 1152 729 con·

139 755 274 815 fossarius
291 754 345 814 iste
361 753 610 820 extraordinarius
632 754 669 813 sit
688 770 723 812 ex
750 752 919 832 approbatis
941 752 978 813 ab
992 750 1152 813 ordinario

139 839 177 901 od
192 838 385 900 consessiones
402 839 578 899 monialium
592 837 762 899 audiendas.
777 836 928 899 Postremb
946 839 969 898 si
984 839 1152 917 superiores

140 923 290 1003 regulares
310 942 372 985 noa
399 925 505 985 saltem
521 924 613 985 semd
641 924 673 983 in
695 940 772 983 anuo
793 923 936 1001 elegerint
951 924 982 983 in
1005 925 1151 985 consessa-

141 1008 221 1069 rium
239 1008 532 1082 extraordinarium,
552 1009 600 1070 vel
622 1008 800 1069 sanerdotom
822 1008 1011 1081 secularem,
1034 1008 1081 1069 vel
1102 1028 1152 1069 re·

141 1096 274 1171 gularcrn
289 1095 409 1155 alterius
428 1093 558 1167 ordinis,
582 1094 615 1155 in
636 1111 672 1153 eo
693 1110 759 1152 casu
774 1092 941 1153 devolvitur
959 1092 1022 1153 baca
1045 1094 1152 1155 electio

141 1178 179 1239 ad
197 1180 384 1259 Episcopum.
403 1180 471 1239 llaec
491 1178 600 1239 oblatio
618 1178 785 1239 confessarii
805 1177 1031 1239 extraordinarii
1046 1178 1092 1239 bis
1104 1179 1152 1239 rci

141 1271 189 1323 ter
207 1264 239 1324 io
266 1282 363 1340 anno,
388 1264 465 1323 sicut
485 1272 516 1323 et
535 1272 639 1324 caetera
663 1263 788 1335 omnia,
820 1280 886 1341 quae
913 1262 1049 1341 superius
1076 1282 1153 1343 pru-

141 1348 251 1427 scripu
273 1357 361 1419 suot,
382 1349 513 1427 praestari
535 1348 644 1409 debent
666 1349 755 1408 oliam
776 1366 843 1407 cum
867 1347 931 1406 aliis
950 1347 1151 1422 mulieribus,

142 1433 204 1493 sive
224 1433 428 1511 regularibus,
450 1431 513 1493 sive
537 1432 725 1493 semissibus
742 1430 933 1509 collegialiter
953 1431 1153 1508 degentibus,

142 1534 210 1595 qooe
228 1518 349 1577 unicum
364 1516 474 1577 babent
486 1517 706 1577 confessarium.
722 1518 790 1576 liano
803 1517 901 1575 omnia
919 1535 956 1576 ex
969 1519 1057 1589 uariis
1071 1519 1102 1579 S.
1118 1520 1152 1579 C.

142 1598 266 1659 decretis
278 1600 350 1659 olim
361 1601 489 1659 stabilita
510 1600 665 1661 confirmat
686 1601 820 1661 Pontifex
837 1600 868 1659 iu
887 1600 968 1661 bulli
984 1599 1155 1669 Pastoroiis

143 1683 239 1745 cnm.

181 1770 315 1830 Duroote
333 1786 456 1831 munere
478 1769 645 1831 mniessarii
668 1770 893 1831 extraordinarii
916 1788 972 1849 pro
990 1771 1051 1831 toti
1072 1790 1155 1837 eom·

144 1853 312 1932 munitate,
331 1874 390 1915 noo
404 1856 474 1915 licet
488 1855 663 1915 molessario
673 1855 823 1915 ordinario
839 1854 941 1914 audire
959 1856 1155 1916 consessiones

143 1938 267 2016 alicujus
290 1939 423 2018 ejusdem
450 1940 618 2001 monasterii
648 1940 808 2011 monialis,
837 1957 932 2019 neqoe
956 1940 1077 2002 alterius
1102 1960 1155 2001 cu·

142 2021 318 2102 juscumqoe
343 2025 422 2085 intra
442 2034 524 2104 scptu
542 2026 717 2086 monasterii
737 2033 789 2084 aut
811 2025 869 2103 piae
895 2023 1001 2086 dontius
1022 2042 1156 2088 commo·

144 2109 248 2170 rantis.
262 2109 340 2170 ibid.

182 2196 286 2268 Quoad
303 2213 439 2256 censuras
447 2213 528 2282 „seu
552 2211 652 2274 poeons
671 2195 703 2254 io
717 2195 830 2255 casibus
847 2194 967 2255 occultis
987 2195 1077 2258 etiam
1090 2197 1157 2262 rio·

144 2278 212 2339 lates
226 2281 388 2351 clausurae,
409 2281 456 2340 vel
471 2282 502 2340 in
520 2279 717 2357 dispensando
735 2280 771 2339 ab
791 2280 890 2358 aliquo
913 2280 1026 2341 occulto
1039 2281 1156 2344 deiecto

147 2363 243 2441 major
261 2367 501 2425 Paenitentiarios
524 2363 734 2426 confessarium
755 2365 932 2426 monialibus
951 2367 1095 2430 consedit.
1118 2374 1156 2431 in

145 2449 260 2508 casibus
288 2449 413 2527 publicis
435 2451 601 2521 clausuro,
625 2447 642 2510 i
663 2450 860 2522 monialibus,
879 2450 926 2510 vel
941 2449 979 2518 ab
999 2452 1065 2516 aliis
1087 2457 1157 2532 qui-

145 2531 328 2613 buscumque
350 2533 387 2595 od
416 2534 527 2594 malum
549 2532 639 2592 finem
663 2534 923 2613 delinquentibus,
946 2553 1007 2605 oon
1028 2537 1157 2602 obsolvit

146 2617 203 2677 nisi
229 2617 499 2697 pridsOrdinarius
520 2619 719 2698 suppliciunt,
745 2629 775 2679 ct
802 2639 883 2681 casus
909 2618 924 2680 i
951 2621 1042 2700 Gong.
1064 2641 1157 2704 super

147 2703 303 2780 Episoopos
327 2715 358 2763 et
390 2705 539 2786 regulares
559 2705 597 2764 ad
628 2706 881 2766 Poeoitentiarium
907 2706 1021 2766 delatus
1049 2705 1154 2768 luerit.

147 2787 229 2846 Bulla
242 2789 352 2850 Pastor
363 2788 465 2850 boetus.
589 2843 593 2848 ,
925 2863 928 2868 ¹

185 2873 299 2933 donuae
315 2873 534 2952 praestationes,
548 2891 620 2954 quas
632 2875 841 2951 consanguinei
862 2877 982 2936 solvunt
996 2874 1156 2954 designatis
1219 2871 1220 2898 ¹

147 2959 344 3031 monialibus,
359 2959 427 3020 vitan
447 2957 596 3034 mmmuni
619 2957 743 3020 minimis
765 2967 955 3038 repugoaot3
976 2959 1036 3020 sed·
1053 2964 1157 3039 requi-

147 3042 248 3118 ritur,-
269 3053 302 3104 ut
321 3045 419 3104 omnia
442 3045 474 3104 io
495 3045 629 3104 manibus
653 3046 817 3123 praepositae
841 3047 1068 3123 consignentur„
1089 3065 1157 3125 quaa
1219 3057 1220 3086 l

147 3125 231 3204 priirs
261 3129 412 3189 consulere
431 3129 518 3189 debet
539 3129 710 3208 indigentiis
731 3130 812 3189 illius
831 3128 990 3203 monialis,
1018 3128 1050 3188 io
1071 3129 1157 3208 cujus

146 3213 271 3287 gratiam
294 3215 405 3273 collsrtre
422 3222 510 3290 sunt3
533 3215 604 3274 etsi
637 3214 710 3291 quid
732 3214 881 3292 reliquum
897 3251 910 3286 s
926 3215 959 3278 in
981 3221 1157 3274 ceterarum

146 3294 281 3435 perpssmeo
304 3309 453 3375 erogetur.
472 3299 516 3359 lta
542 3313 579 3358 ex
603 3299 738 3376 pluribus
755 3299 891 3360 decretis.
908 3298 952 3360 Dc
974 3299 1047 3376 Syn.
1066 3298 1156 3360 dioeo.
1219 3313 1220 3316 ’

161 3416 167 3432 .
224 3398 275 3436 .c.
291 3381 338 3439 lb.
358 3399 389 3439 n.
410 3384 459 3442 tt.

185 3461 335 3537 Ingressus
352 3464 384 3522 in
401 3469 577 3527 monasteria
595 3469 768 3529 monialium
783 3511 790 3540 ‚
806 3485 871 3546 quas
883 3465 1074 3546 regularibus
1083 3468 1160 3532 sub-

145 3527 283 3608 duntur,
309 3539 375 3598 lieri
404 3540 492 3601 debet
513 3544 552 3603 de
585 3545 702 3608 neentis
724 3545 884 3624 Episcopi,
912 3545 993 3605 nulla
1021 3543 1159 3608 abstento
