2475 3975
371 158 422 219 Ee
435 152 571 239 apertos
583 150 735 216 Benedicti
745 152 834 215 Xll’.
1048 156 1106 217 116

96 260 341 326 missacelebrari
359 259 469 337 possit,
493 256 607 317 etiamsi
626 256 676 316 ille
696 270 757 315 non
775 256 874 315 veniat
891 256 923 317 in
943 254 1039 315 fronto
1054 275 1105 317 seu

97 350 291 427 inscriptione
304 345 422 420 Brevis3
439 341 538 404 adhuc
550 350 649 404 161666
662 358 698 401 eo
711 350 854 419 praesente
868 342 953 403 missa
965 341 1111 407 celebrari¹

98 441 206 513 potest.
222 431 300 491 ibid.
304 428 337 510 S.
350 431 398 491 16.

136 516 360 577 Sacramentum
377 512 558 592 penitentiae
570 510 695 569 vetitum
710 518 753 569 est
765 508 807 569 ibi
828 507 1047 583 administrari,
1058 511 1107 572 vel

97 600 160 661 ab'
151 599 263 678 ipsis.
236 599 346 677 pariter
359 598 563 694 regularibus..
570 594 645 656 ibid.
657 594 684 673 S
698 596 749 655 ab.
766 593 942 655 Communia
953 610 1033 653 sacra
1046 613 1107 657 non

98 692 195 765 polest
207 680 256 745 hic
272 682 492 755 administrari,
508 682 564 742 uisi
557 679 695 740 accedat
707 680 842 759 Episcopi
854 678 982 747 licentia.
992 677 1019 757 S.
1030 681 1080 742 25.

421 850 613 914 oulaoam
629 849 796 911 enuclea.

139 1020 263 1087 Nullum
271 1020 322 1101 jus
340 1020 447 1083 assistit
461 1018 607 1100 parocho,
624 1036 662 1081 66
682 1018 714 1079 16
732 1018 870 1081 oratoriis
888 1022 1014 1099 publicis
1030 1022 1110 1084 intra

100 1128 184 1172 suam
200 1110 356 1189 paroeeiam
374 1108 461 1167 missa
475 1105 640 1167 celebretur
663 1115 732 1165 ante
747 1106 910 1167 absolutam
928 1110 1047 1169 missam
1059 1126 1114 1188 pa-

100 1194 281 1265 rochialem,
295 1211 332 1253 ex
343 1191 468 1253 decretis
479 1192 552 1252 S.C.
567 1193 640 1251 lnst.
649 1192 726 1253 Eccl.
739 1193 790 1251 ll.
802 1211 833 1251 n.
844 1194 890 1253 11.
904 1194 1113 1255 Potesttamen

101 1281 132 1342 id
145 1290 244 1340 vetare
256 1279 430 1340 Ordinar'ius
441 1322 449 1349 ,
460 1275 619 1338 6666666
631 1284 728 1337 tumea
741 1277 832 1337 misae
840 1276 874 1339 in
884 1278 1013 1339 Ecclesia
1023 1297 1112 1358 pare·

101 1360 194 1427 claioli
204 1362 280 1425 bord
295 1365 464 1445 opportuna
475 1358 641 1423 celebretur.
653 1363 724 1435 Quae
737 1361 825 1425 verba
837 1372 906 1425 sant
915 1364 1025 1447 demeti
1035 1367 1066 1425 S.
1078 1367 1110 1433 c,

101 1449 293 1511 11616616.

141 1534 174 1597 ln
186 1530 435 1610 archiepiscopatu
453 1539 554 1592 tamen
570 1530 771 1605 Bononiensi,
793 1532 997 1594 siccatorium
1014 1533 1114 1613 publi-

102 1636 172 1680 cum
190 1616 307 1677 distet'n
324 1616 483 1695 parochiali
498 1634 593 1677 unum
607 1617 750 1685 milliare,
769 1617 954 1695 permittitur
963 1617 1025 1679 lroee
1036 1620 1118 1679 antia

102 1697 234 1781 cipalis,
251 1718 341 1760 onere
364 1710 462 1759 tamen
489 1700 622 1775 injuncte
648 1701 799 1776 capellano
822 1702 1018 1763 annuntiandi
1040 1704 1112 1764 festa

102 1788 142 1851 dc
160 1792 326 1863 praecepte
349 1782 537 1859 evangelium
559 1782 745 1858 explicandi,
759 1782 834 1841 sieut
852 1792 882 1843 ct
898 1784 1114 1849 catechismum

103 1890 137 1931 ac
150 1868 316 1930 doctrinam
339 1864 529 1927 christianam
545 1863 672 1925 habend'
684 1907 693 1939 ,
712 1865 792 1943 quod
808 1866 904 1925 etiem
919 1868 1077 1930 mandatur
1096 1870 1115 1931 d'

108 1948 448 2102 ξὲιεὸπέεῗὲοᾶΧΠὶἐη
424 1949 628 2030 Eueyeliciad
651 1950 808 2032 Episcopus
832 1951 925 2014 16116
949 1952 1018 2016 dett
1035 1972 1115 2018 auno

244 2058 254 2099 ι
298 2055 321 2100 n

521 2207 697 2271 onetatas,

146 2378 289 2440 Ordinem
302 2397 407 2440 uerum
421 2396 484 2441 csse
505 2395 590 2438 novae
601 2375 675 2456 legis
687 2377 909 2438 8666666666
928 2395 964 2440 ex
974 2393 1116 2444 censensu

106 2463 325 2545 Theologcrum
342 2467 477 2528 emnium
490 2473 520 2524 et
535 2463 657 2523 Concilii
680 2463 762 2524 Trid.
779 2463 953 2525 delinitione
974 2484 1044 2527 sesa.
1057 2470 1114 2539 65.

107 2570 174 2612 can.
196 2553 227 2610 5.
248 2560 361 2610 certum
387 2558 443 2611 est.
472 2549 506 2609 16
531 2547 603 2608 vend
632 2547 792 2608 sacerdotia
815 2549 973 2609 convenire
996 2561 1054 2611 una
1073 2560 1117 2611 est

108 2636 244 2696 omnium
264 2629 483 2714 Theologorum
504 2631 718 2694 catholicorum
737 2650 813 2704 vax,
831 2649 886 2692 nce
899 2632 964 2693 sine
986 2635 1117 2710 periculo

107 2721 205 2799 gravis
218 2721 325 2779 erroris
340 2720 369 2780 id
383 2727 540 2797 negaretur
556 2717 593 2776 de
612 2717 800 2796 episcopata,
816 2718 952 2795 quamvis
968 2717 1117 2780 diversum

109 2824 171 2866 non
192 2823 254 2865 esse
269 2803 434 2867 ordinemd
455 2803 639 2874 sacerdotio,
657 2803 705 2862 sed
730 2801 793 2879 ejus
814 2804 1014 2864 extensionem
1028 2848 1036 2875 ‚
1050 2823 1119 2883 per-

109 2891 269 2950 fectionem
280 2932 291 2965 ‚
315 2892 566 2969 complementum
591 2895 754 2948 teneretur.
782 2891 825 2948 Dc
841 2889 995 2948 diaconatu
1014 2907 1119 2966 quam·

110 2973 201 3054 quam
220 2982 409 3035 certamnen
424 2976 464 3039 sit
475 2974 512 3033 de
524 2973 583 3033 fide
599 2991 634 3034 ex
652 2987 738 3034 sensu
751 2973 947 3050 quorumdam
961 2973 1120 3051 Theolopo

110 3077 201 3132 rum,
215 3068 345 3120 attamen
356 3078 393 3119 ex
407 3059 573 3119 Tridentini
591 3059 763 3119 definitione
779 3058 881 3118 inferri
893 3075 976 3136 passe
990 3059 1117 3120 videtur.

151 3145 195 3204 De
228 3145 339 3205 eaeteris
360 3143 560 3221 singularibus
587 3142 742 3203 ordinibus
768 3143 932 3222 disceptant
959 3143 1118 3223 Tlteologi,

111 3232 246 3314 quamvis
268 3231 305 3292 de
329 3231 540 3292 subdiaconatu
560 3230 719 3309 aliquando
743 3231 843 3291 minor
864 3231 903 3291 sit
920 3233 1042 3310 quaestio
1058 3251 1120 3310 prae

111 3317 226 3381 ceteris
243 3317 444 3378 inferioribus.
459 3317 540 3375 Hanc
559 3315 758 3376 definiendam
778 3316 919 3376 Pontifex·
934 3333 1119 3391 nequaquam

109 3421 144 3465 66
148 3403 350 3502 assumpsisse
365 3401 533 3480 profitetur.
546 3401 644 3475 Quare
659 3400 914 3478 uetatEplscopis‚
928 3417 966 3460 ne
976 3397 1120 3474 sacrilegii

111 3487 238 3549 erimine
256 3487 365 3546 166616
388 3485 514 3566 Synodis
536 3504 587 3547 eos
608 3469 768 3555 damnent
785 3485 836 3564 qui
858 3501 924 3544 cum
946 3482 1120 3542 conscientia

112 3569 475 3654 peccatiletltaliserdines
482 3571 636 3634 61666666
650 3567 804 3632 interiores
817 3567 1006 3644 susciperent.
1016 3563 1122 3669 Quam·
1173 3567 1186 3655 J
