2475 3975
106 116 162 179 iit
374 113 487 176 Proeto
507 110 688 193 masetcorii.
704 114 777 197 cop.
791 114 822 176 t.

139 219 207 293 titt,
221 220 258 281 lit
277 215 410 297 primum
432 215 530 295 quoad
546 216 729 289 orationem,
748 218 779 277 l.
798 218 872 279 'l'res
890 216 995 279 saltem
1014 216 1106 282 horas

100 304 244 367 orationis
268 303 406 365 mentalis
426 301 563 373 efficere,
584 318 675 364 unam
694 299 800 373 mant,
820 300 909 364 aliam
930 301 1050 381 vespere
1074 314 1108 366 ct

99 388 188 451 aliam
207 397 274 469 post
291 386 543 449 communionem.
562 387 593 446 ἰ).
611 386 740 446 visitare
756 386 807 447 SS.
821 386 1060 461 Sacramentum,
1074 398 1108 452 et

99 472 221 535 llariam
236 474 286 535 SS.
299 490 352 551 per
367 468 570 541 semihoram,
586 470 635 531 vel
650 470 756 530 saltem
772 468 981 546 quadrantem.
1003 472 1038 531 ln
1056 470 1106 533 iris

98 556 283 619 orationibus
298 553 448 617 incumbat
465 552 643 615 renovandis
659 554 735 617 votis
754 553 865 632 pluries
876 554 909 614 in
924 552 989 626 die,
1003 556 1027 615 si
1038 553 1106 631 jam

98 643 230 705 emiserit
249 640 478 718 professionem,
502 639 553 699 vel
574 637 634 700 iilis
657 638 766 715 quihus
793 636 871 704 sorte
898 656 930 699 se
951 637 1102 717 obligarit.

99 728 128 787 5.
140 726 271 787 Recitare
288 723 437 785 rosarium
457 722 563 783 saltem
579 722 712 801 quinque
723 720 867 795 decadum
879 740 947 794 eum
959 723 1023 785 aliis
1037 741 1110 785 ora-

97 809 229 873 tionibus
247 808 419 885 vocalibus3
439 807 491 867 sed
508 804 555 867 he
574 824 635 867 non
654 806 716 867 sint
739 804 806 885 plds
825 804 927 883 justo,
945 808 1015 886 quia
1035 806 1109 871 edm

100 896 201 975 plures
217 900 309 968 sunt,
325 892 488 953 recitantur
503 908 574 953 cum
591 892 673 952 tenui
685 890 805 965 tractu,
824 900 913 969 caput
932 902 1107 969 apparent,

99 979 224 1042 atinde
247 979 413 1041 orationem
438 977 597 1037 mentalem
621 975 800 1054 impediunt.
824 976 855 1035 l.
875 976 924 1037 [iti
947 976 1109 1055 sepissime

97 1062 281 1126 orationihus
287 1062 484 1140 jaculatoriis,
497 1070 532 1120 ut
548 1078 576 1121 e.
591 1078 620 1119 c.
631 1061 714 1122 Deua
729 1076 829 1131 meus,
841 1058 999 1136 stomata,
1013 1062 1110 1142 quom

98 1148 191 1212 Mnus
203 1164 232 1207 ea
243 1148 326 1207 Deus
335 1144 438 1205 metui
451 1138 585 1225 liiiipom
599 1149 642 1216 te,
656 1145 729 1205 lesu
741 1188 751 1215 ,
765 1161 851 1203 anaor
863 1162 964 1215 oeus,
982 1162 1035 1224 pro
1056 1164 1108 1205 mc

98 1229 290 1309 crucifixum,
312 1227 458 1301 Dotatae,
482 1245 574 1307 quere
591 1244 654 1289 uon
679 1229 793 1289 emere
820 1226 859 1290 ab
881 1227 1041 1291 omnibus?
1055 1228 1107 1293 οΙι

97 1319 217 1375 annom
225 1321 415 1393 etnuuquam
425 1310 610 1393 offendissem
621 1311 668 1372 tc!
677 1310 906 1390 Voio‚Domt'ne,
916 1332 1109 1395 quecumque

98 1407 132 1461 tu
147 1397 203 1460 oia.
219 1398 348 1473 Quando
367 1405 393 1457 tc
409 1396 527 1470 uidebo,
542 1404 570 1457 et
585 1396 691 1460 amato
707 1394 742 1459 dc
759 1395 887 1477 [meod
896 1396 1108 1478 [mainiacus

96 1501 161 1555 mc,
175 1482 234 1563 fiet
249 1481 284 1543 de
299 1500 345 1543 me
360 1480 561 1563 quodcumque
573 1482 629 1543 ais.
644 1484 777 1544 insinuet
789 1481 966 1562 magnopere
976 1482 1108 1543 director

96 1563 267 1644 hujusmodi
290 1564 483 1643 jaculationes
500 1565 629 1637 amoris,
648 1575 680 1625 et
698 1568 797 1627 anima
813 1566 913 1645 magni
938 1585 986 1627 eas
1006 1568 1106 1631 faeiat.

97 1649 274 1712 iterationi
294 1648 455 1727 adjungere
474 1650 630 1712 lectionem
643 1652 828 1730 spiritualem
842 1669 896 1730 per
908 1650 1105 1727 semihoram,

97 1733 222 1814 legendo
233 1736 330 1813 Opera
343 1734 390 1795 vel
406 1732 592 1813 auctrique,
607 1734 657 1795 vel
674 1734 871 1816 Sontejuraei‚
881 1738 929 1795 vel
946 1736 1055 1796 lionita
1067 1738 1107 1799 ad

96 1821 268 1899 religiosos,
284 1820 332 1882 vel
352 1820 443 1881 alium
463 1820 576 1881 librum
597 1821 649 1899 qui
669 1830 773 1881 tractet
791 1820 829 1881 de
850 1820 1032 1893 virtutibus,
1055 1823 1108 1883 vel

96 1905 194 1985 legere
212 1906 286 1966 vitas
305 1906 503 1979 Sanctorum,
519 1922 649 1984 quarum
672 1906 759 1967 lectio
777 1914 823 1967 est
846 1904 975 1968 fortassis
991 1906 1107 1968 ceteris

96 1990 235 2054 omnibus
253 1990 367 2052 utilior.

134 2077 203 2139 tta.
227 2075 360 2139 Secundo
386 2076 523 2140 accedere
541 2076 674 2156 quotidie
696 2076 734 2138 ad
759 2077 1020 2151 communionem,
1039 2094 1104 2139 uno

96 2171 217 2240 excepto
232 2163 282 2223 die
306 2163 338 2223 in
358 2164 461 2242 quavis
481 2163 676 2226 hebdomada.
697 2163 755 2225 Sed
777 2165 810 2225 in
830 2165 953 2224 novenis
976 2163 1107 2241 Spirittis

95 2248 186 2306 sancti
199 2289 208 2318 ‚
220 2248 388 2308 Natiuitatis
402 2250 544 2322 Domini,
558 2259 589 2311 et
603 2249 703 2310 Mariae
721 2249 930 2320 sanctissimae,
945 2257 976 2307 et
989 2256 1109 2307 sancto·

94 2345 163 2389 rum
174 2329 370 2390 Patrenorurn
381 2333 578 2395 communicet
590 2335 739 2413 quotidie,
753 2344 783 2394 ct
795 2332 928 2411 quotidie
940 2333 1043 2392 saitem
1056 2341 1106 2393 ter

94 2411 290 2475 communicet
306 2413 511 2490 spiritualiter.

132 2497 201 2556 ttt.
215 2493 317 2558 Tertid
339 2497 436 2572 quoad
457 2500 699 2562 mortificationes
705 2547 715 2579 ,
730 2505 760 2564 i.
773 2502 911 2578 Quotidie
928 2499 1105 2580 flagellatio·

93 2599 162 2644 nem
184 2581 371 2643 incruentam
390 2583 542 2662 periturae
561 2587 758 2665 quadrantem
774 2589 912 2660 circiter,
931 2594 963 2648 et
982 2589 1106 2664 sangui·

93 2686 180 2731 aream
192 2668 258 2741 bie,
272 2669 320 2729 vel
330 2669 434 2732 saltem
453 2691 544 2734 unam
556 2675 587 2734 in
600 2693 701 2735 mense
715 2673 866 2735 adhibere.
879 2675 909 2733 2.
922 2670 1007 2732 Meni
1023 2680 1106 2733 cete-

93 2755 194 2815 nulam
215 2753 342 2814 ferream
370 2771 463 2834 usque
485 2758 522 2818 ed
547 2759 708 2838 prandium
730 2780 739 2820 e
762 2768 828 2838 post
848 2756 1006 2837 prandiam
1030 2758 1107 2820 verd

91 2842 221 2916 aliquam
244 2856 367 2918 parvam
389 2841 421 2900 in
439 2841 570 2905 brachio.
585 2847 756 2923 Numquam
773 2853 871 2904 temen
883 2841 1106 2906 catenamcirca

91 2927 273 3002 cincturam,
291 2941 388 3004 neque
405 2925 499 2987 cilicia
513 2928 629 3006 equinis
643 2929 775 2991 crinibus
790 2937 925 2990 contexta
936 2971 945 3000 ,
958 2925 1105 3005 quoniam

92 3009 153 3070 iraec
174 3011 258 3072 valde
270 3009 403 3072 officiunt
423 3013 550 3074 sanitati.
572 3015 601 3075 5.
615 3013 768 3092 ieiunium
787 3015 911 3093 inpane
934 3021 968 3077 et
984 3027 1060 3089 equa
1070 3011 1105 3072 in

91 3096 140 3154 dic
150 3097 261 3158 sabbati
273 3141 281 3171 ‚
299 3108 330 3160 et
340 3099 450 3180 vigiliis
457 3109 568 3180 septem
577 3101 771 3164 festivitatum
781 3103 898 3176 Mariae,
910 3102 934 3161 si
946 3100 1104 3164 commode

92 3197 145 3258 per
163 3181 363 3246 valetudinem
384 3188 514 3264 poterit,
531 3188 578 3248 vel
594 3189 698 3250 saltem
717 3189 805 3250 unico
826 3185 943 3251 tantdm
955 3187 1000 3248 ati
1013 3187 1104 3250 obso-

92 3263 159 3359 nie·
177 3263 212 3322 ln
232 3263 392 3358 reiectione
412 3273 577 3350 vespertina
605 3271 755 3334 ordinarie
778 3290 839 3333 non
866 3270 1007 3334 excedere
1031 3282 1102 3335 octo

94 3363 193 3406 uncias
216 3345 296 3418 cibi,
317 3351 372 3410 nisi
403 3354 530 3416 adiuerit
554 3357 652 3433 alique
680 3356 913 3418 extraordinaria
941 3358 1103 3435 urgentia3

92 3428 265 3527 apstinere}
279 3429 424 3495 fructibus
436 3439 539 3500 diebus
555 3442 692 3504 Mercurii
712 3450 743 3502 et
753 3443 897 3517 Veneris,
915 3451 945 3502 et
963 3442 995 3500 in
1008 3460 1104 3503 nove-

93 3527 138 3568 nas
151 3513 285 3588 superius
304 3518 482 3594 enuntiatis,
496 3526 528 3583 in
547 3525 654 3602 quibus
676 3532 772 3604 potest
789 3528 878 3586 etiam
898 3525 1046 3586 abstinere
1064 3529 1104 3590 ab
