2475 3975
402 169 469 232 drl.
484 172 502 231 5
519 169 565 232 De
586 167 742 234 ordinibus
761 166 835 253 maj.
1067 173 1124 236 257

119 287 173 350 per
192 268 314 334 modum
332 269 505 342 medicinae,
523 271 575 332 sed
593 271 711 333 tantirm
728 274 888 349 insignum
914 271 1066 344 maeroris,
1085 272 1123 333 ob

118 357 245 435 aliquam
264 357 464 434 gravissimam
490 356 630 434 injuriam
650 361 712 418 Deo
736 358 783 417 rel
801 357 934 418 Ecclesiae
952 357 1119 437 irrogatam.

119 443 181 522 lpsa
198 443 310 522 imponi
323 441 447 523 potasti
461 444 569 522 quibus
580 444 776 524 imponuntur
787 461 927 504 censurae.

444 617 482 677 V.
499 618 544 678 De
562 614 791 709 irrepuloritote.

155 780 205 840 87.
219 810 259 824 -
271 715 507 840 laurentianis
519 786 563 838 est
580 776 820 858 impedimentum
832 779 1022 856 canonicum,
1042 778 1123 844 ordi·

115 881 190 924 uum
200 880 353 924 sacrorum
366 862 592 942 susceptionem,
605 871 633 922 et
645 869 843 941 susceptorum
853 883 940 925 usum
949 864 1121 946 impediens.

115 951 234 1011 Dictum
254 957 298 1008 est
310 945 568 1027 impedimentum,
580 966 642 1006 non
656 965 799 1022 censura3
818 950 886 1023 quia
899 951 940 1009 sie
961 953 1026 1011 vult
1043 970 1123 1012 eom·

115 1035 253 1110 munior,
277 1043 308 1094 et
322 1031 506 1110 probabilior
523 1032 691 1092 sententia:
714 1028 780 1091 uide
796 1027 846 1093 tio.
866 1034 896 1093 7.
915 1051 947 1092 u.
971 1013 1043 1093 549.
1065 1037 1124 1094 Νο-

116 1120 239 1181 tandum
259 1117 307 1180 hic
335 1121 364 1179 l.
388 1114 470 1195 qubd
492 1117 692 1196 irregularitas
716 1133 776 1176 non
801 1113 989 1188 insumitur,
1012 1117 1124 1180 nisiin

114 1207 182 1284 jure
194 1206 233 1265 sit
249 1221 382 1282 expressa
394 1245 403 1274 ‚
415 1220 450 1262 ex
463 1219 488 1262 c.
501 1203 535 1263 ia
550 1201 604 1281 quii
612 1245 620 1274 ‚
634 1199 668 1261 de
678 1207 752 1262 suet.
768 1218 876 1260 excom.
890 1201 973 1261 Unde
986 1203 1017 1261 in
1033 1201 1124 1264 dubio

116 1311 179 1352 nou
200 1290 383 1359 incurritur,
403 1287 460 1350 nisi
477 1285 602 1346 dubium
619 1287 658 1344 sit
678 1285 754 1344 circe
779 1283 972 1346 homicidium
992 1287 1123 1364 factum3

36 1409 44 1429 .
116 1377 149 1436 in
165 1373 267 1437 ¹dubio
287 1373 369 1432 cuim
388 1415 397 1444 ‚
417 1389 456 1431 an
478 1371 545 1448 quis
563 1371 600 1428 ad
629 1370 703 1430 illud
724 1370 908 1430 concurrerit
924 1371 970 1430 vel
995 1391 1032 1432 ne
1047 1418 1054 1443 ‚
1070 1373 1124 1433 ha-

116 1458 205 1520 betur
222 1467 255 1519 ut
275 1456 458 1535 irregularis.
481 1452 559 1515 ibid.
586 1472 618 1512 u.
638 1456 706 1515 547.
729 1454 898 1514 Notandum
923 1455 951 1514 i.
980 1457 1060 1535 qubd
1087 1459 1123 1520 ad

116 1542 590 1620 incurrendamirregularitatem
617 1557 653 1600 ex
678 1541 808 1613 delicto,
834 1543 999 1618 requiritur
1021 1547 1124 1606 saltem

116 1632 234 1692 scicntia
243 1630 316 1708 legis
327 1627 527 1690 ecclesiasticae
536 1624 731 1704 prohibentis.
739 1629 784 1686 An
793 1635 891 1686 autem
902 1629 990 1688 ctiam
1003 1633 1123 1692 scicntia

116 1720 238 1793 pund?
262 1713 458 1774 Probabiliter
482 1709 578 1771 adhuc
614 1711 763 1771 affirmant
793 1713 871 1772 Neo.
903 1711 983 1792 Spin.
1015 1715 1121 1776 Soneio.

118 1800 253 1879 Castrop.
274 1800 365 1859 Reno.
381 1805 433 1856 etc.
453 1793 524 1858 Vide
540 1793 613 1856 ibid.
641 1812 674 1854 rt.
696 1797 764 1854 55l.
787 1797 989 1872 lrregularitas
1010 1801 1124 1862 tollitur

114 1885 144 1944 l.
172 1900 226 1960 pcr
251 1882 442 1942 cessationem
463 1895 576 1946 causae.
592 1879 617 1937 si
637 1877 676 1935 sit
700 1895 736 1936 ex
760 1877 873 1936 defectu
898 1883 991 1938 aetatis
1009 1925 1018 1952 ,
1039 1886 1123 1962 igno·

113 1968 220 2029 rantiae
230 1975 243 2043 ,'
255 1974 306 2028 aut
322 1963 504 2045 paupertatis
516 2006 525 2037 ‚
536 1963 584 2024 vel
596 1961 725 2024 infamiae
735 1961 803 2022 laeti
816 2006 823 2033 ‚
837 1979 902 2040 quae
912 1963 1026 2025 tollitur
1035 1968 1123 2030 ctiam

113 2050 382 2133 permutationem
401 2048 477 2124 loci,
501 2058 554 2108 aut
577 2066 633 2127 per
655 2048 918 2124 emendationem;
939 2066 1009 2109 nam
1033 2050 1122 2125 aliis,

112 2140 139 2198 si
153 2144 197 2197 est
206 2135 283 2212 juris
296 2179 304 2205 ‚
318 2136 429 2194 scilicet
442 2151 497 2212 per
509 2134 872 2210 sententiam‚rcquiritur
885 2132 1073 2210 dispensatio.
1092 2141 1121 2199 ἓ.

113 2224 173 2281 Per
191 2219 373 2295 baptismum
396 2217 432 2294 (si
452 2218 491 2275 sit
516 2234 553 2275 cx
581 2216 711 2292 delicto).
735 2220 764 2276 5.
788 2217 845 2275 Per
864 2214 1122 2294 dispensationem.

111 2306 143 2364 b.
155 2304 211 2363 Per
221 2303 431 2381 professionem
437 2300 602 2379 religiosam
614 2322 624 2377 3
643 2298 708 2359 uide
723 2298 763 2361 ib.
777 2318 808 2360 n.
821 2302 889 2362 552.

151 2390 203 2450 88.
215 2420 255 2432 -
266 2386 470 2466 irregularitas
486 2385 542 2445 alia
555 2393 600 2445 est
614 2403 651 2445 ex
665 2381 768 2445 ddieto
781 2430 789 2457 ,
800 2387 855 2447 alia
868 2406 904 2451 ex
917 2386 1040 2471 defectu.
1052 2392 1123 2454 lrre

112 2473 283 2553 galeritates
302 2490 339 2533 cx
353 2471 462 2532 delicto
478 2477 548 2531 suut
565 2488 639 2531 sex:
664 2472 688 2530 1.
712 2470 759 2532 Ob
773 2471 952 2551 baptismum
974 2474 1068 2549 scrib,
1092 2484 1122 2537 et

112 2558 238 2618 scienter
255 2558 394 2617 iteratum
407 2600 415 2626 ,
430 2563 542 2617 ettune
553 2555 589 2615 fit
598 2555 839 2634 irregularistam
853 2560 1002 2636 baptizans
1013 2605 1021 2631 ‚
1032 2561 1122 2638 quim

111 2638 389 2720 baptizatus3videi.
399 2641 429 2701 7.
442 2660 475 2700 u.
486 2641 602 2702 noodr.
613 2640 858 2701 Obviolationem
868 2660 1008 2711 censurae,
1017 2662 1123 2721 nempc

114 2726 139 2785 si
153 2726 262 2803 quiscat
275 2725 432 2786 innodatus
440 2724 567 2785 scienter
578 2732 695 2805 enarret
705 2733 802 2785 aetum
815 2724 928 2785 ordinis
938 2726 1123 2804 solemnitcr3

113 2806 136 2869 i.
147 2828 172 2870 c.
184 2828 217 2870 n.
230 2811 359 2872 norell.
374 2808 420 2870 Ob
430 2814 662 2887 peccatumque
675 2808 798 2870 clericus
811 2810 938 2871 scienter
949 2818 978 2869 et
987 2809 1063 2870 scrib
1077 2829 1122 2870 ac·

112 2900 180 2954 tum
192 2895 306 2955 ordinis
313 2894 387 2955 sacri
400 2910 508 2972 ,quem
518 2891 677 2954 nonhabet
692 2895 863 2955 solemniter
874 2904 990 2956 exercet
1003 2890 1042 2968 3l.
1054 2912 1078 2953 c.
1088 2912 1121 2957 n.

113 2979 183 3038 559.
199 2980 250 3040 tv.
263 2979 309 3039 0b
322 2979 435 3056 aliquas
457 2978 583 3038 lurtiras
594 2982 791 3057 susceptiones
811 2979 972 3053 ordinum,
992 2978 1021 3037 id
1036 2988 1079 3039 est
1093 2984 1121 3041 l.

112 3062 139 3121 si
156 3062 222 3139 quis
237 3063 343 3141 accipit
355 3061 493 3123 ordinem
511 3063 576 3123 sine
589 3063 801 3142 approbatione
814 3062 947 3139 Episcopi
962 3105 970 3133 ‚
988 3081 1024 3123 cx
1043 3082 1067 3123 c.
1088 3063 1123 3125 de

112 3163 146 3207 eo
158 3148 212 3226 qui
222 3146 299 3227 furt.
319 3155 371 3207 etc.
383 3149 415 3208 2.
429 3149 459 3208 Si
483 3147 594 3225 absque
616 3148 833 3225 dispensatione
853 3146 984 3222 ejusdem
1001 3150 1123 3229 suscipit

112 3230 215 3293 eadem
234 3233 283 3293 dic
295 3232 395 3311 plures
405 3233 541 3305 ordines,
556 3250 684 3310 quorum
699 3250 776 3319 unus
798 3240 842 3290 est
856 3248 955 3305 sacer,
969 3252 1039 3294 exc.
1054 3238 1083 3295 2.
1095 3242 1124 3294 et

113 3317 144 3377 5.
158 3315 221 3378 eod.
242 3317 289 3377 tit.
303 3319 333 3378 5.
346 3316 404 3391 Qui
422 3327 488 3396 post
509 3318 736 3379 matrimonium
754 3323 938 3378 contractum
965 3332 1032 3383 ante
1052 3340 1122 3384 eon-

115 3402 344 3461 summationcm
363 3403 470 3478 accipit
490 3401 627 3461 ordinem
639 3418 755 3459 sacrum
770 3444 778 3472 ,
799 3418 891 3462 uxore
905 3406 1052 3464 renitente
1065 3447 1073 3475 ‚
1086 3422 1122 3463 cx

113 3487 242 3547 Extrao.
257 3483 390 3562 Antiqua
401 3482 436 3545 de
452 3494 538 3561 voto,
551 3482 618 3545 eide
636 3482 685 3543 cit.
699 3480 720 3542 d.
735 3502 767 3543 n.
783 3486 850 3548 561.
865 3488 1000 3547 Diximus
1023 3495 1121 3544 autem

114 3567 151 3631 ob
169 3567 308 3650 aliquos,
326 3586 397 3629 nam
410 3570 475 3631 alie
494 3569 612 3631 furtive
633 3566 772 3631 ordinum
787 3573 984 3649 susecptioncs
1002 3585 1119 3629 cnumc-
