2475 3975
122 230 181 295 599
309 229 447 314 Epitome
459 230 599 293 doctr-iate
612 226 734 293 morolio
748 235 776 292 et
793 231 940 295 canonice

122 351 182 395 non
204 349 266 395 esse
285 334 396 413 populo
418 332 653 405 distribuendas,
668 332 720 393 sod
738 333 942 407 asservandus,
964 340 999 395 ιιι
1021 334 1052 394 in
1074 335 1137 399 aliti

123 418 210 479 mimi
228 418 284 478 sub
303 418 470 479 conditione
492 425 717 491 consecrentur,
733 418 801 476 satis
817 427 938 477 constat.
953 418 998 479 lb.
1013 438 1044 478 n.
1061 424 1095 481 6.

162 504 193 563 Si
212 504 371 565 celebranti
383 504 442 565 sint
454 512 610 581 praesentes
624 502 763 563 undecim
775 500 894 574 hostiae,
914 512 943 563 et
960 505 1012 564 ille
1025 503 1138 566 habeat
1222 516 1223 531 ³

124 589 320 649 intentionem
338 586 526 648 consecrandi
546 586 642 648 soldm
660 588 779 658 decem,
793 604 848 647 nec
862 586 1042 649 determinet
1059 610 1136 668 qua·

125 674 187 740 tes.
209 673 289 733 nulla
309 690 345 731 ex
365 672 423 731 illis
444 681 519 732 esset
538 682 725 745 consecrata,
738 679 773 731 ut
787 689 822 732 ex
838 672 964 733 rubricis
978 673 1133 737 discimus.
1222 680 1223 703 l

123 758 220 831 Quare
237 756 325 816 debet
339 755 472 816 sacerdos
489 758 685 817 intentionem
698 774 782 817 suam
795 758 835 815 ita
848 756 994 834 dirigere,
1009 765 1044 817 ut
1057 760 1137 819 velit
1222 760 1223 799 l

125 860 212 902 omne
227 835 397 902 consecrare
416 841 561 919 quidquid
576 850 644 902 ante
657 859 688 902 se
701 840 829 921 positum
843 850 897 900 est.
912 844 953 900 En
968 860 1028 920 qno
1042 845 1136 903 intel-

125 926 227 1004 ligitur
247 927 514 1005 sacerdotem‚qul
536 946 603 987 eum
627 926 681 986 lade
701 927 864 985 intentione
882 925 971 986 habet
989 928 1021 985 in
1041 946 1135 989 manu
1222 968 1223 973 κ

125 1009 197 1071 duas
217 1010 328 1072 hostias
337 1057 347 1090 ,
369 1030 460 1073 unam
471 1030 503 1072 se
515 1022 616 1074 tenere
630 1020 757 1091 putans,
773 1020 933 1089 utramque
943 1011 1048 1073 revera
1063 1032 1138 1073 con·

126 1112 250 1157 sacrare.
265 1098 309 1157 lb.
323 1115 355 1157 n.
374 1098 405 1157 ⁷.

165 1182 282 1241 Missam
296 1180 341 1241 bis
353 1181 456 1242 codem
466 1182 514 1243 die
526 1181 689 1253 celebrare,
701 1180 834 1258 quamvis
847 1181 922 1240 adsit
933 1199 1017 1241 eausa
1035 1202 1139 1243 neres*
1222 1240 1223 1243 ,

85 1306 91 1315 -
126 1264 239 1336 sitatis,
259 1284 347 1327 nemo
368 1274 463 1344 potest
487 1267 600 1327 etiamsi
624 1264 769 1345 parochus
790 1267 847 1333 sit.
870 1266 926 1325 nisi
944 1268 1047 1327 saltem
1066 1272 1138 1346 Epi·
1222 1276 1223 1293 ²

127 1350 206 1427 scopi
227 1350 344 1411 licentia
363 1350 478 1411 accedat
491 1371 500 1429 3
515 1371 582 1430 quae
603 1360 703 1411 tamen
721 1350 808 1409 datur
827 1350 865 1409 ob
886 1367 983 1409 causas
1005 1352 1136 1429 singula·

127 1452 193 1505 res,
216 1453 277 1495 non
299 1444 449 1513 tamquam
474 1437 674 1515 privilegium.
698 1437 741 1495 lta
763 1435 897 1495 Pontifex
921 1435 952 1495 in
972 1436 1054 1495 bulla
1075 1440 1137 1497 De·
1222 1502 1223 1525 3

128 1515 261 1579 clarenti.

165 1603 324 1675 Sacerdos,
344 1605 395 1680 qni
408 1624 529 1664 sacrum
543 1607 637 1665 facere
656 1606 788 1683 quotidie
803 1624 856 1683 per
873 1608 1001 1685 scipsum
1024 1608 1136 1681 debet,

129 1694 223 1764 potest
246 1686 404 1764 aliquando
427 1689 502 1748 illud
524 1690 684 1760 omittere,
707 1701 772 1751 tum
796 1692 865 1767 quia
887 1710 921 1750 ea
947 1696 1138 1770 praesumitur

128 1772 262 1831 voluntas
282 1772 464 1851 fundatoris,
486 1783 552 1834 tum
572 1776 609 1835 ad
628 1774 770 1853 majorem
791 1778 928 1853 pictatem
948 1778 1003 1837 sibi
1019 1798 1139 1858 compa-

127 1858 268 1930 randam,
288 1866 322 1917 ut
342 1877 379 1918 ex
396 1878 460 1939 cap.
472 1858 690 1939 Sipcifiootum
708 1860 742 1921 dc
759 1860 944 1941 praebendam
960 1882 1019 1923 non
1039 1873 1138 1925 tamen

128 1951 244 2022 potest,
263 1942 388 2022 quadie
411 1953 510 2020 vacat,
529 1963 645 2008 sacrum
667 1963 769 2024 agere,
787 1954 818 2006 et
840 1946 925 2007 alicui
950 1949 1137 2023 attribuere,

130 2029 267 2106 percepta
285 2029 490 2106 eleemosyna·
500 2031 544 2088 De
559 2029 655 2090 saeris.
673 2031 753 2089 miss.
769 2029 822 2089 lib.
840 2031 868 2090 5.
886 2050 948 2110 cap.
964 2035 1013 2093 29.
1028 2053 1060 2093 n.
1076 2037 1107 2092 5.

167 2113 248 2172 Sicut
265 2131 318 2172 nee
335 2120 430 2191 potest
450 2112 632 2190 duplicatum
653 2114 834 2192 stipendium
851 2133 906 2192 pro
927 2117 1028 2178 eadem
1050 2119 1137 2178 missal

129 2198 278 2276 accipere,
294 2199 467 2278 applicando
488 2199 539 2258 uni
560 2200 690 2260 fructum
712 2201 863 2270 medium,
887 2201 971 2261 alteri
992 2203 1138 2280 specialis-

129 2283 262 2358 simum,
287 2294 317 2343 et
343 2285 521 2344 contrariam
546 2285 721 2346 sententiam
746 2285 916 2364 proscripsit
941 2287 1138 2365 congregatio
1222 2283 1223 2298 ¹

129 2369 160 2427 S.
176 2369 289 2437 uuicti,
305 2389 339 2428 ac
356 2371 424 2428 dein
440 2367 609 2439 Alexander
627 2373 698 2435 VII.
716 2370 860 2450 Proposit.
880 2373 931 2431 lX.
953 2373 1036 2432 inter
1050 2373 1135 2434 dam·

131 2461 222 2514 natas.
237 2452 310 2511 lbid.
328 2473 359 2511 n.
375 2455 404 2512 b.

166 2535 305 2595 Sacerdos
317 2538 367 2614 qui
381 2537 556 2598 beneficium
572 2539 719 2616 possidet,
737 2542 770 2600 in
789 2541 871 2619 cujus
890 2542 1065 2603 fondatione
1086 2563 1136 2604 ex·

130 2621 228 2702 pressd
243 2630 361 2682 cautum
376 2633 438 2693 est,
453 2641 513 2683 non
532 2625 628 2686 teneri
648 2627 843 2688 celebrantem
857 2627 894 2686 ad
909 2629 1136 2707 applicationem

129 2708 284 2780 sacrificii,
309 2707 382 2768 naim
409 2710 500 2788 possit
527 2728 582 2788 pro
604 2713 799 2790 applicatione
821 2731 930 2773 novum
957 2714 1137 2789 stipendium
1222 2721 1223 2754 l

130 2793 267 2870 exigere?
286 2811 346 2851 non
368 2804 505 2869 vetatur3
523 2795 575 2854 sed
595 2814 692 2872 neque
710 2800 888 2875 reprobatur
908 2800 1053 2857 contraria
1070 2819 1135 2860 sen·

129 2879 221 2937 tentia
242 2877 272 2936 id
291 2893 415 2954 negans,
432 2885 462 2936 et
482 2879 598 2937 decreta
617 2881 648 2938 S·
664 2883 902 2961 congregationis
924 2883 1055 2943 Consilii
1071 2903 1130 2946 non

130 2974 284 3042 apparent.
304 2965 348 3024 lb.
368 2983 394 3024 c.
413 2966 462 3025 ιι.
477 2984 508 3024 ιι.
526 2966 554 3024 7.

168 3049 198 3107 Si
217 3058 315 3109 tamen
333 3049 408 3109 nilril
423 3068 591 3128 cupressum
609 3051 648 3112 sit
665 3051 696 3112 in
710 3052 881 3114 fundatione
895 3053 1027 3132 ejusdem
1041 3057 1135 3119 beno·

130 3133 206 3203 licii,
221 3136 301 3210 quod
320 3134 524 3206 demonstret,
544 3145 714 3198 testatorem
737 3140 889 3199 remittere
912 3140 1135 3218 applicationem

129 3215 265 3276 sacrificii
288 3215 413 3280 arbitrio
434 3219 612 3292 sacerdotis,
635 3231 705 3281 tune
724 3241 841 3301 semper
858 3224 995 3284 standum
1019 3236 1063 3287 cst
1081 3248 1134 3305 pro

129 3299 307 3375 obligatione
321 3304 523 3380 applicationis
539 3323 594 3384 pro
606 3312 761 3380 testatore,
779 3317 813 3369 ut
828 3325 863 3369 ex
873 3308 1003 3370 decretis
1017 3311 1049 3371 S.
1059 3313 1134 3374 Con·

128 3381 314 3452 gregationis.
332 3386 408 3444 lbid.

166 3460 259 3518 Missae
272 3463 303 3520 in
316 3467 401 3526 altari
416 3470 601 3548 privilegiato
619 3474 800 3536 celebrandae
817 3473 934 3554 semper
951 3476 1061 3538 debent
1073 3497 1132 3542 esse

127 3533 164 3624 de
190 3543 337 3620 requiem,
361 3549 418 3606 nisi
439 3551 507 3611 cdm
531 3555 611 3615 aliud
636 3559 742 3618 festum
764 3559 893 3636 duplex,
915 3561 968 3618 vel¹
985 3561 1130 3627 dominica

125 3611 187 3670 dics
208 3629 388 3706 occurrerit3
410 3638 480 3692 tune
502 3636 584 3700 enim
604 3643 768 3718 acquiritur
790 3643 996 3721 indulgentia,
1016 3649 1130 3712 etiamsi
