2475 3975
163 193 225 258 itit
360 187 654 275 Epitoorcdoctriaoe
662 185 985 254 moroliactconom'aoe

164 293 254 356 statui
274 291 401 358 civitatis
420 293 497 356 mali
514 293 675 368 ordinatas,
694 293 727 356 io
751 296 810 372 qul
828 291 993 366 nimirum,
1013 295 1063 357 vel
1082 298 1183 378 negli-
1226 316 1228 367 i

164 379 282 460 gentio,
297 381 345 441 vei
364 380 475 442 molitit
490 379 676 458 magistralis
686 376 801 456 iustitia
816 379 917 459 aperte
930 378 1109 460 denegatur.

119 481 129 494 ·
203 467 291 528 Vetat
313 466 448 528 Pontifex
465 467 496 526 in
516 465 618 526 eidem
634 465 735 538 bulli,
760 484 800 526 ne
816 466 934 528 eosdem
958 469 1183 545 propositiones

165 551 232 630 quis
242 551 396 624 defendat,
410 549 582 630 publicem!
594 551 754 630 privatim,
765 550 904 623 divisim,
915 557 968 611 aut
979 552 1180 632 conjunctim,

165 635 254 698 etiam
268 637 436 714 disputandi
450 635 543 713 gralli
555 657 564 712 ς
578 636 710 714 alioqum
723 636 834 696 Incidet
847 637 911 715 ipso
923 636 999 697 Iacto
1011 636 1043 696 iu
1057 655 1182 699 excom·

166 721 395 782 municatIonem
409 729 588 780 reservatam
603 721 736 780 Romano
749 721 895 781 Pontilici.
910 720 1051 792 blandai,
1067 723 1099 782 in
1115 724 1182 782 vir·

165 813 230 866 tute
244 805 275 864 S.
286 803 461 867 obedientie
473 845 482 878 ‚
493 821 532 868 ae
544 805 611 884 quis
622 821 672 865 eos
681 812 712 864 ct
721 821 760 866 ne
780 822 871 867 unam
883 804 1004 884 quidem
1014 799 1047 866 io
1059 808 1181 884 praxim

164 889 299 950 deducat.
729 935 734 944 ,

202 974 367 1036 Confirmat
379 971 608 1054 precedentium
622 975 825 1037 Romanorum
839 973 1015 1036 Pontificum
1031 976 1180 1037 constitu-

166 1058 260 1120 tiones
277 1060 316 1120 de
337 1059 457 1132 duello,
480 1069 569 1138 atque
590 1059 700 1131 edicit,
727 1070 762 1120 ut
783 1061 807 1120 si
825 1060 892 1138 quis
914 1060 947 1120 in
971 1058 1092 1131 duello,
1114 1060 1180 1121 sivo

165 1143 304 1224 publice,
318 1145 380 1204 sive
397 1145 536 1223 privatim
557 1144 668 1204 indicio
687 1142 840 1204 bominem
857 1143 1016 1215 occiderit,
1038 1144 1103 1204 sive
1124 1145 1178 1205 ille
1202 1178 1209 1195 ·

166 1228 273 1294 obierit
286 1229 318 1290 in
338 1228 402 1290 loco
422 1227 594 1299 conflictis,
608 1229 670 1288 sive
688 1227 790 1304 extri,
810 1244 847 1287 cx
865 1228 991 1288 vulnere
1017 1227 1048 1288 iu
1074 1228 1179 1289 duello

165 1323 303 1393 accepto,
316 1313 439 1394 perinde
449 1311 593 1374 habeatur
607 1331 641 1374 ao
654 1312 801 1376 bomicidn
820 1313 1023 1385 voluntorius,
1042 1313 1179 1392 adeoque

165 1399 354 1462 immunitate
371 1399 444 1479 asyli
471 1415 532 1460 nou
551 1399 694 1478 gaudeat,
714 1397 829 1459 extrabi
844 1396 940 1458 eloco
955 1415 1038 1458 sucro
1063 1400 1177 1476 possit,

165 1481 233 1544 dati
252 1482 290 1544 ab
316 1484 460 1564 Episcopo
484 1483 622 1545 facultate
645 1501 735 1562 quam
761 1483 805 1544 illi
818 1481 966 1542 Pontifex
990 1482 1175 1562 impertitur.

164 1567 272 1638 Addit,
295 1568 376 1643 qubd
395 1569 420 1630 si
442 1567 539 1629 adbuc
560 1571 640 1630 vivat
655 1569 786 1646 graviter
804 1567 976 1628 vulneratus
994 1566 1027 1626 in
1048 1566 1175 1642 duello,

165 1659 195 1712 et
213 1667 366 1729 percussor
380 1653 543 1714 recurrerit
562 1653 599 1714 ad
617 1653 752 1732 asylum,
766 1671 801 1712 ac
814 1650 923 1713 meritb
938 1652 1078 1712 timeatur
1091 1653 1177 1714 iutu-

164 1753 251 1808 rum‚
264 1744 299 1796 ut
312 1735 336 1796 si
350 1753 430 1798 mors
443 1738 586 1800 acciderit
600 1738 748 1799 vulnerati
761 1782 770 1811 ‚
784 1738 836 1799 ille
847 1755 879 1798 se
890 1737 1051 1815 proripiet,
1066 1739 1175 1799 tuncsi

161 1819 274 1900 judicio
287 1822 452 1901 peritorum
467 1841 556 1903 grave
569 1824 637 1885 vitae
650 1823 816 1904 periculum
828 1831 866 1883 ex
880 1823 1005 1883 vulnere
1017 1823 1177 1884 imminere
1227 1858 1228 1869 κ

164 1914 333 1981 censentur,
348 1907 519 1970 extrahatur
531 1927 571 1970 ex
584 1909 666 1986 asylo
685 1925 775 1981 reos,
791 1907 943 1986 praemisso
961 1908 1086 1966 Decreto
1103 1908 1177 1986 Epi·
1227 1922 1228 1959 l

164 1995 244 2072 teupi
263 2001 294 2055 et
311 2012 379 2055 cum
391 1995 553 2055 resistentie
565 1994 664 2054 clerici
679 1993 717 2053 ab
736 1994 840 2054 eodem
853 1994 995 2071 Episcopo
1016 1992 1150 2071 deputati
1165 2037 1174 2065 ‚

157 2070 195 2139 'et
208 2086 342 2141 teneatur
356 2078 520 2141 carceribus
534 2078 668 2149 clausus,
681 2077 780 2139 exacti
795 2087 894 2137 tamen
908 2075 1035 2153 ljudice
1046 2076 1175 2155 promis·

164 2164 311 2236 sione‚ut
329 2164 353 2224 si
372 2162 448 2225 sorti
466 2164 639 2225 vulneratus
657 2161 749 2223 vitam
764 2169 904 2241 proroget
915 2161 993 2222 ultra
1005 2171 1122 2240 tempus
1134 2163 1174 2223 dc
1226 2227 1227 2236 χ

165 2247 325 2311 homicidio
350 2250 573 2329 prescriptum,
597 2249 735 2310 restituat
757 2247 843 2308 illum
865 2246 1017 2322 Ecclesie3
1037 2248 1172 2325 alioquin
1226 2265 1227 2276 ¹

164 2334 297 2395 incurrat
314 2332 442 2411 poenasb
457 2332 567 2395 Bened.
581 2334 678 2395 XIII.
690 2334 721 2394 in
732 2331 932 2411 persimilIbus
945 2332 1059 2392 casibus
1071 2331 1110 2392 de
1118 2331 1174 2393 bo·

164 2416 278 2478 micidis
303 2417 368 2475 loco
390 2434 472 2475 sacro
495 2418 650 2487 extractis,
673 2426 703 2477 et
732 2434 792 2477 non
824 2415 969 2476 restitutis
986 2416 1171 2479 constitutos.

163 2496 291 2561 Demaim
303 2498 501 2575 privationem
518 2500 701 2579 sepulture,
724 2519 816 2579 quam
831 2503 990 2561 incurrunt
1003 2501 1173 2578 ¹duellautcs

163 2583 195 2645 iu
216 2582 366 2643 sanctione
379 2583 564 2658 Tridentini,
583 2584 713 2645 declarat
733 2585 846 2646 incurri
867 2585 956 2645 etiam
970 2596 1038 2645 ante
1053 2596 1173 2647 senten

162 2668 234 2729 tium
247 2665 378 2745 judicis,
392 2668 416 2727 si
428 2668 504 2732 sorte
523 2668 643 2731 decedat
658 2671 748 2731 etiam
762 2679 845 2731 extra
859 2670 958 2730 locum
972 2669 1125 2732 conilictsis
1134 2690 1172 2733 cx

162 2753 286 2813 vulnere
304 2753 337 2813 in
359 2751 459 2814 duello
472 2755 610 2830 publico,
623 2756 671 2816 vel
691 2755 807 2835 priuato
827 2763 960 2833 accepto,
974 2755 1087 2815 etiamsi
1100 2767 1172 2817 ante

163 2842 290 2898 mortem
311 2841 389 2895 certo
409 2836 491 2913 signo
509 2840 692 2917 poenitcntiae
710 2839 845 2911 dederit,
863 2847 894 2898 et
914 2839 1130 2900 absolutionem
1151 2839 1167 2900 ir

160 2920 543 3067 genenrisobtinueritpn'ec
554 2922 716 3005 dispensari
728 2926 763 2987 cb
772 2926 805 2988 in
822 2942 857 2987 re
872 2924 910 2986 ob
921 2925 1071 3005 Episcopis
1085 2942 1167 3003 posse

183 3008 303 3071 cocrnit·

574 3154 758 3235 recursu.

200 3337 235 3393 ln
249 3338 387 3399 Ecclesiis
398 3342 548 3403 ruralibus
562 3338 722 3419 parochiali
743 3342 972 3419 proximioribus
984 3349 1085 3404 careat
1098 3343 1167 3422 lipi-

159 3432 282 3492 scopus,
304 3438 343 3479 nc
363 3427 534 3497 permittat,
552 3435 584 3486 ut
598 3427 686 3485 misso
704 3426 870 3487 celebretur
881 3437 950 3489 antc
957 3426 1162 3505 parochialem,

159 3494 311 3571 Euryclicc
326 3504 395 3561 Etsi
411 3505 545 3567 mr’m'rud.

198 3575 325 3638 Ecclesia
342 3583 518 3667 parochialis
529 3590 553 3647 si
571 3590 649 3651 lortc
666 3592 836 3669 corruerit,
850 3594 899 3654 vel
916 3594 1104 3673 reparatione
1117 3596 1162 3658 in·
