2475 3975
173 138 178 143 ’
269 148 553 240 Docilipolioiribur
568 158 833 229 dicereetotaum.
1016 166 1053 229 ot

75 257 402 339 illuminemini,
420 270 456 321 ut
473 260 605 323 modicus
616 262 753 341 imponat
762 262 885 325 infirmo
895 264 1053 331 motmu-

73 361 125 404 non
146 354 300 422 antequam
317 343 381 421 ojus
402 344 560 407 curationis
581 365 656 407 onus
678 347 811 409 modicus
831 348 992 427 suscipiat,
1013 350 1052 413 ad

73 423 126 503 loc,
138 448 173 499 no
189 430 327 493 infirmus
343 430 396 509 (sic
409 429 540 508 loquitur
553 431 699 509 Pontifex)
711 432 750 493 dc
763 432 944 495 consessione
955 437 1052 498 moni·

73 518 121 584 tus,
134 514 168 575 dc
180 515 274 575 salute
290 514 448 593 desperans
456 558 467 590 ‚
482 513 595 576 iaciliris
608 517 640 576 in
653 517 759 579 mortis
776 516 940 595 periculum
951 518 1052 581 meur·

71 597 217 676 rat3igitur
236 598 367 661 intendit
386 598 483 673 effici,
502 607 535 659 ut
548 598 686 661 infirmus
707 602 1053 683 confiteaturautequanr

70 680 167 742 morbus
178 683 228 744 fiat
242 684 388 745 mortalis.
403 684 472 745 llaec
488 684 633 747 sententia
655 682 731 747 mibi
747 686 867 747 ridetur
888 703 970 747 vera.
991 689 1053 751 lloc

69 770 145 827 tunen
164 786 223 831 nou
246 768 399 839 obstante,
412 768 444 830 iu
464 769 649 833 contrarium
665 779 710 831 est
726 772 826 849 prauis
843 771 1051 847 medicorum,

68 847 137 909 ctiam
150 852 294 915 timoratae
305 853 510 929 conscientia,
525 854 576 930 qui
589 872 652 915 non
668 854 763 915 solent
780 855 902 917 monere
918 856 1053 921 infirmos

67 931 93 989 ad
104 937 313 1010 confitendum,
329 938 384 998 nisi
405 936 474 999 ciun
487 935 646 997 infirmitas
658 939 852 1018 probabiliter
862 940 923 1017 jam
934 944 1051 1019 pericu-

68 1014 112 1077 losa
123 1018 214 1085 eneae
230 1030 286 1086 eet.
307 1024 412 1101 Neque
429 1023 461 1083 in
483 1020 540 1083 hoc
553 1028 660 1100 putant
676 1041 796 1101 peccare
812 1023 950 1085 adversim
970 1025 1051 1101 iuro·

66 1111 175 1169 nentuor
187 1110 353 1185 praestitum
361 1107 447 1184 jura
463 1106 579 1169 Bollane
591 1109 624 1171 S.
638 1108 693 1168 Pii
700 1151 711 1180 ‚
723 1108 819 1169 innixi
830 1107 972 1168 doctrinae
985 1110 1052 1186 plu·

65 1184 126 1247 rium
137 1200 288 1260 emtarum
304 1189 336 1271 (l.
349 1193 378 1253 6.
392 1210 476 1254 oum.
488 1194 555 1255 666.
572 1211 601 1255 a.
620 1193 706 1255 Circo
720 1191 843 1271 ouum.)
859 1191 1052 1255 sentientium

66 1270 127 1344 quod
140 1278 292 1352 praelatum
303 1276 507 1355 juramentum
521 1297 583 1341 non
600 1278 730 1357 obliget,
748 1278 805 1339 nisi
818 1296 876 1357 pro
890 1277 941 1339 illa
956 1288 1051 1355 porte,

66 1368 105 1428 ltro
117 1360 193 1436 quei
209 1361 425 1427 consuetudine
438 1374 590 1441 receptum
607 1373 662 1427 eet.
678 1362 824 1425 Coeoerdm
840 1382 901 1424 non
912 1363 1050 1423 dubitan-

65 1436 137 1517 dum,
151 1447 221 1523 quin
240 1448 407 1515 mortaliter
424 1458 545 1526 peccent
562 1449 668 1511 saltem
686 1447 795 1509 medici
818 1448 881 1520 illi,
893 1448 945 1525 qui
961 1448 1052 1511 omit·

64 1528 116 1585 ¹¹¹¹st
130 1532 248 1599 uenero
260 1532 397 1595 infirmos
416 1532 453 1595 de
466 1534 648 1598 contusione
660 1576 670 1608 ‚
681 1532 750 1595 ciem
763 1533 920 1595 infirmitas
932 1542 976 1593 eet
988 1532 1051 1611 jem

64 1609 212 1680 Periculosa.
237 1616 286 1679 Ob
315 1616 405 1697 quim
423 1618 567 1681 mnarum
589 1627 635 1681 est
658 1619 762 1681 ridere
782 1628 828 1680 tot
848 1617 984 1680 infirmos
1009 1621 1051 1698 (et

64 1702 201 1765 presertim
215 1722 267 1767 eos
284 1705 335 1781 qui
355 1712 489 1782 spectare
507 1713 577 1767 sunt
599 1704 763 1783 dignitatis)
777 1706 815 1766 ad
828 1705 932 1766 incites
945 1704 1051 1764 mortis

64 1776 165 1858 reduci,
179 1799 213 1850 ut
224 1788 358 1853 rationes
368 1790 436 1851 vitoe
446 1791 508 1853 Deo
522 1790 766 1851 morreddendus
776 1797 901 1869 parent,
913 1795 1049 1867 tempore

65 1875 111 1934 quo
126 1878 191 1933 sunt
207 1874 293 1953 quasi
307 1874 474 1947 exanimes,
489 1872 557 1935 cium
570 1874 622 1935 vix
634 1876 748 1953 poesint
760 1875 850 1935 verba
862 1882 935 1933 tunc
944 1872 1050 1933 modu·

64 1940 128 2039 ltro,
146 1954 193 2020 vix
213 1958 289 2020 alios
307 1958 429 2034 audire,
449 1959 501 2021 vix
520 1966 632 2023 statum
656 1960 812 2040 concipere
833 1958 962 2040 propriae
979 1974 1051 2020 oon-

65 2036 187 2123 scrootie‚
199 2061 384 2124 suorumque
397 2052 583 2124 poeoniorum
594 2045 740 2108 dolorem.
755 2048 792 2106 Et
802 2054 899 2106 totum
915 2041 972 2102 boe
984 2057 1051 2138 eue-

65 2120 98 2172 ¹¹¹²
116 2121 192 2201 culpi
207 2127 335 2192 istorum
353 2128 558 2201 medicorum,
577 2131 630 2208 qui
651 2149 691 2192 nc
711 2129 884 2207 displiceant
903 2125 1050 2196 infirmis,

64 2202 103 2288 {lli
114 2219 206 2274 totum
217 2211 411 2292 propinquis,
424 2212 491 2274 illos
502 2214 644 2274 certiores
659 2230 722 2274 non
731 2212 844 2272 fecium
859 2209 898 2268 do
906 2208 1051 2286 particulae

64 2281 110 2343 ¹¹11&
120 2288 155 2350 eis
166 2291 294 2357 blandiri
310 2305 439 2378 pergunt
458 2297 642 2374 usquedum
661 2293 786 2357 omnino
797 2293 854 2372 ipsi
870 2292 908 2354 de
925 2292 986 2353 rite
1000 2293 1052 2355 dc·

64 2377 252 2444 illlum-Crine
267 2382 359 2460 igitur
374 2380 488 2444 accedit
506 2380 638 2444 medicus
655 2380 831 2460 negligentis
849 2377 1050 2456 conscientie,

65 2462 130 2544 cura
147 2463 337 2530 confessarius
348 2463 496 2546 precipue
509 2484 578 2528 eum
591 2466 775 2545 interrogare
791 2472 822 2526 et
836 2467 977 2540 monere,
989 2484 1051 2529 non

64 2529 226 2616 ⁰b¹i⁶¹⁸sood
247 2567 316 2610 oum
334 2551 430 2612 colore
452 2549 490 2612 do
514 2549 569 2614 bac
589 2551 771 2630 obligatione
797 2551 955 2612 intimandi
979 2569 1051 2612 con-

64 2611 342 2696 icssiouem'inlirmis
352 2679 360 2706 ‚
372 2635 477 2698 saltem
490 2635 608 2714 quando
623 2635 754 2696 advertit
764 2633 904 2694 morbum
914 2633 978 2710 jam
987 2652 1050 2696 caso

63 2714 182 2788 gravem,
204 2729 257 2780 aut
277 2720 394 2782 dubitat
415 2739 454 2782 en
478 2723 516 2782 sit
531 2720 594 2797 jam
611 2721 773 2799 gravia‚ut
784 2719 983 2780 communiter
1003 2719 1051 2778 di-

63 2795 186 2867 cuntDD·
200 2803 253 2882 qui
272 2804 305 2864 in
323 2801 380 2865 hoc
399 2823 460 2865 non
479 2804 750 2884 discrepantium
768 2822 836 2865 eom
850 2799 945 2865 colore
955 2825 968 2880 ,-
979 2822 1050 2865 nanu

62 2881 89 2928 ⁰¹
107 2870 155 2971 ¹19ss
168 2896 277 2962 puncto
296 2888 403 2966 pendet
421 2889 499 2950 salue
516 2889 699 2968 spiritualis,
715 2907 777 2950 non
797 2886 916 2950 tantuinr
939 2888 1049 2948 medici

63 2964 228 3089 guarenna,
244 2972 296 3033 sed
309 2974 444 3037 omnium
457 2975 545 3036 etiam
559 2974 752 3036 intirmorum
769 2974 821 3050 qui
833 2971 889 3032 sub
901 2970 965 3048 ejus
977 2990 1049 3032 cora

75 3051 144 3105 runt.

92 3123 269 3212 660011νὸ..
288 3140 710 3223 aiacccditpbarmacopole,
730 3142 931 3218 interrogetur
952 3144 985 3204 1.
1003 3146 1050 3206 lin

65 3215 210 3286 prostiterit
233 3225 362 3286 remedia
380 3229 601 3306 praegnantibus
612 3227 652 3288 ad
664 3228 803 3288 abortum
817 3227 1049 3304 procurandum.

64 3286 87 3344 2·
98 3293 136 3356 An
151 3308 318 3372 vendiderit
335 3329 428 3372 unum
451 3311 643 3390 pharmacum
662 3330 717 3390 pro
730 3310 805 3382 alio,
816 3311 1050 3390 etrariirsquim

66 3384 101 3431 ‘⁰⁵
115 3385 219 3460 volebat
233 3393 310 3473 (Lib.
327 3397 359 3460 d.
371 3415 404 3456 oo.
419 3398 513 3474 861).
530 3395 585 3459 llic
602 3395 678 3456 addc
699 3395 873 3476 Greporium
893 3398 992 3458 XIII.
1015 3395 1048 3455 in

66 3452 147 3528 Const.
161 3477 208 3544 il,
227 3475 326 3561 Officii
339 3480 438 3544 nostri
455 3500 575 3543 omnem
586 3481 714 3542 vetuisse
731 3481 897 3544 societatem
912 3479 1050 3560 pbarmo·

65 3549 250 3632 c⁰l³01tsintor
262 3573 294 3627 et
310 3566 461 3642 medicos,
477 3574 529 3628 aut
542 3563 708 3644 chirurgos.

861 3650 892 3709 6.
