2475 3975
367 163 424 220 Boe
436 159 570 241 operibns
589 161 739 224 Benedicti
748 165 838 225 XIV.
910 173 913 178 '
1055 170 1112 228 279

100 267 261 324 solemnem
279 262 501 340 professionem.
512 267 554 325 lta
569 265 600 324 in
613 264 720 327 litteris
731 267 767 326 ad
780 265 866 326 Card.
879 255 1051 342 Quirinum,
1061 272 1116 330 Ee·

102 367 159 430 quo
172 345 303 408 dilectus.
366 381 372 390 ·

141 434 273 494 Velitum
287 442 330 492 cst
344 433 433 492 etiem
442 432 656 504 beneficiariis,
670 435 725 494 sub
739 437 826 513 poensl
839 438 1111 499 excommunicatio

94 519 146 578 ,nis
159 518 221 597 ipsa
242 519 318 577 screto
340 517 543 593 incurrendae,
569 527 599 579 et
617 519 762 586 nullitetis
781 522 887 590 aetus,
909 522 1057 594 rendere,
1077 543 1110 583 ac

98 602 265 664 distrahere
277 600 391 663 reditus
403 619 525 663 suorum
543 602 755 666 beneficiorum
767 605 804 666 ad
820 609 931 681 vitam,
946 608 993 679 nel
1006 609 1112 667 inlen-

97 707 170 765 gum
185 697 322 766 tempus,
340 687 456 765 recepti
475 687 511 747 ab
532 697 668 766 emptore
686 709 740 767 pcr
757 709 847 752 unam
868 693 915 752 vel
934 711 988 770 per
1012 693 1111 771 plnres

99 775 262 834 solutiones
286 774 479 851 pecuniarum
497 776 681 851 quantitate,
699 794 787 852 quam
803 776 858 855 ipsi
876 778 1043 838 chclleioti
1057 797 1110 857 per

97 859 227 934 spatium
238 857 368 934 ejusdem
385 857 548 934 temporis,
565 859 612 916 vel
631 864 722 918 totins
741 861 811 918 vitae
834 862 1026 939 probabiliter
1039 880 1111 923 con·

97 944 181 1020 sequi
195 945 369 1020 potuissent.
383 942 467 1001 Bnlla
480 939 662 1002 Universelis
678 940 826 1006 Ecclcoiee.

136 1029 250 1088 Titulos
272 1026 486 1088 beneficiorum
512 1045 580 1088 eum
612 1028 725 1088 occulti
754 1026 965 1098 inhabilitate,
983 1031 1031 1091 vel
1051 1030 1110 1090 alio

98 1113 321 1184 occultorum,
339 1111 387 1171 vel
405 1112 494 1172 etiam
513 1111 545 1172 in
567 1129 711 1170 concursu
734 1111 811 1172 neele
827 1113 1018 1174 obtentorum
1040 1133 1110 1175 eon·

96 1197 227 1259 validare
238 1199 279 1258 sas
291 1207 333 1258 est
342 1195 447 1275 majori
462 1197 701 1274 Poenitentierio,
713 1199 914 1265 BullaPastor
927 1198 1020 1260 bonus
1032 1223 1044 1276 ,·
1058 1200 1108 1260 secl

96 1287 129 1346 in
155 1283 388 1343 eonveliclatione
408 1282 587 1354 titulorum,
608 1291 638 1342 et
654 1283 871 1343 condonatione
890 1284 1039 1345 fruet-uum
1058 1284 1111 1346 ab-

95 1367 267 1429 stinendum
289 1376 332 1432 est
350 1367 392 1436 illi
406 1384 473 1426 cnm
485 1366 657 1448 Episcopis,
679 1369 730 1446 qui
745 1367 783 1427 dc
804 1370 937 1431 Ecclesiis
958 1369 1110 1432 cathedre-

95 1454 175 1514 libus
189 1453 319 1532 provi-i,
339 1469 448 1512 macnus
463 1453 689 1513 consecrationis
703 1454 781 1518 intre
793 1453 976 1532 prefinitum
989 1463 1108 1537 tempus

96 1557 158 1598 non
172 1537 363 1616 susceperint.
379 1535 423 1595 lb.
440 1534 467 1616 §.
485 1536 534 1595 n.

134 1625 237 1700 Neque
250 1619 338 1683 etiam
363 1621 509 1690 condonet
528 1622 643 1683 fructus
663 1624 901 1700 beneficialium‚
916 1634 946 1685 et
959 1627 1109 1705 episcope-

94 1708 171 1767 lium
181 1707 373 1766 Ecclesiarum
390 1706 494 1784 quovis
511 1707 600 1766 modo
612 1708 689 1768 malie
713 1720 865 1786 perceptos
878 1710 909 1767 in
921 1711 1036 1771 risibus
1047 1729 1108 1771 non

94 1791 228 1851 occultis.
242 1792 276 1850 ln
290 1791 409 1852 occultis
422 1787 492 1850 verb
505 1808 572 1848 cum
586 1793 688 1862 Italis,
713 1793 864 1870 Hispanis,
889 1795 1056 1867 Lusitanis,
1078 1805 1109 1854 ct

93 1877 199 1936 insulis
212 1874 412 1953 adjacentibus
434 1874 678 1950 compositionem
693 1875 792 1934 'iacere
815 1885 934 1952 potest3
952 1895 1020 1936 cum
1044 1880 1108 1938 eliis

93 1961 218 2039 reliquis
231 1979 292 2027 non
311 1966 418 2041 potest.
435 1959 502 2019 lleee
521 1967 621 2019 tamen
638 1960 738 2020 omnia
758 1958 868 2021 debent
882 1977 943 2019 esse
955 1961 1020 2020 sine
1033 1979 1109 2039 prae·

91 2046 206 2122 judicio
233 2046 379 2119 illorum,
399 2044 508 2124 quibus
542 2044 768 2107 distributiones
796 2063 960 2107 accrescere
986 2045 1106 2107 debent.

94 2132 173 2191 lbid.
204 2132 278 2190 sti.

134 2218 166 2275 Si
184 2130 251 2295 {uis
266 2213 482 2291 jam'obtineat
509 2214 711 2287 beneficium,
736 2224 767 2276 ct
788 2213 899 2292 injuste
925 2224 1049 2277 vexetur
1070 2218 1108 2280 ab

92 2302 154 2361 alio
166 2344 174 2371 ‚
187 2306 283 2379 potest
297 2300 420 2377 pecunie
432 2298 572 2375 injustam
586 2302 773 2360 vexationem
788 2300 953 2376 redimere,
964 2312 999 2363 ut
1012 2320 1048 2361 ex
1060 2321 1108 2363 ca·

95 2386 220 2445 nonistis
238 2384 377 2451 omnibus
390 2384 538 2446 firmetur.
554 2382 632 2445 lnst.¹
642 2386 719 2446 Eecl.
733 2388 782 2447 93.
796 2406 828 2446 n.
840 2387 872 2445 4.

133 2472 163 2531 Si
179 2470 249 2532 verb
267 2471 333 2550 quis
353 2470 459 2530 babeat
475 2468 526 2547 jus
545 2470 581 2529 ad
600 2472 802 2548 beneficium,
824 2481 854 2531 et
878 2472 915 2531 ab
932 2472 990 2533 alio
1010 2473 1055 2534 illi
1071 2474 1108 2534 lis

94 2564 265 2625 rnovcetur,
285 2572 345 2615 non
359 2562 456 2632 polest
467 2555 537 2615 dare
547 2556 674 2635 litiganti
691 2558 845 2635 pecuniam
857 2601 866 2627 ‚
877 2563 912 2613 ut
929 2560 1108 2633 acquiescat,

96 2658 190 2719 neque
204 2642 293 2701 etiam
312 2641 399 2703 titulo
415 2640 546 2699 solvendi
563 2658 704 2719 expensas
725 2643 755 2699 in
777 2642 829 2699 lite
843 2638 995 2716 hocusque
1008 2642 1107 2712 tectas,

95 2743 163 2783 nom
179 2734 250 2785 tune
272 2733 390 2804 pararet
412 2724 469 2785 sibi
495 2726 576 2784 viam
602 2726 641 2785 ad
664 2724 845 2784 beneficium
870 2741 924 2803 pcr
941 2727 1106 2803 pecuniam.

96 2809 171 2869 lbid.
188 2812 264 2871 n.7.

131 2894 311 2955 Beneficium
328 2892 475 2961 obtinenti
487 2894 555 2970 jure
576 2901 681 2966 certo,
703 2904 734 2955 et
754 2893 930 2964 mendeno,
945 2901 981 2952 ut
999 2895 1100 2955 nullus

95 2981 134 3039 sit
150 2980 305 3058 quaestioni
318 2981 418 3049 loeus,
437 2978 623 3057 permittitur
642 2980 788 3039 redimere
810 2978 952 3055 injustam
976 2980 1108 3041 vexatio·

96 3083 184 3136 nem,
201 3072 235 3124 ut
251 3082 287 3124 cx
300 3082 363 3141 cap.
385 3062 518 3124 Dilectus
540 3064 589 3125 27.
604 3063 642 3123 de
658 3064 785 3125 simonie
799 3082 814 3139 ς’
824 3063 915 3140 idque
931 3062 997 3121 lieri
1013 3073 1107 3143 potest
1132 3110 1137 3119 .
1157 3113 1161 3119 ,

95 3150 176 3231 nulle
189 3150 361 3229 interpositi
372 3150 505 3228 Episcopi
520 3149 716 3225 auctoritate3
734 3150 776 3208 ias
789 3156 834 3207 est
849 3154 951 3208 tamen
966 3151 1107 3229 Episcopo

94 3234 301 3313 praeciperem
319 3231 494 3312 Synodone
516 3234 549 3293 id
571 3232 623 3292 fiat
636 3235 746 3311 absque
766 3250 820 3293 suo
840 3250 958 3293 assensu
973 3234 1011 3294 ob
1030 3238 1109 3313 peri-

94 3320 194 3381 eulum
207 3320 352 3380 simonica.
367 3320 410 3377 De
422 3319 542 3397 Synbdo
555 3320 735 3389 dimensam,
750 3320 771 3379 l.
785 3321 833 3379 lb.
850 3339 876 3377 e
893 3320 924 3379 6.
939 3340 970 3379 n.
989 3322 1018 3379 9.

132 3404 163 3463 Si
175 3407 372 3466 Patronorum
395 3404 531 3465 beneficii
546 3406 631 3464 scissa
648 3405 786 3482 sallon-gia
805 3404 916 3463 suerint
936 3408 967 3464 in
985 3412 1107 3480 partes,

94 3487 144 3549 ille
160 3500 203 3550 est
225 3488 449 3569 praeficiendus,
467 3488 548 3566 quib
569 3489 706 3566 pluribus
729 3489 869 3565 cligitur,
886 3487 931 3546 uti
950 3486 1107 3544 definitum

95 3582 138 3634 cst
150 3574 181 3633 in
191 3577 262 3655 Cap.
277 3574 424 3653 Quoniam
437 3574 494 3649 ,de
509 3573 577 3661 jure
590 3572 774 3651 potronatus.
789 3574 819 3632 Si
834 3580 933 3711 mei-J
942 3571 1006 3643 ille,
1020 3586 1107 3643 quem

925 3674 949 3711 p,
