2475 3975
387 170 437 233 Ex
449 167 583 251 operiens
598 166 748 230 Benedicti
763 170 854 236 XIV.
962 136 968 141 Ι
1067 176 1125 238 litt

523 356 718 417 vuuntntn.

153 527 260 591 clerici
278 523 443 589 beneficiati
470 520 667 603 prohibentun
692 524 781 589 unico
802 529 868 585 actu
895 524 1023 587 vendere
1044 544 1124 589 com·

109 614 260 686 modum,
277 630 330 672 sen
346 609 503 671 utilitatem
533 607 715 686 percipiendi
740 609 854 669 sauctus
875 609 1008 675 beneficii
1028 612 1124 689 quoad

108 697 263 770 vixerint,
291 694 343 763 vel·
361 711 415 773 per
433 693 560 772 tongum·
576 701 714 771 tempus,
738 693 855 772 recepta
880 695 1002 773 pecunie
1031 696 1063 757 in
1090 697 1123 758 ei

109 780 254 854 summa,
281 777 321 839 de
351 778 410 853 qua
429 785 609 838 conventum
637 783 683 844 eet
711 778 791 843 inter
811 776 1016 840 contrahentes
1035 824 1044 852 ,
1062 780 1125 840 sive

109 865 239 944 pecunia
252 863 301 923 illa
319 870 380 925 tota
398 862 488 923 simul
504 862 637 925 solvatur
652 904 660 933 ‚
678 862 740 925 slve
760 863 931 942 perplures
952 864 1121 925 solutiones.

108 950 147 1011 ld
167 946 239 1009 vero
252 949 378 1007 vetitum
392 946 449 1007 sub
468 945 771 1011 excommunicatione
787 954 818 1006 et
833 946 897 1011 aliis
913 947 1009 1026 poenis
1022 957 1124 1007 contra

109 1034 275 1093 alienantes
297 1031 375 1095 bona
396 1031 588 1092 ecclesiastica
608 1028 749 1105 inflictis,
779 1038 810 1091 et
833 1038 1000 1093 contractus
1022 1050 1124 1092 omnes

109 1119 154 1178 ita
181 1116 369 1177 celebrandos
398 1117 431 1176 in
459 1116 598 1177 futurum
617 1116 753 1183 Pontifex
775 1115 898 1191 irritat,
923 1124 954 1178 et
978 1116 1122 1177 annullat.

110 1202 238 1261 Constit.
261 1196 602 1265 unicanctiannteein.

151 1286 187 1345 ln
208 1292 358 1345 contractu
387 1285 546 1363 emptionis
575 1293 606 1345 et
624 1283 831 1363 venditionis,
857 1286 882 1345 si
904 1284 957 1346 liat
976 1290 1123 1363 pactum,

109 1385 175 1447 qno
198 1369 364 1440 venditor,
391 1370 639 1447 quandocumque
664 1370 792 1429 voluerit
816 1388 879 1430 rem
901 1369 1052 1431 venditam
1077 1388 1125 1429 nc·

109 1453 251 1525 dimone,
280 1453 426 1533 obligetur
449 1454 479 1514 vi
504 1453 638 1529 ejusdcm
658 1454 735 1533 pacti
763 1455 829 1532 plns
852 1454 946 1524 dare,
968 1453 1056 1532 qulam
1078 1470 1124 1513 ne·

109 1538 225 1616 ceperit
241 1538 273 1599 in
288 1539 483 1614 venditione,
500 1545 667 1603 contractus
680 1547 725 1603 eat
740 1538 879 1618 injustus.
892 1540 937 1601 Dc
949 1540 1022 1618 Syn.
1037 1538 1123 1601 dioec.

108 1623 167 1684 lib.
181 1625 230 1682 to.
248 1641 275 1681 e.
290 1625 321 1681 8.
336 1627 409 1682 md.

110 1752 115 1757 .
151 1707 183 1767 Si
203 1703 334 1766 venditio
358 1704 410 1765 fiat
428 1722 496 1765 cum
514 1714 599 1783 pacto
621 1704 790 1765 redimendi
812 1706 890 1765 intra
914 1714 1027 1767 centum
1048 1718 1124 1767 tem-

109 1807 190 1871 pus,
206 1806 267 1867 quo
279 1788 377 1866 elapso
399 1808 460 1850 non
482 1790 521 1851 sit
540 1787 668 1868 ampliiis
689 1790 770 1849 locus
789 1790 1034 1849 retrovenditioni
1047 1811 1057 1866 3
1071 1791 1125 1849 istc

90 1881 280 1955 ,contractus
292 1873 370 1951 sapit
389 1891 537 1951 usuram,
558 1892 596 1937 ex
617 1891 678 1950 eo,
699 1874 770 1955 qnia
785 1872 904 1935 videtne
929 1874 1054 1943 induere
1071 1890 1125 1943 na,-

109 1968 212 2025 lurana
230 1957 374 2038 pignoris.
390 1958 440 2026 lb.

521 2102 721 2202 nisinun.

151 2306 269 2382 AEgnoto
288 2302 444 2382 impotenti
463 2302 501 2364 nd
516 2304 666 2366 viaticum
686 2303 889 2381 sumendum,
906 2322 967 2368 non
986 2306 1055 2367 licet
1077 2324 1123 2368 sa-

111 2407 193 2451 cnam
204 2389 377 2468 particulam
401 2388 566 2455 dolemead
589 2408 655 2450 enm
683 2391 881 2452 venerandam
906 2399 936 2452 et
954 2392 1123 2452 deosculan-

111 2473 205 2546 dam,
225 2473 306 2553 quod
328 2473 394 2534 lieri
420 2473 518 2535 vetnit
537 2477 570 2535 S.
595 2475 671 2538 Pina
690 2477 727 2538 V.
746 2484 776 2538 et
790 2477 822 2537 S.
838 2479 947 2557 Congo.
967 2479 1056 2540 Cone.
1081 2481 1123 2540 llo

111 2558 207 2620 sconii.
223 2560 304 2618 miss.
320 2557 385 2618 lib.
401 2557 430 2616 5.
444 2575 508 2635 cap.
526 2559 573 2618 in.
597 2577 628 2618 n.
649 2563 681 2622 le.

149 2643 294 2704 llocituro
325 2638 482 2721 impotenti
512 2643 738 2708 Eucharistiam'
754 2644 810 2706 snb
836 2645 934 2724 specie
963 2645 1047 2725 panis
1070 2645 1122 2707 de·
1182 2638 1188 2650 ⁴

111 2728 242 2807 glutine,
263 2744 323 2788 non
349 2727 446 2804 potest
478 2740 696 2790 sacramentnm
728 2730 927 2791 administrari
950 2730 1005 2791 sub
1027 2732 1122 2810 specie

112 2811 198 2884 vini,
221 2829 319 2888 neque
334 2810 394 2869 sub
421 2813 519 2888 specie
549 2815 635 2891 panis
657 2815 774 2874 intincti
798 2814 829 2874 in
847 2815 918 2874 vino
935 2821 1120 2888 consecrato,

112 2895 161 2956 sed
181 2893 304 2956 omnino
319 2894 497 2972 linquendus
508 2905 553 2957 est
571 2915 635 2958 non
652 2899 777 2959 resectus
796 2899 877 2958 sacra
894 2902 1121 2971 communione,

112 2977 181 3042 ciam
210 2986 391 3058 praeceptum
419 2978 527 3040 Viatici
549 2999 610 3042 non
634 2982 764 3061 obliget,
790 2982 847 3042 nisi
870 2980 938 3042 calm
960 2983 1121 3042 ministrari

113 3071 207 3141 potest
234 3063 294 3123 ritn
318 3062 355 3123 ab
376 3062 503 3125 Ecclesii
532 3083 593 3124 non
616 3065 789 3144 prohibit03
815 3068 870 3127 iste
895 3065 968 3129 vero
984 3065 1060 3128 nitus
1085 3066 1122 3127 ab

114 3146 237 3209 Ecclesia
253 3145 345 3206 latini
365 3146 489 3208 omnino
506 3147 692 3227 prohibetur.
706 3150 783 3211 lbid.
796 3167 827 3211 n.
840 3151 869 3210 6.

155 3231 292 3291 Vicissim
321 3239 422 3290 autem
451 3230 534 3292 licite
563 3232 789 3294 administratur
822 3234 878 3296 snb
909 3235 1006 3314 specie
1037 3234 1121 3312 panis

112 3315 181 3375 vino
195 3316 242 3376 vel
260 3314 337 3392 aqud
359 3329 420 3375 nou
451 3316 617 3378 consecrati
638 3317 814 3391 madefacti,
836 3326 870 3380 ut
886 3316 998 3379 facilius
1017 3316 1121 3395 deglu-

113 3401 213 3462 tiator.
224 3398 301 3463 lbid.

156 3661 236 3720 Toni.
250 3661 312 3724 IX.
351 3695 354 3704 ι
