<?xml version="1.0" encoding="UTF-8"?>
<!DOCTYPE html PUBLIC "-//W3C//DTD XHTML 1.0 Transitional//EN"
    "http://www.w3.org/TR/xhtml1/DTD/xhtml1-transitional.dtd">
<html xmlns="http://www.w3.org/1999/xhtml" xml:lang="en" lang="en">
 <head>
  <title>
</title>
<meta http-equiv="Content-Type" content="text/html;charset=utf-8" />
  <meta name='ocr-system' content='tesseract 3.04.00' />
  <meta name='ocr-capabilities' content='ocr_page ocr_carea ocr_par ocr_line ocrx_word'/>
</head>
<body>
  <div class='ocr_page' id='page_1' title='image "./theologiamorali04heilgoog_0367.png"; bbox 0 0 2475 3975; ppageno 0'>
   <div class='ocr_carea' id='block_1_1' title="bbox 356 152 1090 237">
    <p class='ocr_par' dir='ltr' id='par_1_1' title="bbox 356 152 1090 237">
     <span class='ocr_line' id='line_1_1' title="bbox 356 152 1090 237; baseline 0.007 -22"><span class='ocrx_word' id='word_1_1' title='bbox 356 155 405 215; x_wconf 80' lang='lat' dir='ltr'>Ex</span> <span class='ocrx_word' id='word_1_2' title='bbox 415 153 549 237; x_wconf 84' lang='lat' dir='ltr'>operibus</span> <span class='ocrx_word' id='word_1_3' title='bbox 563 152 716 215; x_wconf 81' lang='lat' dir='ltr'>Benedicti</span> <span class='ocrx_word' id='word_1_4' title='bbox 728 155 817 215; x_wconf 83' lang='lat' dir='ltr'>XIV.</span> <span class='ocrx_word' id='word_1_5' title='bbox 1033 159 1090 220; x_wconf 76' lang='grc'>566</span> 
     </span>
    </p>
   </div>
   <div class='ocr_carea' id='block_1_2' title="bbox 50 255 1144 3311">
    <p class='ocr_par' dir='ltr' id='par_1_2' title="bbox 86 255 1090 422">
     <span class='ocr_line' id='line_1_2' title="bbox 87 255 1090 334; baseline 0.002 -17"><span class='ocrx_word' id='word_1_6' title='bbox 87 265 217 318; x_wconf 89' lang='lat' dir='ltr'>nuorunt</span> <span class='ocrx_word' id='word_1_7' title='bbox 232 301 240 330; x_wconf 87' lang='lat'><strong>‚</strong></span> <span class='ocrx_word' id='word_1_8' title='bbox 255 266 319 318; x_wconf 89' lang='lat' dir='ltr'>tum</span> <span class='ocrx_word' id='word_1_9' title='bbox 332 257 502 318; x_wconf 89' lang='lat' dir='ltr'>inciderunt</span> <span class='ocrx_word' id='word_1_10' title='bbox 523 259 553 316; x_wconf 91' lang='lat' dir='ltr'>in</span> <span class='ocrx_word' id='word_1_11' title='bbox 571 258 752 328; x_wconf 76' lang='lat' dir='ltr'>amentiam,</span> <span class='ocrx_word' id='word_1_12' title='bbox 771 255 839 316; x_wconf 86' lang='lat' dir='ltr'>etim</span> <span class='ocrx_word' id='word_1_13' title='bbox 857 256 967 334; x_wconf 81' lang='lat' dir='ltr'>aliquid</span> <span class='ocrx_word' id='word_1_14' title='bbox 990 261 1090 319; x_wconf 87' lang='lat' dir='ltr'>crimi-</span> 
     </span>
     <span class='ocr_line' id='line_1_3' title="bbox 86 342 1089 422; baseline 0.001 -22"><span class='ocrx_word' id='word_1_15' title='bbox 86 343 132 401; x_wconf 86' lang='lat' dir='ltr'>nis</span> <span class='ocrx_word' id='word_1_16' title='bbox 145 343 328 406; x_wconf 85' lang='lat' dir='ltr'>committere</span> <span class='ocrx_word' id='word_1_17' title='bbox 341 343 506 422; x_wconf 84' lang='lat' dir='ltr'>potuerint,</span> <span class='ocrx_word' id='word_1_18' title='bbox 518 342 881 420; x_wconf 84' lang='lat' dir='ltr'>utiqueinungendisunt.</span> <span class='ocrx_word' id='word_1_19' title='bbox 895 342 970 402; x_wconf 87' lang='lat' dir='ltr'>lbid.</span> <span class='ocrx_word' id='word_1_20' title='bbox 984 362 1047 422; x_wconf 90' lang='lat' dir='ltr'>cap.</span> <span class='ocrx_word' id='word_1_21' title='bbox 1059 347 1089 404; x_wconf 99' lang='grc'>6.</span> 
     </span>
    </p>

    <p class='ocr_par' dir='ltr' id='par_1_3' title="bbox 84 425 1091 824">
     <span class='ocr_line' id='line_1_4' title="bbox 123 425 1091 506; baseline 0.002 -22"><span class='ocrx_word' id='word_1_22' title='bbox 123 425 181 485; x_wconf 87' lang='lat' dir='ltr'>Sed</span> <span class='ocrx_word' id='word_1_23' title='bbox 193 425 286 504; x_wconf 79' lang='lat' dir='ltr'>quid,</span> <span class='ocrx_word' id='word_1_24' title='bbox 306 427 330 486; x_wconf 93' lang='lat' dir='ltr'>si</span> <span class='ocrx_word' id='word_1_25' title='bbox 352 426 450 487; x_wconf 75' lang='lat' dir='ltr'>subiti</span> <span class='ocrx_word' id='word_1_26' title='bbox 472 427 501 486; x_wconf 86' lang='lat' dir='ltr'>vi</span> <span class='ocrx_word' id='word_1_27' title='bbox 523 425 620 486; x_wconf 82' lang='lat' dir='ltr'>morbi</span> <span class='ocrx_word' id='word_1_28' title='bbox 640 428 768 506; x_wconf 74' lang='lat' dir='ltr'><strong>correpti</strong></span> <span class='ocrx_word' id='word_1_29' title='bbox 786 426 818 485; x_wconf 93' lang='lat' dir='ltr'>in</span> <span class='ocrx_word' id='word_1_30' title='bbox 841 427 1000 488; x_wconf 77' lang='lat' dir='ltr'><strong>amentiam</strong></span> <span class='ocrx_word' id='word_1_31' title='bbox 1018 429 1091 488; x_wconf 87' lang='lat' dir='ltr'>inei·</span> 
     </span>
     <span class='ocr_line' id='line_1_5' title="bbox 86 507 1090 590; baseline 0.004 -22"><span class='ocrx_word' id='word_1_32' title='bbox 86 507 177 582; x_wconf 81' lang='lat' dir='ltr'>dant,</span> <span class='ocrx_word' id='word_1_33' title='bbox 200 519 234 571; x_wconf 90' lang='lat' dir='ltr'>ut</span> <span class='ocrx_word' id='word_1_34' title='bbox 247 519 348 590; x_wconf 86' lang='lat' dir='ltr'>petere</span> <span class='ocrx_word' id='word_1_35' title='bbox 365 511 587 572; x_wconf 76' lang='lat' dir='ltr'><strong>Sacramentum</strong></span> <span class='ocrx_word' id='word_1_36' title='bbox 613 512 739 572; x_wconf 73' lang='lat' dir='ltr'>minime</span> <span class='ocrx_word' id='word_1_37' title='bbox 763 511 935 571; x_wconf 83' lang='lat' dir='ltr'>valuerint?</span> <span class='ocrx_word' id='word_1_38' title='bbox 950 513 1006 571; x_wconf 81' lang='lat' dir='ltr'>iios</span> <span class='ocrx_word' id='word_1_39' title='bbox 1021 531 1090 590; x_wconf 88' lang='lat' dir='ltr'>pro·</span> 
     </span>
     <span class='ocr_line' id='line_1_6' title="bbox 85 591 1091 694; baseline 0.001 -42"><span class='ocrx_word' id='word_1_40' title='bbox 85 591 160 654; x_wconf 81' lang='lat' dir='ltr'>soctd</span> <span class='ocrx_word' id='word_1_41' title='bbox 174 592 230 672; x_wconf 85' lang='lat' dir='ltr'>hoo¹</span> <span class='ocrx_word' id='word_1_42' title='bbox 252 594 470 656; x_wconf 87' lang='lat' dir='ltr'>Sacramento</span> <span class='ocrx_word' id='word_1_43' title='bbox 459 596 557 672; x_wconf 84' lang='lat' dir='ltr'>Juvari</span> <span class='ocrx_word' id='word_1_44' title='bbox 572 605 709 674; x_wconf 78' lang='lat' dir='ltr'>oportet,</span> <span class='ocrx_word' id='word_1_45' title='bbox 726 596 750 656; x_wconf 88' lang='lat' dir='ltr'>si</span> <span class='ocrx_word' id='word_1_46' title='bbox 774 597 939 694; x_wconf 74' lang='lat' dir='ltr'>praesertim</span> <span class='ocrx_word' id='word_1_47' title='bbox 959 596 1091 656; x_wconf 82' lang='lat' dir='ltr'>sensibus</span> 
     </span>
     <span class='ocr_line' id='line_1_7' title="bbox 84 676 1089 760; baseline 0.003 -25"><span class='ocrx_word' id='word_1_48' title='bbox 84 676 218 738; x_wconf 87' lang='lat' dir='ltr'>destituti</span> <span class='ocrx_word' id='word_1_49' title='bbox 229 679 356 760; x_wconf 80' lang='lat' dir='ltr'>aliorum</span> <span class='ocrx_word' id='word_1_50' title='bbox 373 690 626 742; x_wconf 86' lang='lat' dir='ltr'>sacramentorum</span> <span class='ocrx_word' id='word_1_51' title='bbox 640 680 793 742; x_wconf 85' lang='lat' dir='ltr'>remedio</span> <span class='ocrx_word' id='word_1_52' title='bbox 781 682 879 757; x_wconf 76' lang='lat' dir='ltr'>Juuari</span> <span class='ocrx_word' id='word_1_53' title='bbox 891 699 952 742; x_wconf 94' lang='lat' dir='ltr'>non</span> <span class='ocrx_word' id='word_1_54' title='bbox 966 682 1089 759; x_wconf 82' lang='lat' dir='ltr'>possint.</span> 
     </span>
     <span class='ocr_line' id='line_1_8' title="bbox 86 761 289 824; baseline 0.01 -2"><span class='ocrx_word' id='word_1_55' title='bbox 86 761 163 822; x_wconf 90' lang='lat' dir='ltr'>ibid.</span> <span class='ocrx_word' id='word_1_56' title='bbox 177 782 241 823; x_wconf 91' lang='grc'>66.</span> <span class='ocrx_word' id='word_1_57' title='bbox 255 766 289 824; x_wconf 91' lang='grc'>6.</span> 
     </span>
    </p>

    <p class='ocr_par' dir='ltr' id='par_1_4' title="bbox 50 782 1092 1438">
     <span class='ocr_line' id='line_1_9' title="bbox 122 782 1091 929; baseline 0.005 -23"><span class='ocrx_word' id='word_1_58' title='bbox 122 782 289 922; x_wconf 74' lang='lat' dir='ltr'>Ordopin</span> <span class='ocrx_word' id='word_1_59' title='bbox 273 848 328 910; x_wconf 88' lang='lat' dir='ltr'>hoe</span> <span class='ocrx_word' id='word_1_60' title='bbox 339 850 525 912; x_wconf 84' lang='lat' dir='ltr'>Sacramenta</span> <span class='ocrx_word' id='word_1_61' title='bbox 541 851 720 914; x_wconf 82' lang='lat' dir='ltr'>conterendo</span> <span class='ocrx_word' id='word_1_62' title='bbox 735 851 914 929; x_wconf 76' lang='lat' dir='ltr'>quamquam</span> <span class='ocrx_word' id='word_1_63' title='bbox 930 871 992 913; x_wconf 88' lang='lat' dir='ltr'>non</span> <span class='ocrx_word' id='word_1_64' title='bbox 1011 850 1091 912; x_wconf 89' lang='lat' dir='ltr'>idem</span> 
     </span>
     <span class='ocr_line' id='line_1_10' title="bbox 50 932 1092 1014; baseline 0.003 -23"><span class='ocrx_word' id='word_1_65' title='bbox 50 952 58 962; x_wconf 76' lang='grc'><em>·</em></span> <span class='ocrx_word' id='word_1_66' title='bbox 83 932 174 994; x_wconf 89' lang='lat' dir='ltr'>suerit</span> <span class='ocrx_word' id='word_1_67' title='bbox 187 952 305 1014; x_wconf 78' lang='lat' dir='ltr'>semper</span> <span class='ocrx_word' id='word_1_68' title='bbox 325 937 357 996; x_wconf 95' lang='lat' dir='ltr'>in</span> <span class='ocrx_word' id='word_1_69' title='bbox 373 936 434 996; x_wconf 79' lang='lat' dir='ltr'>tota</span> <span class='ocrx_word' id='word_1_70' title='bbox 457 937 604 1006; x_wconf 76' lang='lat' dir='ltr'>Ecclesia,</span> <span class='ocrx_word' id='word_1_71' title='bbox 620 937 690 996; x_wconf 88' lang='lat' dir='ltr'>edm</span> <span class='ocrx_word' id='word_1_72' title='bbox 708 936 758 996; x_wconf 90' lang='lat' dir='ltr'>alii</span> <span class='ocrx_word' id='word_1_73' title='bbox 781 942 883 997; x_wconf 86' lang='lat' dir='ltr'>statim</span> <span class='ocrx_word' id='word_1_74' title='bbox 907 947 974 1014; x_wconf 85' lang='lat' dir='ltr'>post</span> <span class='ocrx_word' id='word_1_75' title='bbox 995 955 1092 997; x_wconf 88' lang='lat' dir='ltr'>saera·</span> 
     </span>
     <span class='ocr_line' id='line_1_11' title="bbox 84 1019 1090 1098; baseline -0.002 -19"><span class='ocrx_word' id='word_1_76' title='bbox 84 1019 244 1090; x_wconf 78' lang='lat' dir='ltr'>mentalem</span> <span class='ocrx_word' id='word_1_77' title='bbox 264 1019 479 1081; x_wconf 85' lang='lat' dir='ltr'>absolutionem</span> <span class='ocrx_word' id='word_1_78' title='bbox 498 1029 567 1081; x_wconf 87' lang='lat' dir='ltr'>ante</span> <span class='ocrx_word' id='word_1_79' title='bbox 580 1021 729 1081; x_wconf 82' lang='lat' dir='ltr'>viaticum</span> <span class='ocrx_word' id='word_1_80' title='bbox 753 1029 877 1098; x_wconf 76' lang='lat' dir='ltr'>egrotos</span> <span class='ocrx_word' id='word_1_81' title='bbox 897 1020 1090 1086; x_wconf 81' lang='lat' dir='ltr'>inunxerint,</span> 
     </span>
     <span class='ocr_line' id='line_1_12' title="bbox 82 1104 1092 1182; baseline -0.001 -19"><span class='ocrx_word' id='word_1_82' title='bbox 82 1104 133 1164; x_wconf 89' lang='lat' dir='ltr'>alii</span> <span class='ocrx_word' id='word_1_83' title='bbox 147 1111 213 1182; x_wconf 80' lang='lat' dir='ltr'>post</span> <span class='ocrx_word' id='word_1_84' title='bbox 224 1106 371 1166; x_wconf 81' lang='lat' dir='ltr'>viaticum</span> <span class='ocrx_word' id='word_1_85' title='bbox 383 1125 392 1180; x_wconf 83' lang='lat'>3</span> <span class='ocrx_word' id='word_1_86' title='bbox 406 1104 474 1179; x_wconf 86' lang='lat' dir='ltr'>edm</span> <span class='ocrx_word' id='word_1_87' title='bbox 486 1114 583 1166; x_wconf 91' lang='lat' dir='ltr'>tamen</span> <span class='ocrx_word' id='word_1_88' title='bbox 596 1105 731 1168; x_wconf 77' lang='lat' dir='ltr'>Eeelcsiae</span> <span class='ocrx_word' id='word_1_89' title='bbox 743 1106 883 1172; x_wconf 81' lang='lat' dir='ltr'>Romanae</span> <span class='ocrx_word' id='word_1_90' title='bbox 895 1104 1048 1182; x_wconf 86' lang='lat' dir='ltr'>disciplina</span> <span class='ocrx_word' id='word_1_91' title='bbox 1060 1105 1092 1162; x_wconf 92' lang='lat' dir='ltr'>in</span> 
     </span>
     <span class='ocr_line' id='line_1_13' title="bbox 83 1187 1092 1268; baseline 0 -20"><span class='ocrx_word' id='word_1_92' title='bbox 83 1188 266 1266; x_wconf 83' lang='lat' dir='ltr'>Cateehismo</span> <span class='ocrx_word' id='word_1_93' title='bbox 301 1190 422 1250; x_wconf 88' lang='lat' dir='ltr'>Concilii</span> <span class='ocrx_word' id='word_1_94' title='bbox 449 1189 616 1252; x_wconf 78' lang='lat' dir='ltr'>Tridentini</span> <span class='ocrx_word' id='word_1_95' title='bbox 642 1207 782 1268; x_wconf 76' lang='lat' dir='ltr'>expressa</span> <span class='ocrx_word' id='word_1_96' title='bbox 808 1199 988 1268; x_wconf 81' lang='lat' dir='ltr'>postremam</span> <span class='ocrx_word' id='word_1_97' title='bbox 1016 1187 1092 1248; x_wconf 90' lang='lat' dir='ltr'>banc</span> 
     </span>
     <span class='ocr_line' id='line_1_14' title="bbox 82 1273 1090 1355; baseline 0.002 -25"><span class='ocrx_word' id='word_1_98' title='bbox 82 1273 189 1351; x_wconf 82' lang='lat' dir='ltr'>agendi</span> <span class='ocrx_word' id='word_1_99' title='bbox 203 1274 347 1342; x_wconf 84' lang='lat' dir='ltr'>rationem</span> <span class='ocrx_word' id='word_1_100' title='bbox 358 1276 520 1335; x_wconf 84' lang='lat' dir='ltr'>servaverit</span> <span class='ocrx_word' id='word_1_101' title='bbox 527 1276 698 1355; x_wconf 84' lang='lat' dir='ltr'>‚aequitatis</span> <span class='ocrx_word' id='word_1_102' title='bbox 716 1275 793 1338; x_wconf 84' lang='lat' dir='ltr'>ratio</span> <span class='ocrx_word' id='word_1_103' title='bbox 805 1276 952 1354; x_wconf 86' lang='lat' dir='ltr'>postulat,</span> <span class='ocrx_word' id='word_1_104' title='bbox 967 1282 1001 1334; x_wconf 88' lang='lat' dir='ltr'>ut</span> <span class='ocrx_word' id='word_1_105' title='bbox 1011 1273 1090 1334; x_wconf 84' lang='lat' dir='ltr'>abeo</span> 
     </span>
     <span class='ocr_line' id='line_1_15' title="bbox 81 1356 539 1438; baseline 0.009 -22"><span class='ocrx_word' id='word_1_106' title='bbox 81 1375 145 1417; x_wconf 90' lang='lat' dir='ltr'>non</span> <span class='ocrx_word' id='word_1_107' title='bbox 162 1356 326 1436; x_wconf 82' lang='lat' dir='ltr'>recedatur.</span> <span class='ocrx_word' id='word_1_108' title='bbox 340 1357 416 1418; x_wconf 90' lang='lat' dir='ltr'>ibid</span> <span class='ocrx_word' id='word_1_109' title='bbox 434 1377 518 1438; x_wconf 86' lang='lat' dir='ltr'>cap</span> <span class='ocrx_word' id='word_1_110' title='bbox 509 1361 539 1424; x_wconf 99' lang='lat'>8</span> 
     </span>
    </p>

    <p class='ocr_par' dir='ltr' id='par_1_5' title="bbox 77 1426 1144 2355">
     <span class='ocr_line' id='line_1_16' title="bbox 122 1426 1091 1543; baseline 0.004 -43"><span class='ocrx_word' id='word_1_111' title='bbox 122 1426 233 1506; x_wconf 82' lang='lat' dir='ltr'>Eodem</span> <span class='ocrx_word' id='word_1_112' title='bbox 254 1441 359 1507; x_wconf 90' lang='lat' dir='ltr'>morbo</span> <span class='ocrx_word' id='word_1_113' title='bbox 385 1451 413 1503; x_wconf 89' lang='grc'>66</span> <span class='ocrx_word' id='word_1_114' title='bbox 442 1427 582 1543; x_wconf 73' lang='lat' dir='ltr'>periculo</span> <span class='ocrx_word' id='word_1_115' title='bbox 593 1451 819 1522; x_wconf 79' lang='lat' dir='ltr'>perseverante,</span> <span class='ocrx_word' id='word_1_116' title='bbox 843 1452 976 1522; x_wconf 84' lang='lat' dir='ltr'>repetere</span> <span class='ocrx_word' id='word_1_117' title='bbox 991 1446 1091 1510; x_wconf 84' lang='lat' dir='ltr'>Sacra</span> 
     </span>
     <span class='ocr_line' id='line_1_17' title="bbox 81 1526 1091 1608; baseline 0.004 -20"><span class='ocrx_word' id='word_1_118' title='bbox 81 1535 218 1594; x_wconf 86' lang='lat' dir='ltr'>mentum</span> <span class='ocrx_word' id='word_1_119' title='bbox 229 1526 308 1587; x_wconf 83' lang='lat' dir='ltr'>istud</span> <span class='ocrx_word' id='word_1_120' title='bbox 323 1546 382 1606; x_wconf 87' lang='lat' dir='ltr'>non</span> <span class='ocrx_word' id='word_1_121' title='bbox 402 1529 491 1605; x_wconf 81' lang='lat' dir='ltr'>licet3</span> <span class='ocrx_word' id='word_1_122' title='bbox 504 1530 528 1590; x_wconf 91' lang='lat' dir='ltr'>si</span> <span class='ocrx_word' id='word_1_123' title='bbox 551 1528 622 1592; x_wconf 83' lang='lat' dir='ltr'>verb</span> <span class='ocrx_word' id='word_1_124' title='bbox 640 1529 737 1590; x_wconf 89' lang='lat' dir='ltr'>morbi</span> <span class='ocrx_word' id='word_1_125' title='bbox 755 1531 799 1589; x_wconf 84' lang='lat' dir='ltr'>vis</span> <span class='ocrx_word' id='word_1_126' title='bbox 819 1529 860 1590; x_wconf 88' lang='lat' dir='ltr'>ita</span> <span class='ocrx_word' id='word_1_127' title='bbox 876 1531 1045 1608; x_wconf 82' lang='lat' dir='ltr'>remiserit,</span> <span class='ocrx_word' id='word_1_128' title='bbox 1057 1540 1091 1592; x_wconf 88' lang='lat' dir='ltr'>ut</span> 
     </span>
     <span class='ocr_line' id='line_1_18' title="bbox 80 1601 1092 1694; baseline 0.004 -21"><span class='ocrx_word' id='word_1_129' title='bbox 80 1614 232 1692; x_wconf 78' lang='lat' dir='ltr'>recessisse</span> <span class='ocrx_word' id='word_1_130' title='bbox 244 1601 408 1692; x_wconf 90' lang='lat' dir='ltr'>perieulum</span> <span class='ocrx_word' id='word_1_131' title='bbox 423 1615 527 1676; x_wconf 87' lang='lat' dir='ltr'>mortis</span> <span class='ocrx_word' id='word_1_132' title='bbox 542 1616 698 1693; x_wconf 84' lang='lat' dir='ltr'>videatur,</span> <span class='ocrx_word' id='word_1_133' title='bbox 715 1614 886 1694; x_wconf 83' lang='lat' dir='ltr'>uerumque</span> <span class='ocrx_word' id='word_1_134' title='bbox 894 1618 1092 1689; x_wconf 86' lang='lat' dir='ltr'>recrudescat,</span> 
     </span>
     <span class='ocr_line' id='line_1_19' title="bbox 80 1699 1092 1781; baseline 0.005 -23"><span class='ocrx_word' id='word_1_135' title='bbox 80 1705 114 1758; x_wconf 85' lang='grc'>66</span> <span class='ocrx_word' id='word_1_136' title='bbox 128 1716 239 1764; x_wconf 83' lang='lat' dir='ltr'>nouum</span> <span class='ocrx_word' id='word_1_137' title='bbox 252 1701 358 1775; x_wconf 81' lang='lat' dir='ltr'>mortis</span> <span class='ocrx_word' id='word_1_138' title='bbox 370 1701 538 1778; x_wconf 87' lang='lat' dir='ltr'>perieulum</span> <span class='ocrx_word' id='word_1_139' title='bbox 551 1708 672 1778; x_wconf 76' lang='lat' dir='ltr'>urgeat,</span> <span class='ocrx_word' id='word_1_140' title='bbox 685 1709 757 1758; x_wconf 89' lang='lat' dir='ltr'>tunc</span> <span class='ocrx_word' id='word_1_141' title='bbox 770 1699 880 1776; x_wconf 77' lang='lat' dir='ltr'>iterdm</span> <span class='ocrx_word' id='word_1_142' title='bbox 893 1703 994 1762; x_wconf 88' lang='lat' dir='ltr'>unctio</span> <span class='ocrx_word' id='word_1_143' title='bbox 1005 1720 1092 1781; x_wconf 82' lang='lat' dir='ltr'>pera·</span> 
     </span>
     <span class='ocr_line' id='line_1_20' title="bbox 79 1781 1091 1864; baseline 0.005 -21"><span class='ocrx_word' id='word_1_144' title='bbox 79 1783 178 1864; x_wconf 79' lang='lat' dir='ltr'>gendo</span> <span class='ocrx_word' id='word_1_145' title='bbox 189 1791 244 1858; x_wconf 82' lang='lat' dir='ltr'>est.</span> <span class='ocrx_word' id='word_1_146' title='bbox 260 1783 336 1846; x_wconf 83' lang='lat' dir='ltr'>ibid.</span> <span class='ocrx_word' id='word_1_147' title='bbox 352 1787 386 1843; x_wconf 86' lang='lat' dir='ltr'>tn</span> <span class='ocrx_word' id='word_1_148' title='bbox 398 1783 490 1860; x_wconf 86' lang='lat' dir='ltr'>dubio</span> <span class='ocrx_word' id='word_1_149' title='bbox 509 1794 607 1844; x_wconf 88' lang='lat' dir='ltr'>tamen</span> <span class='ocrx_word' id='word_1_150' title='bbox 620 1781 694 1841; x_wconf 82' lang='lat' dir='ltr'>adm</span> <span class='ocrx_word' id='word_1_151' title='bbox 710 1782 806 1854; x_wconf 72' lang='lat' dir='ltr'>morbi</span> <span class='ocrx_word' id='word_1_152' title='bbox 824 1791 917 1842; x_wconf 89' lang='lat' dir='ltr'>status</span> <span class='ocrx_word' id='word_1_153' title='bbox 932 1787 971 1845; x_wconf 86' lang='lat' dir='ltr'>sit</span> <span class='ocrx_word' id='word_1_154' title='bbox 993 1797 1091 1848; x_wconf 86' lang='lat' dir='ltr'>muto·</span> 
     </span>
     <span class='ocr_line' id='line_1_21' title="bbox 79 1864 1091 1946; baseline 0.006 -20"><span class='ocrx_word' id='word_1_155' title='bbox 79 1877 149 1938; x_wconf 81' lang='lat' dir='ltr'>tus,</span> <span class='ocrx_word' id='word_1_156' title='bbox 175 1884 226 1926; x_wconf 89' lang='lat' dir='ltr'>seu</span> <span class='ocrx_word' id='word_1_157' title='bbox 247 1864 322 1928; x_wconf 91' lang='lat' dir='ltr'>ndm</span> <span class='ocrx_word' id='word_1_158' title='bbox 346 1866 426 1946; x_wconf 80' lang='lat' dir='ltr'>idem</span> <span class='ocrx_word' id='word_1_159' title='bbox 441 1876 627 1946; x_wconf 87' lang='lat' dir='ltr'>perseveret,</span> <span class='ocrx_word' id='word_1_160' title='bbox 639 1864 779 1942; x_wconf 80' lang='lat' dir='ltr'>expedit,</span> <span class='ocrx_word' id='word_1_161' title='bbox 801 1874 835 1923; x_wconf 92' lang='lat' dir='ltr'>ut</span> <span class='ocrx_word' id='word_1_162' title='bbox 848 1866 884 1924; x_wconf 91' lang='lat' dir='ltr'>ad</span> <span class='ocrx_word' id='word_1_163' title='bbox 910 1868 1091 1932; x_wconf 76' lang='lat' dir='ltr'>sacramenti</span> 
     </span>
     <span class='ocr_line' id='line_1_22' title="bbox 78 1948 1144 2035; baseline 0 -21"><span class='ocrx_word' id='word_1_164' title='bbox 78 1953 268 2015; x_wconf 86' lang='lat' dir='ltr'>iterationem</span> <span class='ocrx_word' id='word_1_165' title='bbox 281 1950 426 2031; x_wconf 84' lang='lat' dir='ltr'>parochus</span> <span class='ocrx_word' id='word_1_166' title='bbox 443 1951 634 2035; x_wconf 89' lang='lat' dir='ltr'>propendeat.</span> <span class='ocrx_word' id='word_1_167' title='bbox 653 1948 730 2010; x_wconf 88' lang='lat' dir='ltr'>ibid.</span> <span class='ocrx_word' id='word_1_168' title='bbox 746 1950 852 2009; x_wconf 84' lang='lat' dir='ltr'>Peecet</span> <span class='ocrx_word' id='word_1_169' title='bbox 868 1949 1007 2031; x_wconf 82' lang='lat' dir='ltr'>qrooiter</span> <span class='ocrx_word' id='word_1_170' title='bbox 1017 1954 1094 2026; x_wconf 73' lang='lat' dir='ltr'>ille,</span> <span class='ocrx_word' id='word_1_171' title='bbox 1134 1953 1144 1980; x_wconf 82' lang='lat'><strong>¹</strong></span> 
     </span>
     <span class='ocr_line' id='line_1_23' title="bbox 79 2036 1093 2119; baseline 0.001 -21"><span class='ocrx_word' id='word_1_172' title='bbox 79 2059 136 2118; x_wconf 87' lang='lat' dir='ltr'>qur</span> <span class='ocrx_word' id='word_1_173' title='bbox 128 2038 264 2099; x_wconf 89' lang='lat' dir='ltr'>&#39;tamdiu</span> <span class='ocrx_word' id='word_1_174' title='bbox 281 2037 381 2097; x_wconf 80' lang='lat' dir='ltr'>differt</span> <span class='ocrx_word' id='word_1_175' title='bbox 394 2039 563 2099; x_wconf 84' lang='lat' dir='ltr'>Extremam</span> <span class='ocrx_word' id='word_1_176' title='bbox 576 2037 752 2099; x_wconf 85' lang='lat' dir='ltr'>Unctionom</span> <span class='ocrx_word' id='word_1_177' title='bbox 762 2036 925 2105; x_wconf 78' lang='lat' dir='ltr'>conferre,</span> <span class='ocrx_word' id='word_1_178' title='bbox 947 2036 1093 2119; x_wconf 71' lang='lat' dir='ltr'>eborejam</span> 
     </span>
     <span class='ocr_line' id='line_1_24' title="bbox 78 2117 1095 2206; baseline -0.01 -19"><span class='ocrx_word' id='word_1_179' title='bbox 78 2130 211 2206; x_wconf 77' lang='lat' dir='ltr'>oeqiotus</span> <span class='ocrx_word' id='word_1_180' title='bbox 231 2120 432 2184; x_wconf 79' lang='lat' dir='ltr'>oiiiaisolutis</span> <span class='ocrx_word' id='word_1_181' title='bbox 453 2140 525 2203; x_wconf 83' lang='lat' dir='ltr'>spe,</span> <span class='ocrx_word' id='word_1_182' title='bbox 539 2120 623 2193; x_wconf 78' lang='lat' dir='ltr'>vitet,</span> <span class='ocrx_word' id='word_1_183' title='bbox 636 2129 665 2181; x_wconf 88' lang='grc'>66</span> <span class='ocrx_word' id='word_1_184' title='bbox 678 2117 811 2189; x_wconf 79' lang='lat' dir='ltr'>semibus</span> <span class='ocrx_word' id='word_1_185' title='bbox 832 2137 929 2179; x_wconf 83' lang='lat' dir='ltr'>carere</span> <span class='ocrx_word' id='word_1_186' title='bbox 953 2122 1095 2202; x_wconf 77' lang='lat' dir='ltr'>iieoipiet</span> 
     </span>
     <span class='ocr_line' id='line_1_25' title="bbox 78 2197 1091 2284; baseline 0.001 -15"><span class='ocrx_word' id='word_1_187' title='bbox 78 2207 180 2269; x_wconf 86' lang='lat' dir='ltr'>Verba</span> <span class='ocrx_word' id='word_1_188' title='bbox 199 2204 262 2284; x_wconf 79' lang='lat' dir='ltr'>baec</span> <span class='ocrx_word' id='word_1_189' title='bbox 277 2214 347 2281; x_wconf 84' lang='lat' dir='ltr'>suut</span> <span class='ocrx_word' id='word_1_190' title='bbox 367 2205 541 2281; x_wconf 80' lang='lat' dir='ltr'>Catachismi</span> <span class='ocrx_word' id='word_1_191' title='bbox 558 2197 683 2276; x_wconf 79' lang='lat' dir='ltr'>Rotnani</span> <span class='ocrx_word' id='word_1_192' title='bbox 702 2203 1091 2269; x_wconf 79' lang='lat' dir='ltr'>deExtremdUnet.1bid</span> 
     </span>
     <span class='ocr_line' id='line_1_26' title="bbox 77 2292 217 2355; baseline -0.039 0"><span class='ocrx_word' id='word_1_193' title='bbox 77 2310 169 2355; x_wconf 91' lang='lat' dir='ltr'>num</span> <span class='ocrx_word' id='word_1_194' title='bbox 188 2292 217 2351; x_wconf 94' lang='grc'>5.</span> 
     </span>
    </p>

    <p class='ocr_par' dir='ltr' id='par_1_6' title="bbox 78 2372 1092 2864">
     <span class='ocr_line' id='line_1_27' title="bbox 118 2372 1092 2457; baseline -0.004 -18"><span class='ocrx_word' id='word_1_195' title='bbox 118 2380 167 2439; x_wconf 80' lang='lat' dir='ltr'>An</span> <span class='ocrx_word' id='word_1_196' title='bbox 182 2384 317 2442; x_wconf 87' lang='lat' dir='ltr'>teneatur</span> <span class='ocrx_word' id='word_1_197' title='bbox 331 2374 475 2457; x_wconf 84' lang='lat' dir='ltr'>parochus</span> <span class='ocrx_word' id='word_1_198' title='bbox 490 2376 711 2435; x_wconf 83' lang='lat' dir='ltr'>Sacramentum</span> <span class='ocrx_word' id='word_1_199' title='bbox 723 2372 779 2435; x_wconf 90' lang='lat' dir='ltr'>hoe</span> <span class='ocrx_word' id='word_1_200' title='bbox 795 2374 1002 2441; x_wconf 85' lang='lat' dir='ltr'>administrare</span> <span class='ocrx_word' id='word_1_201' title='bbox 1011 2384 1092 2455; x_wconf 90' lang='lat' dir='ltr'>peste</span> 
     </span>
     <span class='ocr_line' id='line_1_28' title="bbox 78 2460 1090 2543; baseline -0.003 -18"><span class='ocrx_word' id='word_1_202' title='bbox 78 2462 310 2543; x_wconf 83' lang='lat' dir='ltr'>laborantibus,</span> <span class='ocrx_word' id='word_1_203' title='bbox 330 2462 552 2522; x_wconf 86' lang='lat' dir='ltr'>dictumestV.</span> <span class='ocrx_word' id='word_1_204' title='bbox 571 2460 736 2523; x_wconf 81' lang='lat' dir='ltr'>Porocbus.</span> <span class='ocrx_word' id='word_1_205' title='bbox 750 2463 796 2520; x_wconf 77' lang='lat' dir='ltr'>An</span> <span class='ocrx_word' id='word_1_206' title='bbox 815 2462 952 2521; x_wconf 82' lang='lat' dir='ltr'>valeat</span> <span class='ocrx_word' id='word_1_207' title='bbox 928 2481 954 2521; x_wconf 84' lang='lat' dir='ltr'>st</span> <span class='ocrx_word' id='word_1_208' title='bbox 978 2462 1090 2522; x_wconf 90' lang='lat' dir='ltr'>instru-</span> 
     </span>
     <span class='ocr_line' id='line_1_29' title="bbox 79 2547 1090 2642; baseline -0.003 -33"><span class='ocrx_word' id='word_1_209' title='bbox 79 2556 205 2623; x_wconf 86' lang='lat' dir='ltr'>mento,</span> <span class='ocrx_word' id='word_1_210' title='bbox 227 2565 334 2626; x_wconf 89' lang='lat' dir='ltr'>nempe</span> <span class='ocrx_word' id='word_1_211' title='bbox 356 2547 535 2625; x_wconf 86' lang='lat' dir='ltr'>penicillo,</span> <span class='ocrx_word' id='word_1_212' title='bbox 527 2565 637 2626; x_wconf 81' lang='lat' dir='ltr'>munga</span> <span class='ocrx_word' id='word_1_213' title='bbox 640 2554 690 2605; x_wconf 87' lang='lat' dir='ltr'>tur</span> <span class='ocrx_word' id='word_1_214' title='bbox 708 2564 814 2623; x_wconf 87' lang='lat' dir='ltr'>eorpus</span> <span class='ocrx_word' id='word_1_215' title='bbox 827 2547 929 2623; x_wconf 82' lang='lat' dir='ltr'>oegroti</span> <span class='ocrx_word' id='word_1_216' title='bbox 945 2557 1030 2642; x_wconf 88' lang='lat' dir='ltr'>peste</span> <span class='ocrx_word' id='word_1_217' title='bbox 1044 2550 1090 2607; x_wconf 92' lang='lat' dir='ltr'>in·</span> 
     </span>
     <span class='ocr_line' id='line_1_30' title="bbox 78 2628 1091 2709; baseline -0.004 -16"><span class='ocrx_word' id='word_1_218' title='bbox 78 2634 170 2709; x_wconf 80' lang='lat' dir='ltr'>secti,</span> <span class='ocrx_word' id='word_1_219' title='bbox 184 2629 260 2693; x_wconf 89' lang='lat' dir='ltr'>nihil</span> <span class='ocrx_word' id='word_1_220' title='bbox 278 2632 446 2709; x_wconf 87' lang='lat' dir='ltr'>deciditur;</span> <span class='ocrx_word' id='word_1_221' title='bbox 464 2634 605 2692; x_wconf 85' lang='lat' dir='ltr'>asseritur</span> <span class='ocrx_word' id='word_1_222' title='bbox 624 2640 724 2691; x_wconf 86' lang='lat' dir='ltr'>tamen</span> <span class='ocrx_word' id='word_1_223' title='bbox 739 2628 820 2689; x_wconf 91' lang='lat' dir='ltr'>hune</span> <span class='ocrx_word' id='word_1_224' title='bbox 841 2633 933 2688; x_wconf 85' lang='lat' dir='ltr'>ritum</span> <span class='ocrx_word' id='word_1_225' title='bbox 948 2632 979 2688; x_wconf 94' lang='lat' dir='ltr'>in</span> <span class='ocrx_word' id='word_1_226' title='bbox 994 2632 1091 2691; x_wconf 86' lang='lat' dir='ltr'>Eccle-</span> 
     </span>
     <span class='ocr_line' id='line_1_31' title="bbox 78 2714 1089 2797; baseline -0.003 -18"><span class='ocrx_word' id='word_1_227' title='bbox 78 2720 124 2779; x_wconf 80' lang='lat' dir='ltr'>sid</span> <span class='ocrx_word' id='word_1_228' title='bbox 144 2716 296 2796; x_wconf 84' lang='lat' dir='ltr'>lineasque</span> <span class='ocrx_word' id='word_1_229' title='bbox 318 2718 407 2779; x_wconf 80' lang='lat' dir='ltr'>fuisse</span> <span class='ocrx_word' id='word_1_230' title='bbox 420 2718 605 2780; x_wconf 89' lang='lat' dir='ltr'>inusitatum.</span> <span class='ocrx_word' id='word_1_231' title='bbox 629 2719 674 2775; x_wconf 88' lang='lat' dir='ltr'>De</span> <span class='ocrx_word' id='word_1_232' title='bbox 692 2716 765 2792; x_wconf 88' lang='lat' dir='ltr'>Syn.</span> <span class='ocrx_word' id='word_1_233' title='bbox 777 2714 868 2775; x_wconf 89' lang='lat' dir='ltr'>Dioec.</span> <span class='ocrx_word' id='word_1_234' title='bbox 887 2716 940 2779; x_wconf 90' lang='lat' dir='ltr'>lib.</span> <span class='ocrx_word' id='word_1_235' title='bbox 956 2717 1004 2776; x_wconf 80' lang='lat' dir='ltr'>ts.</span> <span class='ocrx_word' id='word_1_236' title='bbox 1025 2735 1089 2797; x_wconf 86' lang='lat' dir='ltr'>cap.</span> 
     </span>
     <span class='ocr_line' id='line_1_32' title="bbox 80 2804 242 2864; baseline -0.012 0"><span class='ocrx_word' id='word_1_237' title='bbox 80 2805 135 2864; x_wconf 77' lang='grc'>69.</span> <span class='ocrx_word' id='word_1_238' title='bbox 148 2804 242 2864; x_wconf 81' lang='lat' dir='ltr'>n.t7.</span> 
     </span>
    </p>

    <p class='ocr_par' dir='ltr' id='par_1_7' title="bbox 76 2886 1091 3311">
     <span class='ocr_line' id='line_1_33' title="bbox 120 2886 1091 2949; baseline -0.001 0"><span class='ocrx_word' id='word_1_239' title='bbox 120 2890 190 2949; x_wconf 87' lang='lat' dir='ltr'>Non</span> <span class='ocrx_word' id='word_1_240' title='bbox 205 2888 295 2948; x_wconf 79' lang='lat' dir='ltr'>refert</span> <span class='ocrx_word' id='word_1_241' title='bbox 309 2886 410 2949; x_wconf 88' lang='lat' dir='ltr'>utrdm</span> <span class='ocrx_word' id='word_1_242' title='bbox 423 2886 479 2949; x_wconf 88' lang='lat' dir='ltr'>hoe</span> <span class='ocrx_word' id='word_1_243' title='bbox 493 2890 716 2949; x_wconf 84' lang='lat' dir='ltr'>Sacramentum</span> <span class='ocrx_word' id='word_1_244' title='bbox 730 2886 898 2947; x_wconf 84' lang='lat' dir='ltr'>conseratur</span> <span class='ocrx_word' id='word_1_245' title='bbox 909 2886 948 2947; x_wconf 93' lang='lat' dir='ltr'>ab</span> <span class='ocrx_word' id='word_1_246' title='bbox 960 2905 1021 2948; x_wconf 93' lang='lat' dir='ltr'>uno</span> <span class='ocrx_word' id='word_1_247' title='bbox 1030 2889 1091 2948; x_wconf 83' lang='lat' dir='ltr'>sire</span> 
     </span>
     <span class='ocr_line' id='line_1_34' title="bbox 78 2970 1091 3052; baseline 0.002 -17"><span class='ocrx_word' id='word_1_248' title='bbox 78 2970 96 3035; x_wconf 74' lang='lat' dir='ltr'>a</span> <span class='ocrx_word' id='word_1_249' title='bbox 118 2973 255 3051; x_wconf 86' lang='lat' dir='ltr'>pluribus</span> <span class='ocrx_word' id='word_1_250' title='bbox 271 2974 450 3052; x_wconf 87' lang='lat' dir='ltr'>presbyteris</span> <span class='ocrx_word' id='word_1_251' title='bbox 464 2972 550 3051; x_wconf 87' lang='lat' dir='ltr'>juxta</span> <span class='ocrx_word' id='word_1_252' title='bbox 575 2991 690 3035; x_wconf 90' lang='lat' dir='ltr'>morem</span> <span class='ocrx_word' id='word_1_253' title='bbox 714 2972 907 3043; x_wconf 77' lang='lat' dir='ltr'>Graecorum,</span> <span class='ocrx_word' id='word_1_254' title='bbox 929 2972 1091 3037; x_wconf 82' lang='lat' dir='ltr'>dummodt&#39;t</span> 
     </span>
     <span class='ocr_line' id='line_1_35' title="bbox 78 3054 1091 3137; baseline -0.003 -18"><span class='ocrx_word' id='word_1_255' title='bbox 78 3060 127 3120; x_wconf 86' lang='lat' dir='ltr'>itti</span> <span class='ocrx_word' id='word_1_256' title='bbox 143 3056 325 3118; x_wconf 88' lang='lat' dir='ltr'>credanthoe</span> <span class='ocrx_word' id='word_1_257' title='bbox 336 3059 400 3117; x_wconf 85' lang='lat' dir='ltr'>sieri</span> <span class='ocrx_word' id='word_1_258' title='bbox 412 3076 495 3137; x_wconf 90' lang='lat' dir='ltr'>posse</span> <span class='ocrx_word' id='word_1_259' title='bbox 506 3060 596 3119; x_wconf 91' lang='lat' dir='ltr'>etiam</span> <span class='ocrx_word' id='word_1_260' title='bbox 605 3058 643 3117; x_wconf 89' lang='lat' dir='ltr'>ab</span> <span class='ocrx_word' id='word_1_261' title='bbox 657 3074 718 3116; x_wconf 90' lang='lat' dir='ltr'>uno</span> <span class='ocrx_word' id='word_1_262' title='bbox 730 3054 826 3115; x_wconf 77' lang='lat' dir='ltr'>valide</span> <span class='ocrx_word' id='word_1_263' title='bbox 836 3063 866 3114; x_wconf 86' lang='lat' dir='ltr'>et</span> <span class='ocrx_word' id='word_1_264' title='bbox 878 3054 1091 3116; x_wconf 70' lang='lat' dir='ltr'>licitatteecsse</span> 
     </span>
     <span class='ocr_line' id='line_1_36' title="bbox 81 3140 1090 3221; baseline 0 -18"><span class='ocrx_word' id='word_1_265' title='bbox 81 3153 186 3203; x_wconf 89' lang='lat' dir='ltr'>tamon</span> <span class='ocrx_word' id='word_1_266' title='bbox 199 3150 242 3201; x_wconf 88' lang='lat' dir='ltr'>est</span> <span class='ocrx_word' id='word_1_267' title='bbox 260 3151 294 3201; x_wconf 91' lang='lat' dir='ltr'>ut</span> <span class='ocrx_word' id='word_1_268' title='bbox 309 3144 442 3203; x_wconf 84' lang='lat' dir='ltr'>sacerdos</span> <span class='ocrx_word' id='word_1_269' title='bbox 455 3144 592 3213; x_wconf 79' lang='lat' dir='ltr'>Graecus,</span> <span class='ocrx_word' id='word_1_270' title='bbox 618 3142 671 3221; x_wconf 92' lang='lat' dir='ltr'>qui</span> <span class='ocrx_word' id='word_1_271' title='bbox 686 3141 792 3219; x_wconf 82' lang='lat' dir='ltr'>ungit,</span> <span class='ocrx_word' id='word_1_272' title='bbox 816 3140 895 3204; x_wconf 89' lang='lat' dir='ltr'>idem</span> <span class='ocrx_word' id='word_1_273' title='bbox 915 3150 946 3201; x_wconf 84' lang='lat' dir='ltr'>at</span> <span class='ocrx_word' id='word_1_274' title='bbox 965 3142 1090 3203; x_wconf 81' lang='lat' dir='ltr'>sormam</span> 
     </span>
     <span class='ocr_line' id='line_1_37' title="bbox 76 3223 625 3311; baseline -0.004 -21"><span class='ocrx_word' id='word_1_275' title='bbox 76 3225 269 3311; x_wconf 79' lang='lat' dir='ltr'>pronuntiet.</span> <span class='ocrx_word' id='word_1_276' title='bbox 285 3228 361 3289; x_wconf 78' lang='lat' dir='ltr'>buil.</span> <span class='ocrx_word' id='word_1_277' title='bbox 375 3227 444 3291; x_wconf 80' lang='lat' dir='ltr'>Etsi</span> <span class='ocrx_word' id='word_1_278' title='bbox 451 3223 625 3311; x_wconf 69' lang='lat' dir='ltr'>pastoralis.</span> 
     </span>
    </p>
   </div>
   <div class='ocr_carea' id='block_1_3' title="bbox 0 0 1242 3975">
    <p class='ocr_par' dir='ltr' id='par_1_8' title="bbox 0 0 1242 3975">
     <span class='ocr_line' id='line_1_38' title="bbox 0 0 1242 3975; baseline 0 3"><span class='ocrx_word' id='word_1_279' title='bbox 0 0 1242 3975; x_wconf 95' lang='lat' dir='ltr'> </span> 
     </span>
    </p>
   </div>
  </div>
 </body>
</html>
