2475 3975
361 160 388 243 g.
402 162 468 223 vll.
486 162 532 223 De
544 158 694 244 infestetis
709 159 875 227 comneno·
1070 169 1104 231 9l
1121 210 1124 218 -

83 280 231 325 monent·
252 264 283 325 Si
310 280 443 342 unquam
462 262 616 325 damnatus
642 262 705 341 jara
733 266 839 327 setam
862 266 1049 341 modesta,
1075 277 1108 329 et

82 348 346 427 potateonliteri,
365 346 478 426 flagitet
497 347 619 425 justitian
639 348 808 424 ministros,
831 358 866 411 ut
888 352 1061 429 permittant
1078 355 1107 415 ei

81 434 294 506 descendere,
324 431 514 512 protestando
538 432 618 513 quod
641 444 712 495 tune
737 435 794 513 ipsi
825 445 965 499 tenentur
990 446 1107 517 tempus

81 519 134 579 illi
162 519 375 581 concederent
397 516 580 580 confiteatur.
606 521 669 580 Hoc
691 527 791 581 minen
813 523 906 583 currit
925 541 980 600 pro
998 540 1034 583 eo
1053 524 1105 600 qui

81 604 226 665 nendum
248 604 470 678 suscensent,
482 622 550 663 nam
564 605 587 663 si
601 622 670 664 reas
680 603 743 680 jam
758 604 830 667 aliis
838 608 986 668 molossus
997 607 1105 679 luerit,

80 700 163 749 tnnc
174 689 366 751 confessarius
380 698 498 752 moueat
512 706 603 760 cunr,
620 697 655 748 ut
674 699 773 750 sctum
784 692 972 754 contritionis
985 692 1105 760 eliciat,

80 782 118 834 et
141 773 213 835 inde
229 776 271 833 sie
304 774 491 849 interroget:
513 772 575 854 ch
595 772 644 853 fiii
664 773 731 847 mi,
753 794 833 835 atrae
855 795 952 837 ponite
976 772 1106 837 turceio

80 858 227 938 confiteri
252 856 328 919 mibi
352 856 454 919 anania
481 867 603 939 peccato
632 858 1105 941 temperamentoque

80 944 167 1005 mili
183 943 291 1007 timisti
303 950 318 1003 Ρ
340 945 376 1003 Ει
393 942 462 1005 cirm
482 962 553 1004 reus
584 944 744 1014 annuerit,
765 946 943 1005 levissimam
965 947 993 1005 ei
1018 946 1103 1005 satis-

79 1030 249 1091 factionem
267 1029 403 1107 imponat
420 1028 462 1108 (v.
476 1046 506 1107 g.
535 1036 568 1087 ut
584 1028 703 1089 invocet
712 1029 826 1091 desum
843 1037 874 1088 et
896 1028 1048 1108 Mariam),
1074 1038 1105 1089 et

78 1116 230 1179 absolvat.
322 1179 325 1184 ,

79 1288 112 1368 S.
128 1290 199 1349 Vll.
216 1286 366 1363 Quomodo
385 1305 416 1351 se
427 1306 530 1433 greciaei
539 1286 859 1434 mansionarios
872 1308 940 1351 eom
953 1287 1104 1369 infestatis

121 1634 197 1692 ΗΟ.
214 1566 348 1701 Atreus
367 1628 477 1690 obsessi
493 1628 509 1689 a
528 1629 612 1693 malis
640 1629 795 1708 spiritibus
815 1642 960 1693 vexentur
981 1635 1103 1710 spectris

77 1716 301 1786 norribilibus,
324 1720 375 1773 aut
393 1714 593 1791 corporalibus
609 1716 795 1775 cruciatibus.
812 1718 926 1777 llorum
949 1718 1041 1777 facilis
1059 1726 1103 1778 est

1 1841 2 1856 ι
78 1822 181 1879 eura,
171 1825 180 1839 ·
196 1800 543 1872 insinueturcisoratio,
561 1801 726 1878 patientia,
740 1804 1106 1899 etsuperomaiadivine

77 1887 235 1949 voluntati
255 1885 455 1947 uniformitas.
472 1885 672 1945 confessarius
692 1903 753 1947 con
773 1885 813 1945 sit
831 1885 871 1945 ita
887 1886 1055 1946 incredulus
1069 1894 1104 1945 ut

74 1974 200 2054 judicet
223 1989 326 2032 ornnes
353 1967 443 2033 bas
435 1970 619 2041 invasiones,
641 1978 694 2030 aut
715 1970 913 2032 infestationes
932 1971 1104 2033 demonum

79 2077 150 2122 esse
174 2055 358 2136 phantasias,
387 2063 439 2115 aut
462 2056 629 2133 corporales
645 2052 941 2153 infirmitates3quia
966 2073 1027 2115 noo
1050 2073 1103 2114 ue-

79 2143 244 2225 gandum,
270 2159 354 2202 veros
382 2139 513 2202 obsesses
538 2142 627 2200 ctiam
659 2141 739 2199 inter
761 2139 936 2200 christianos
964 2142 1101 2200 existere.

79 2229 214 2292 Ecclesia
235 2227 318 2288 enim
345 2225 520 2287 adversus
513 2225 680 2284 invasiones
702 2225 772 2283 istas
798 2232 842 2283 tet
863 2224 992 2283 instituit
1017 2241 1103 2299 exor-

80 2317 221 2386 cismos,
242 2329 372 2392 quorum
395 2309 569 2372 exercitium
596 2317 723 2370 testatur
746 2307 832 2371 nobis
853 2308 1011 2370 concilium
1034 2293 1102 2377 Tri·

80 2399 244 2460 «lentinum
266 2395 365 2474 (Trid.
381 2412 450 2458 sess.
471 2396 520 2456 ιδ.
533 2413 556 2456 c.
579 2394 623 2475 i.)
641 2412 758 2474 semper
780 2394 814 2454 ia
837 2412 892 2456 usu
912 2394 1000 2456 fuisse
1021 2395 1100 2474 apud

80 2483 255 2546 Ecclesiam.
282 2483 482 2558 Praeterquam
506 2479 613 2558 quod,
636 2481 662 2542 si
693 2481 802 2540 obsessi
831 2499 892 2542 noa
919 2482 1098 2554 existerent,

83 2569 234 2630 inutiliter
263 2565 336 2626 ordo
361 2567 557 2626 Exercistatus
584 2566 739 2636 institutus
771 2565 895 2637 luisset,
920 2585 980 2644 que
1011 2583 1100 2644 super

83 2671 303 2735 energumenos
320 2661 350 2714 et
368 2651 590 2716 catechumenos
603 2662 731 2730 potestas
746 2670 799 2712 eea
801 2653 895 2712 fertur
910 2652 1002 2730 (quod
1021 2652 1100 2714 certe

83 2761 148 2804 nan
160 2749 258 2822 potest
273 2739 433 2837 supponi),
447 2749 477 2800 et
494 2740 614 2818 quidem
628 2737 675 2797 liic
684 2739 759 2800 erdo
773 2748 817 2798 est
828 2757 905 2798 anus
915 2757 950 2799 ea
963 2748 1098 2816 septem,

83 2831 137 2908 qui
166 2845 285 2905 semper
308 2826 340 2886 in
377 2826 502 2886 Ecclesia
525 2825 580 2884 Dei
605 2825 748 2893 suerunt,
774 2833 808 2884 at
828 2826 908 2885 idem
938 2825 1099 2886 concilium

83 2914 255 2974 &clarent
269 2907 415 2972 Caeterum
436 2910 591 2973 consilium
608 2918 653 2970 est
667 2928 784 2989 semper
801 2910 839 2970 de
851 2911 981 2969 talibus
974 2910 1101 2969 invasio·

84 2999 174 3059 nibus
194 2997 394 3076 suspicionem
416 2992 545 3070 habere,
568 3011 629 3054 aon
651 2994 935 3073 caimnegandum,
955 2993 1098 3070 maj0rem

84 3101 188 3142 aarum
212 3091 329 3160 partem
352 3089 487 3140 essesut
515 3079 671 3151 fictiones,
696 3089 748 3140 aut
770 3078 1020 3156 imaginationes,
1046 3090 1098 3142 aut

85 3167 292 3235 infirmitates,
310 3165 478 3263 presertim
494 3165 527 3224 in
552 3164 739 3225 mulieribus.

124 3253 193 3312 lll.
205 3252 265 3325 Qui
280 3259 380 3312 tamen
402 3251 495 3328 magis
512 3250 609 3310 solent
624 3247 869 3311 maiessariorum
887 3257 1017 3311 meatem
1031 3269 1099 3330 gra·

84 3337 220 3398 rioribus
233 3334 456 3398 difficultatibus
471 3333 645 3413 implicare,
663 3342 735 3394 suut
748 3333 770 3393 ii
788 3333 840 3412 qui
857 3335 993 3413 turpibus
1009 3337 1098 3397 visia-

84 3419 194 3496 nibus,
210 3419 359 3491 motibus,
379 3438 413 3482 ac
433 3420 522 3482 etiam
537 3420 663 3480 tactibus
674 3417 845 3490 vexantur
835 3439 852 3478 a
868 3418 1023 3492 daemone,
1044 3420 1097 3496 qui

83 3523 149 3568 non
167 3503 266 3566 sellim
278 3504 414 3566 lemitem
431 3505 597 3566 sensualem
619 3504 742 3575 excitat,
762 3502 986 3581 sodaliquando
1008 3503 1098 3562 etiam

82 3607 155 3655 cum
173 3591 216 3653 cis
234 3591 352 3654 carnale
372 3589 585 3655 commercium
606 3588 662 3650 sub
687 3587 781 3650 torma
805 3589 862 3652 riri
890 3596 942 3646 aut
965 3584 1098 3646 mulieris
