2475 3975
364 139 430 251 Art.
446 192 476 253 5.
497 189 532 253 dc
543 188 697 255 ordinibus
708 192 784 274 maj.
830 251 834 256 .
1026 196 1080 259 251

74 297 134 353 urt.
155 292 186 354 7.
205 289 294 355 actut.
310 295 342 355 d.
354 291 405 356 ud.
421 295 451 355 2.
465 293 553 354 tuxu
578 292 671 369 igitur
686 295 727 356 D.
749 291 804 356 rt.
819 294 950 374 evagatio
969 296 1084 358 interna

74 393 135 438 non
147 384 192 438 est
204 379 274 458 sinc·
289 379 376 458 culpa
392 422 402 452 ‚
423 378 535 440 scilicet
549 377 677 450 veniali,
691 386 813 440 externa
830 387 929 441 eutem
947 397 1007 442 non
1021 383 1083 442 sinc

72 463 191 525 mortali
204 472 257 540 ;·et
272 465 315 523 sic
325 464 357 524 id
372 463 512 543 intelligit
525 463 605 524 idem
619 463 652 524 S.
665 464 838 526 Antoninus
849 509 858 538 ,
870 465 989 526 dicens:
1004 465 1083 526 Unde

72 545 107 604 8.
126 544 254 610 reomao
273 547 346 610 dicit
362 547 420 624 ibi,
433 546 556 630 pura
570 546 720 622 motione,
742 549 773 609 si
792 547 825 610 r'u
846 547 918 611 aliis
937 550 1039 631 sponte
1055 567 1085 610 oc

72 627 142 707 quia
153 640 275 713 occupat
292 633 326 692 iu
343 631 391 694 iria
400 649 468 712 quae
482 641 606 694 mentem
619 631 806 710 dr'strultuut,
823 633 900 696 sicut
910 641 982 696 aunt
995 650 1085 714 opera

72 713 241 787 camarare,
261 714 353 776 etium
373 713 462 796 culpo
477 713 615 780 martulis
637 717 703 778 crit.
718 720 792 780 Loro
808 718 858 780 cit.
880 719 965 779 Ratio
985 727 1084 780 autem

72 798 101 857 d.
125 795 216 874 hujus
233 801 386 863 sentcntiae
410 812 479 874 est,
503 803 592 879 quia,
618 803 643 862 si
666 805 790 865 attentio
819 805 935 864 interna
955 812 1030 864 esset
1047 803 1084 863 de

69 883 198 942 ouantia
218 885 378 957 orationis,
393 887 564 946 ministrans
581 888 750 946 Extremam
764 889 939 948 Unctionem
959 890 1022 948 sinc
1040 897 1085 968 at·

70 968 205 1028 tentione
218 969 352 1043 interna,
366 970 495 1032 invalide
506 971 689 1031 ministraret
705 1015 713 1042 ,
733 970 800 1032 citur
821 972 916 1032 torma
934 970 1023 1048 hujus
1039 990 1084 1030 sa·

69 1054 213 1118 amend
235 1055 275 1115 sit
297 1055 517 1133 deprecatoria,
535 1051 693 1136 Indattpcut
708 1054 763 1118 citi
776 1057 877 1131 Deus,
899 1061 953 1116 cte.
976 1073 1012 1114 cx
1034 1055 1085 1113 illo

70 1136 104 1198 S.
120 1136 227 1201 ducati
238 1163 249 1200 .-
271 1141 365 1202 Orcnt
384 1155 475 1222 super
488 1158 576 1214 cum,
599 1147 763 1221 superatas,
788 1147 841 1201 etc.
863 1157 888 1200 c.
913 1140 943 1200 o.
964 1141 1012 1199 td.
1029 1139 1085 1200 Sed

68 1224 101 1285 id
123 1242 186 1286 non
206 1235 304 1306 potest
325 1227 407 1301 dici,
428 1226 498 1289 edm
521 1235 687 1290 constetea
706 1228 878 1288 Florentino
896 1225 1085 1288 advolarem

69 1316 246 1374 sacramenti
269 1313 328 1374 tria
349 1313 465 1375 tannim
487 1313 623 1392 requiri,
642 1323 670 1374 et
691 1313 824 1374 sufficere
841 1357 848 1386 ‚
863 1311 970 1390 nempe
992 1320 1085 1372 matc-

70 1394 149 1454 riam
163 1439 172 1468 ,
192 1396 340 1474 sormam,
356 1415 407 1457 seu
423 1397 513 1458 verba
535 1397 552 1458 d
571 1399 708 1460 ministro
725 1399 859 1476 prolata,
880 1406 910 1457 et
943 1396 1085 1457 intentio·

69 1495 139 1540 nem
167 1481 260 1560 ipsius
288 1482 413 1543 faciendi
439 1483 519 1559 qnod
544 1483 615 1544 iacit
633 1483 775 1544 'Ecclesia
806 1483 892 1543 Ratio
912 1486 942 1544 2.
967 1482 1083 1560 quiesi

67 1566 192 1626 attentio
210 1568 327 1628 interna
341 1569 379 1628 dc
390 1571 513 1630 essentia
533 1569 675 1630 orationis
692 1574 783 1642 esset,
797 1569 891 1630 etium
905 1569 930 1628 is
947 1569 997 1646 qui
1015 1585 1084 1628 cunr

68 1647 266 1712 involuntaria
279 1653 470 1715 distractione
489 1654 578 1714 horas
597 1655 801 1732 persolveret,
825 1672 880 1714 nee
897 1655 986 1714 etiam
1000 1653 1085 1714 satis-

66 1731 186 1795 faceret.
203 1738 329 1816 Propter
346 1738 400 1798 has
419 1741 547 1800 rationes
561 1740 686 1800 minime
704 1738 932 1799 contemnendas
946 1737 1085 1803 ,videtur

67 1814 130 1879 hec
148 1821 276 1881 secunda
287 1825 433 1883 sententio
451 1841 512 1883 non
525 1841 610 1899 posse
632 1823 689 1883 dici
709 1822 921 1898 improbabilis.
938 1817 1084 1880 Caeterum

67 1907 249 1967 conveniunt
272 1925 400 1979 omncs,
430 1908 538 1986 quod,
562 1916 595 1968 ut
616 1907 733 1966 dicatur
765 1907 831 1984 quis
854 1924 914 1966 non
934 1905 1081 1980 implere,

67 1999 206 2069 oportet,
225 1999 338 2055 utnon
358 1992 455 2054 soldm
474 1994 608 2056 advertat
627 1992 873 2065 distractionem,
894 1989 945 2049 sed
966 1986 1082 2057 adhuc,

67 2083 100 2135 ut
113 2076 204 2154 piene
219 2078 354 2142 advertat
367 2080 532 2142 sedistrahi
550 2080 587 2140 ab
600 2076 715 2141 officio:
728 2077 818 2149 alias,
833 2072 903 2136 iicet
916 2071 1084 2135 voluntarie

66 2176 97 2219 se
109 2160 277 2237 distrahat,
291 2184 352 2227 non
367 2174 467 2225 teman
480 2161 650 2225 voluntarie
669 2180 700 2221 se
716 2160 855 2222 distrahit
869 2159 885 2217 d
898 2158 1081 2218 recitatione.

66 2244 261 2323 Scrupulosus
277 2258 377 2308 autem
400 2258 522 2327 propter
547 2247 752 2308 distractiones
776 2261 931 2321 nunquam
963 2250 1083 2301 tenetur

67 2338 214 2408 repetere.
235 2334 280 2392 tta
291 2334 382 2395 Scor.
397 2334 458 2393 Sat.
477 2334 557 2393 Nau.
574 2330 667 2413 Cajat.
681 2331 769 2393 Cone.
780 2326 871 2391 etalii
879 2326 1081 2389 omurrruua'tcr.

9 2495 10 2500 ἵ
71 2413 142 2476 Vide
155 2411 206 2478 lib.
219 2418 249 2478 o.
262 2436 295 2479 n.
310 2419 379 2479 t77.
392 2437 422 2479 o.
439 2416 593 2479 Coruum.

100 2503 156 2562 76.
169 2534 210 2547 -
221 2503 372 2577 Quaeritur
383 2504 434 2565 lV'.
446 2505 589 2578 Quanam
601 2520 698 2564 causac
716 2509 855 2563 excusant
871 2500 888 2561 d
908 2501 1082 2561 recitatione

69 2586 176 2649 officii?
188 2590 313 2650 Excusat
328 2592 352 2652 t
363 2588 531 2669 infimitas
539 2591 637 2668 gravis
650 2634 658 2661 ,
669 2590 730 2649 sive
741 2606 831 2666 grave
844 2586 1078 2645 incommodum.

69 2672 212 2735 Laborans
235 2686 335 2736 antem
357 2676 483 2736 tertiana
507 2677 554 2736 ret
573 2676 717 2753 quartana
750 2678 868 2732 tenetur
887 2670 1031 2737 recitare,
1052 2676 1082 2727 et

12 2784 17 2796 ·
69 2759 162 2821 etiam·
168 2762 349 2841 anticipare,
364 2762 389 2821 si
403 2758 556 2822 commode
566 2767 673 2839 potest.
686 2758 752 2818 Non
763 2764 881 2817 terimur
894 2751 1081 2814 tamenanti·

68 2844 164 2923 cipare
182 2848 363 2907 Matutinum
382 2846 415 2905 in
432 2844 481 2905 die
501 2841 677 2922 praecedenti
693 2886 701 2914 ,
716 2842 817 2901 nullus
839 2839 920 2898 onim
933 2837 1081 2913 obligatur

68 2948 118 2993 suo
133 2931 291 3011 privilegio
315 2931 371 2991 uti.
395 2932 426 2991 Si
447 2931 515 3008 quis
530 2928 686 2991 commode
708 2936 822 3007 potest,
842 2932 960 2985 tenetur
984 2922 1081 2981 dicero

15 3081 18 3090 .
69 3015 196 3079 odicium
211 3035 279 3078 cum
299 3016 389 3077 socio.
405 3017 440 3075 ln
453 3014 545 3076 dubio
561 3034 600 3074 an
617 3016 657 3075 ob
672 3014 876 3075 recitationem
891 3008 1019 3085 graviter
1029 3006 1081 3067 laa-

17 3103 19 3114 '
69 3099 236 3177 daris,'non
254 3103 383 3180 teneris3
396 3098 478 3162 scaris
499 3102 531 3161 in
552 3100 645 3160 dubio
662 3118 700 3159 an
720 3094 884 3165 excuseris,
898 3092 955 3152 nisi
975 3090 1081 3153 habeas

69 3186 249 3263 pmbabilem
268 3188 416 3247 rationem
430 3206 439 3263 ;
455 3185 506 3245 sed
525 3183 633 3245 moliris
651 3192 695 3244 est
713 3191 785 3243 tune
797 3188 831 3239 ut
842 3177 975 3238 remittas
986 3177 1081 3238 medi·

70 3288 120 3346 co,
135 3281 187 3333 aut
206 3272 376 3351 superiori,
393 3270 442 3331 vei
459 3271 562 3331 saitem
582 3271 648 3329 viro
669 3264 821 3343 prudenti.
836 3262 959 3337 Quando
981 3273 1079 3324 autem

20 3391 21 3396 κ
70 3365 151 3438 urget
167 3359 310 3431 morbus,
327 3357 352 3417 si
374 3355 480 3435 nequis
499 3356 625 3415 recitare
640 3361 738 3414 totum
749 3395 757 3423 ‚
770 3367 824 3411 nac
842 3346 952 3409 teneris
963 3347 999 3408 ad
1012 3364 1081 3427 par·

70 3447 125 3502 tcm
140 3442 210 3523 qnia
228 3442 299 3503 aliis
319 3459 425 3519 magna
447 3449 612 3518 superesset
632 3439 687 3499 tibi
704 3435 873 3513 scrupulosa
886 3434 1031 3502 anxietas,
1042 3447 1080 3487 an

71 3520 188 3607 pergere
211 3528 322 3607 possis,
342 3527 391 3587 vol
406 3542 463 3597 ne,
476 3527 508 3585 in
526 3524 650 3602 reliquis
669 3520 845 3598 recitandis3
858 3520 898 3579 ita
916 3516 1080 3589 valdcpro·

23 3661 24 3666 1
71 3608 202 3677 tabititcr
215 3616 307 3678 suar.
323 3613 406 3676 Nou.
420 3608 531 3675 saraca.
544 3612 621 3692 lup.
635 3604 759 3669 Corden.
777 3608 942 3745 ⁸⁰²²⁰'2ss⁸‚⁰‘
958 3594 1034 3675 [tit.
1050 3595 1078 3653 5.
