2475 3975
374 165 423 223 uc
439 163 574 245 operibus
596 162 748 227 Benedicti
760 168 850 227 XIV.
1061 173 1113 232 571

103 270 168 349 ejus
183 273 310 333 vicarius
334 272 478 352 prohibiti
492 276 530 335 eh
546 276 714 355 Episcopo,
737 278 870 338 nolentes
889 284 920 339 ct
939 278 1026 341 inuiti
1046 282 1117 342 assi-

101 365 180 417 sterc
199 364 352 436 cogantur.
370 359 447 419 lhid.
469 376 505 419 ex
523 361 627 420 eodem
646 361 775 422 decreto.

142 443 333 503 Matrimonia
346 441 492 521 jungendi
507 462 567 505 nou
587 454 657 505 sunt
673 444 803 525 spousih
822 444 977 524 parocho,
992 449 1017 508 si
1037 466 1116 509 eom-

104 527 199 605 periat
223 527 289 587 illos
310 527 448 606 ignorare
465 532 626 590 necessarie
650 529 687 591 ud
721 530 858 591 salutem.
882 532 1035 611 Eucyclica
1050 534 1118 595 Etsi

103 612 237 673 cainiani.

143 700 178 757 In
201 696 414 776 impedimento
435 696 615 777 disparitatis
627 698 724 761 cultus
743 701 1038 764 animadvertendum
1052 713 1114 775 cst,

107 782 284 861 conjugem,
308 784 359 861 qui
379 782 422 842 ed.
436 783 525 844 iidem
547 785 665 845 transiit
681 830 689 856 ‚
709 786 801 847 altero
827 788 858 847 in
877 789 1051 851 infidelitate
1070 808 1117 851 re·

103 868 196 939 licto,
216 868 310 928 teneri
328 868 448 945 quidem
468 869 629 930 admonere
648 870 800 931 infidelem
818 916 826 943 ,
847 872 921 932 nim
942 875 1013 934 velit
1029 873 1113 935 cuha-

105 952 201 1012 hitare
219 952 330 1030 absque
343 953 522 1013 contumelit
543 955 707 1024 creatoris,
725 964 754 1015 et
768 957 832 1015 sine
845 956 900 1016 isti
916 958 1117 1018 admonitione

102 1036 198 1097 fidelis
217 1056 278 1097 uon
300 1046 396 1116 protest
415 1037 452 1097 ad
465 1038 591 1099 secunda
612 1050 679 1099 vota
700 1041 837 1101 transire.
853 1039 966 1101 Verium
984 1042 1116 1101 Pontifex

102 1143 171 1183 cum
190 1122 347 1203 neophytis
370 1124 521 1203 baptizatis
540 1126 581 1203 pii
604 1126 660 1186 toci
685 1124 964 1187 catechumenorum
986 1128 1116 1187 venetiis

102 1208 271 1288 dispensat,
298 1218 332 1268 ut
359 1210 473 1287 possint
497 1208 697 1282 contrahere,
718 1212 806 1270 otiam
835 1228 976 1272 consensu
996 1211 1116 1271 ulterius

102 1293 237 1372 conjugis
249 1292 375 1352 infidelis
387 1311 447 1352 non
456 1295 597 1369 requisito
607 1340 617 1371 ,
631 1295 794 1355 dummodo
805 1304 921 1355 constet
934 1295 1112 1364 summarii,

102 1386 134 1437 et
157 1376 440 1451 extrajudicialitcr,
460 1377 546 1436 illum
567 1378 682 1437 moneri
701 1378 825 1439 minime
848 1396 957 1457 posse,
981 1382 1116 1457 quemvis

102 1472 204 1542 postea
223 1471 408 1539 compertum
425 1458 486 1532 sit,
510 1462 645 1523 infideles
663 1464 730 1523 illos
751 1472 886 1541 tempore
908 1464 1027 1526 secundi
1053 1482 1116 1525 ma·

102 1548 236 1609 trimonii
258 1547 353 1607 indetis
367 1546 505 1627 baptizati
525 1547 561 1607 ad
581 1547 672 1609 fidem
690 1548 780 1610 fuisse
802 1563 969 1611 couversos.
989 1548 1113 1613 Constit.

105 1634 307 1713 intreprcmc.

142 1721 172 1779 Si
186 1718 314 1777 infidelis
329 1716 437 1792 conjux
452 1718 554 1777 veniat
570 1718 606 1777 ad
624 1718 732 1788 fidem,
747 1728 777 1779 et
792 1721 868 1781 alter
888 1720 1050 1782 consentiat
1063 1720 1115 1781 ha·

102 1805 199 1865 hitare
214 1822 283 1862 cum
297 1802 348 1861 iilo
362 1802 471 1878 absque
493 1801 603 1876 injurie
618 1804 785 1875 creatoris,
801 1806 935 1880 quamvis
953 1806 984 1865 iu
1008 1806 1115 1867 infide·

103 1890 186 1949 litate
207 1904 395 1967 perseverare
408 1887 481 1945 velit
493 1886 583 1962 (qarod
600 1885 796 1963 judicandum
812 1889 941 1965 pertinet
953 1888 990 1948 ad
999 1891 1115 1966 Episco-

103 1974 188 2054 pum)
202 1985 275 2035 tune
292 1971 423 2032 decrevit
436 1972 467 2030 S.
481 1973 695 2050 congregatio,
712 1991 772 2034 nun
787 1991 871 2052 posse
889 1989 1064 2035 conversum
1078 1976 1114 2035 ad

102 2060 193 2120 iidem
215 2060 302 2119 aliam
314 2059 374 2122 sihi
390 2055 546 2136 conjugem
563 2057 733 2131 adsciscere.
750 2061 788 2118 At
799 2057 836 2119 eh
850 2059 935 2136 ipso,
949 2057 1028 2136 quod
1042 2061 1117 2120 alte'r

103 2144 176 2204 velit
189 2147 219 2203 in
231 2141 404 2202 infidelitate
415 2158 621 2220 perseverare,
634 2151 754 2202 censent
766 2141 907 2220 Theologi
919 2143 1036 2221 plures,
1046 2145 1116 2205 satis

103 2246 168 2288 esse
183 2227 306 2306 periculi
324 2228 356 2286 in
384 2225 545 2304 neophyto.
572 2226 684 2286 Veniam
708 2225 795 2304 hujus
828 2228 913 2286 dubii
939 2227 1114 2289 solutionem

103 2310 185 2373 recti
205 2320 306 2372 monet
329 2310 521 2372 Cahuccutiuc
540 2329 576 2369 en
600 2313 733 2372 moribus
753 2314 909 2390 regionum
936 2321 965 2373 et
996 2329 1116 2374 casuum

105 2397 334 2458 circumstantiis
347 2397 485 2474 pendere.
501 2397 544 2456 De
555 2398 629 2477 Syn.
643 2397 728 2458 dimc.
744 2397 766 2456 1.
780 2400 827 2458 te.
838 2417 865 2457 c.
878 2401 926 2458 ii.
941 2417 972 2459 n.
987 2401 1015 2460 i.

142 2482 274 2552 Accidit,
288 2489 321 2541 ut
335 2481 463 2541 infidelis
485 2482 585 2558 plures
604 2497 710 2541 uxores
727 2482 759 2541 in
777 2482 951 2544 infidelitate
971 2484 1111 2563 accipiat,

104 2575 169 2628 tum
188 2567 286 2626 veniat
304 2567 341 2625 ad
363 2566 474 2638 fidem,
492 2573 522 2625 ct
543 2567 635 2626 fidem
654 2567 768 2646 pariter
783 2585 842 2626 une
860 2586 897 2626 ex
914 2567 959 2627 his
972 2569 1114 2629 uxoribus

106 2651 239 2731 recipere
262 2653 301 2710 sit
315 2659 437 2729 parata,
457 2668 518 2711 nou
540 2660 638 2712 tamen
663 2653 734 2723 ilia,
753 2669 819 2729 quae
838 2653 921 2730 prior
943 2653 1031 2712 dueta
1049 2662 1112 2726 est,

104 2757 171 2817 quae
184 2746 306 2817 propter
321 2737 489 2796 distantiam
505 2736 639 2798 locorum
650 2781 657 2806 ,
670 2738 717 2797 vel
741 2737 903 2815 ignorando
922 2738 1044 2798 ubinam
1056 2740 1112 2814 sit,

104 2823 218 2904 requiri
235 2820 417 2900 judicialiter
435 2839 495 2881 non
517 2823 619 2900 possit.
637 2819 764 2882 Dcmhm
784 2832 849 2902 post
862 2833 1036 2884 renovatum
1048 2841 1114 2884 cum

105 2910 176 2980 itte,
192 2927 259 2987 quae
271 2907 353 2967 venit
365 2905 402 2965 ad
412 2906 518 2980 fidem,
533 2908 756 2967 matrimonium
767 2907 857 2986 (quod
871 2908 936 2967 fieri
949 2925 1009 2967 uon
1021 2917 1116 2986 potest

105 2993 215 3072 absque
228 2992 418 3053 renovatione
437 2992 594 3052 consensus
612 3009 711 3052 eoram
733 2992 860 3070 parocho
875 3001 905 3052 et
923 2991 1064 3064 testibus,
1079 2991 1114 3054 eh

106 3077 186 3157 quhd
199 3078 282 3155 prior
300 3093 457 3136 consensus
472 3077 504 3135 in
523 3076 698 3136 infidelitate
717 3076 803 3135 datus
822 3074 924 3136 suisset
936 3075 1035 3136 nullus
1046 3093 1114 3154 pro·

105 3172 173 3243 pter
184 3156 409 3222 matrimonium
427 3160 512 3238 priirs
534 3179 602 3220 cum
619 3161 711 3221 altere
733 3159 943 3240 celebratum),
966 3170 1115 3240 comparet

104 3265 181 3309 uxor
196 3248 297 3324 prior,
311 3254 341 3305 ct
360 3245 485 3326 prohat,
499 3264 530 3306 so
550 3264 610 3307 uon
630 3246 718 3306 iuisse
737 3246 1116 3324 praemonitam,velsuisse

104 3333 295 3411 impeditam,
321 3338 356 3390 ut
377 3349 460 3391 suam
488 3332 673 3393 voluntatem
701 3331 920 3402 manifestaret,
944 3349 1024 3392 nuuc
1045 3328 1116 3390 vero

104 3425 238 3500 paratam
259 3433 291 3476 se
315 3417 388 3477 dicit
410 3418 447 3476 ad
475 3417 566 3477 sidem
592 3415 846 3496 amplectendam,
871 3417 918 3477 vel
942 3417 1005 3492 jam
1027 3413 1116 3474 tuisse

104 3502 271 3582 amplexam
281 3510 439 3580 antequam
451 3500 623 3579 conjugium
636 3500 777 3579 neophyti
793 3517 861 3561 cum
876 3497 1025 3576 neophyti
1041 3497 1116 3556 cele·

105 3589 256 3650 bearetur.
269 3587 304 3646 ln
324 3584 382 3648 hoo
400 3603 504 3648 rerum
517 3593 626 3646 eventu
648 3586 680 3646 S.
696 3584 772 3646 Pius
793 3585 829 3646 V.
847 3583 987 3646 concessit
1003 3581 1116 3641 missio·-
