<?xml version="1.0" encoding="UTF-8"?>
<!DOCTYPE html PUBLIC "-//W3C//DTD XHTML 1.0 Transitional//EN"
    "http://www.w3.org/TR/xhtml1/DTD/xhtml1-transitional.dtd">
<html xmlns="http://www.w3.org/1999/xhtml" xml:lang="en" lang="en">
 <head>
  <title>
</title>
<meta http-equiv="Content-Type" content="text/html;charset=utf-8" />
  <meta name='ocr-system' content='tesseract 3.04.00' />
  <meta name='ocr-capabilities' content='ocr_page ocr_carea ocr_par ocr_line ocrx_word'/>
</head>
<body>
  <div class='ocr_page' id='page_1' title='image "./theologiamorali04heilgoog_0288.png"; bbox 0 0 2475 3975; ppageno 0'>
   <div class='ocr_carea' id='block_1_1' title="bbox 120 131 1129 323">
    <p class='ocr_par' dir='ltr' id='par_1_1' title="bbox 120 131 1129 323">
     <span class='ocr_line' id='line_1_1' title="bbox 121 131 886 214; baseline -0.005 -16"><span class='ocrx_word' id='word_1_1' title='bbox 121 137 180 198; x_wconf 68' lang='grc'><strong>962</strong></span> <span class='ocrx_word' id='word_1_2' title='bbox 354 137 493 196; x_wconf 73' lang='lat' dir='ltr'><strong>Examen</strong></span> <span class='ocrx_word' id='word_1_3' title='bbox 513 131 757 205; x_wconf 78' lang='lat' dir='ltr'><strong>ordiaaadoraun.</strong></span> <span class='ocrx_word' id='word_1_4' title='bbox 774 135 845 214; x_wconf 85' lang='lat' dir='ltr'><strong>Cap.</strong></span> <span class='ocrx_word' id='word_1_5' title='bbox 857 134 886 195; x_wconf 77' lang='lat'><strong>5.</strong></span> 
     </span>
     <span class='ocr_line' id='line_1_2' title="bbox 120 239 1129 323; baseline -0.002 -19"><span class='ocrx_word' id='word_1_6' title='bbox 120 244 285 323; x_wconf 73' lang='lat' dir='ltr'>superiori,</span> <span class='ocrx_word' id='word_1_7' title='bbox 305 239 377 306; x_wconf 80' lang='lat' dir='ltr'><strong>aliis</strong></span> <span class='ocrx_word' id='word_1_8' title='bbox 395 247 427 305; x_wconf 91' lang='lat' dir='ltr'><strong>in</strong></span> <span class='ocrx_word' id='word_1_9' title='bbox 445 243 562 304; x_wconf 84' lang='lat' dir='ltr'><strong>easdem</strong></span> <span class='ocrx_word' id='word_1_10' title='bbox 581 261 719 304; x_wconf 85' lang='lat' dir='ltr'><strong>censuras</strong></span> <span class='ocrx_word' id='word_1_11' title='bbox 734 240 991 319; x_wconf 80' lang='lat' dir='ltr'><strong>reincidet3seciis</strong></span> <span class='ocrx_word' id='word_1_12' title='bbox 1008 239 1078 304; x_wconf 78' lang='lat' dir='ltr'><strong>acad</strong></span> <span class='ocrx_word' id='word_1_13' title='bbox 1102 241 1129 302; x_wconf 91' lang='lat' dir='ltr'><strong>si</strong></span> 
     </span>
    </p>
   </div>
   <div class='ocr_carea' id='block_1_2' title="bbox 119 326 1230 407">
    <p class='ocr_par' dir='ltr' id='par_1_2' title="bbox 119 326 1230 407">
     <span class='ocr_line' id='line_1_3' title="bbox 119 326 1230 407; baseline 0 -19"><span class='ocrx_word' id='word_1_14' title='bbox 119 331 283 392; x_wconf 74' lang='lat' dir='ltr'><strong>absolvitur</strong></span> <span class='ocrx_word' id='word_1_15' title='bbox 292 328 564 407; x_wconf 79' lang='lat' dir='ltr'><strong>tantumlpcccatis</strong></span> <span class='ocrx_word' id='word_1_16' title='bbox 572 331 729 389; x_wconf 86' lang='lat' dir='ltr'><strong>reservatis</strong></span> <span class='ocrx_word' id='word_1_17' title='bbox 737 329 800 389; x_wconf 89' lang='lat' dir='ltr'><strong>sine</strong></span> <span class='ocrx_word' id='word_1_18' title='bbox 812 347 943 389; x_wconf 88' lang='lat' dir='ltr'><strong>censura.</strong></span> <span class='ocrx_word' id='word_1_19' title='bbox 956 326 1130 388; x_wconf 78' lang='lat' dir='ltr'><strong>Ultimono·</strong></span> <span class='ocrx_word' id='word_1_20' title='bbox 1229 327 1230 332; x_wconf 72' lang='grc'>’</span> 
     </span>
    </p>
   </div>
   <div class='ocr_carea' id='block_1_3' title="bbox 119 413 1131 665">
    <p class='ocr_par' dir='ltr' id='par_1_3' title="bbox 119 413 1131 665">
     <span class='ocr_line' id='line_1_4' title="bbox 120 413 1131 502; baseline -0.006 -26"><span class='ocrx_word' id='word_1_21' title='bbox 120 415 263 488; x_wconf 82' lang='lat' dir='ltr'><strong>tandum,</strong></span> <span class='ocrx_word' id='word_1_22' title='bbox 276 414 358 495; x_wconf 87' lang='lat' dir='ltr'><strong>qudd</strong></span> <span class='ocrx_word' id='word_1_23' title='bbox 378 414 505 493; x_wconf 83' lang='lat' dir='ltr'><strong>quisque</strong></span> <span class='ocrx_word' id='word_1_24' title='bbox 517 414 668 485; x_wconf 75' lang='lat' dir='ltr'><strong>sacerdos,</strong></span> <span class='ocrx_word' id='word_1_25' title='bbox 681 423 715 474; x_wconf 90' lang='lat' dir='ltr'><strong>ut</strong></span> <span class='ocrx_word' id='word_1_26' title='bbox 726 415 764 474; x_wconf 89' lang='lat' dir='ltr'><strong>sit</strong></span> <span class='ocrx_word' id='word_1_27' title='bbox 781 413 903 475; x_wconf 87' lang='lat' dir='ltr'><strong>idoneus</strong></span> <span class='ocrx_word' id='word_1_28' title='bbox 917 414 948 502; x_wconf 73' lang='lat' dir='ltr'><strong>in</strong></span> <span class='ocrx_word' id='word_1_29' title='bbox 961 413 1131 472; x_wconf 86' lang='lat' dir='ltr'><strong>necessitate</strong></span> 
     </span>
     <span class='ocr_line' id='line_1_5' title="bbox 120 497 1131 580; baseline -0.002 -22"><span class='ocrx_word' id='word_1_30' title='bbox 120 500 157 560; x_wconf 85' lang='lat' dir='ltr'><strong>ad</strong></span> <span class='ocrx_word' id='word_1_31' title='bbox 175 499 360 580; x_wconf 78' lang='lat' dir='ltr'><strong>excipiendas</strong></span> <span class='ocrx_word' id='word_1_32' title='bbox 376 498 572 560; x_wconf 71' lang='lat' dir='ltr'>consessiones</span> <span class='ocrx_word' id='word_1_33' title='bbox 590 498 803 570; x_wconf 85' lang='lat' dir='ltr'><strong>infirmorum,</strong></span> <span class='ocrx_word' id='word_1_34' title='bbox 820 499 907 560; x_wconf 88' lang='lat' dir='ltr'><strong>debet</strong></span> <span class='ocrx_word' id='word_1_35' title='bbox 919 515 980 560; x_wconf 90' lang='lat' dir='ltr'><strong>non</strong></span> <span class='ocrx_word' id='word_1_36' title='bbox 993 497 1131 575; x_wconf 80' lang='lat' dir='ltr'><strong>ignorare</strong></span> 
     </span>
     <span class='ocr_line' id='line_1_6' title="bbox 119 584 855 665; baseline -0.004 -19"><span class='ocrx_word' id='word_1_37' title='bbox 119 585 222 647; x_wconf 84' lang='lat' dir='ltr'><strong>saltem</strong></span> <span class='ocrx_word' id='word_1_38' title='bbox 235 585 378 665; x_wconf 90' lang='lat' dir='ltr'><strong>principia</strong></span> <span class='ocrx_word' id='word_1_39' title='bbox 392 584 569 644; x_wconf 75' lang='lat' dir='ltr'><strong>universalia</strong></span> <span class='ocrx_word' id='word_1_40' title='bbox 580 585 711 646; x_wconf 75' lang='lat' dir='ltr'><strong>scientia</strong></span> <span class='ocrx_word' id='word_1_41' title='bbox 725 585 855 646; x_wconf 81' lang='lat' dir='ltr'><strong>moralis.</strong></span> 
     </span>
    </p>
   </div>
   <div class='ocr_carea' id='block_1_4' title="bbox 272 762 972 846">
    <p class='ocr_par' dir='ltr' id='par_1_4' title="bbox 272 762 972 846">
     <span class='ocr_line' id='line_1_7' title="bbox 272 762 972 846; baseline -0.003 -20"><span class='ocrx_word' id='word_1_42' title='bbox 272 765 299 846; x_wconf 68' lang='lat' dir='ltr'><strong>S.</strong></span> <span class='ocrx_word' id='word_1_43' title='bbox 315 768 367 828; x_wconf 88' lang='lat' dir='ltr'><strong>lV.</strong></span> <span class='ocrx_word' id='word_1_44' title='bbox 384 767 430 826; x_wconf 88' lang='lat' dir='ltr'><strong>De</strong></span> <span class='ocrx_word' id='word_1_45' title='bbox 447 782 568 826; x_wconf 84' lang='lat' dir='ltr'><strong>monere</strong></span> <span class='ocrx_word' id='word_1_46' title='bbox 582 762 706 826; x_wconf 70' lang='lat' dir='ltr'><strong>docermi</strong></span> <span class='ocrx_word' id='word_1_47' title='bbox 715 807 724 838; x_wconf 92' lang='lat'><strong>,</strong></span> <span class='ocrx_word' id='word_1_48' title='bbox 737 771 766 826; x_wconf 88' lang='lat' dir='ltr'><strong>et</strong></span> <span class='ocrx_word' id='word_1_49' title='bbox 776 762 972 846; x_wconf 81' lang='lat' dir='ltr'><strong>praedicandi.</strong></span> 
     </span>
    </p>
   </div>
   <div class='ocr_carea' id='block_1_5' title="bbox 112 933 1129 2774">
    <p class='ocr_par' dir='ltr' id='par_1_5' title="bbox 112 933 1129 2774">
     <span class='ocr_line' id='line_1_8' title="bbox 157 933 1128 1076; baseline -0.001 -15"><span class='ocrx_word' id='word_1_50' title='bbox 157 1001 226 1062; x_wconf 84' lang='lat' dir='ltr'><strong>l&#39;a&#39;l.</strong></span> <span class='ocrx_word' id='word_1_51' title='bbox 240 1031 280 1046; x_wconf 89' lang='lat'>-</span> <span class='ocrx_word' id='word_1_52' title='bbox 292 933 379 1064; x_wconf 76' lang='lat' dir='ltr'><strong>Cau</strong></span> <span class='ocrx_word' id='word_1_53' title='bbox 391 1004 493 1059; x_wconf 87' lang='lat' dir='ltr'><strong>autem</strong></span> <span class='ocrx_word' id='word_1_54' title='bbox 509 997 668 1060; x_wconf 88' lang='lat' dir='ltr'><strong>sacerdotis</strong></span> <span class='ocrx_word' id='word_1_55' title='bbox 682 996 772 1058; x_wconf 89' lang='lat' dir='ltr'><strong>etiam</strong></span> <span class='ocrx_word' id='word_1_56' title='bbox 794 997 833 1058; x_wconf 88' lang='lat' dir='ltr'><strong>sit</strong></span> <span class='ocrx_word' id='word_1_57' title='bbox 853 995 959 1058; x_wconf 77' lang='lat' dir='ltr'><strong>docere</strong></span> <span class='ocrx_word' id='word_1_58' title='bbox 984 999 1128 1076; x_wconf 89' lang='lat' dir='ltr'><strong>populos,</strong></span> 
     </span>
     <span class='ocr_line' id='line_1_9' title="bbox 115 1079 1129 1162; baseline -0.002 -17"><span class='ocrx_word' id='word_1_59' title='bbox 115 1094 149 1145; x_wconf 83' lang='lat' dir='ltr'><strong>ct</strong></span> <span class='ocrx_word' id='word_1_60' title='bbox 158 1085 317 1162; x_wconf 74' lang='lat' dir='ltr'><strong>praedicare</strong></span> <span class='ocrx_word' id='word_1_61' title='bbox 326 1083 511 1160; x_wconf 74' lang='lat' dir='ltr'><strong>evangelium</strong></span> <span class='ocrx_word' id='word_1_62' title='bbox 518 1129 530 1160; x_wconf 88' lang='lat'><strong>,</strong></span> <span class='ocrx_word' id='word_1_63' title='bbox 542 1102 639 1162; x_wconf 81' lang='lat' dir='ltr'><strong>operoe</strong></span> <span class='ocrx_word' id='word_1_64' title='bbox 652 1081 780 1160; x_wconf 79' lang='lat' dir='ltr'><strong>pret-ium</strong></span> <span class='ocrx_word' id='word_1_65' title='bbox 789 1079 889 1141; x_wconf 78' lang='lat' dir='ltr'><strong>aethio</strong></span> <span class='ocrx_word' id='word_1_66' title='bbox 901 1079 1021 1142; x_wconf 78' lang='lat' dir='ltr'><strong>demum</strong></span> <span class='ocrx_word' id='word_1_67' title='bbox 1034 1101 1129 1143; x_wconf 91' lang='lat' dir='ltr'><strong>anno·</strong></span> 
     </span>
     <span class='ocr_line' id='line_1_10' title="bbox 117 1165 1125 1249; baseline -0.003 -19"><span class='ocrx_word' id='word_1_68' title='bbox 117 1178 199 1242; x_wconf 87' lang='lat' dir='ltr'><strong>tare,</strong></span> <span class='ocrx_word' id='word_1_69' title='bbox 218 1189 285 1249; x_wconf 79' lang='lat' dir='ltr'><strong>quaa</strong></span> <span class='ocrx_word' id='word_1_70' title='bbox 300 1165 430 1229; x_wconf 85' lang='lat' dir='ltr'><strong>docenda</strong></span> <span class='ocrx_word' id='word_1_71' title='bbox 443 1169 540 1228; x_wconf 89' lang='lat' dir='ltr'><strong>sintet</strong></span> <span class='ocrx_word' id='word_1_72' title='bbox 551 1165 700 1246; x_wconf 73' lang='lat' dir='ltr'><strong>quomoda</strong></span> <span class='ocrx_word' id='word_1_73' title='bbox 712 1166 897 1244; x_wconf 79' lang='lat' dir='ltr'><strong>evangelium</strong></span> <span class='ocrx_word' id='word_1_74' title='bbox 907 1167 1125 1245; x_wconf 86' lang='lat' dir='ltr'><strong>explicandum.</strong></span> 
     </span>
     <span class='ocr_line' id='line_1_11' title="bbox 119 1253 1126 1334; baseline -0.002 -20"><span class='ocrx_word' id='word_1_75' title='bbox 119 1255 221 1328; x_wconf 85' lang='lat' dir='ltr'><strong>Quoad</strong></span> <span class='ocrx_word' id='word_1_76' title='bbox 233 1256 382 1334; x_wconf 88' lang='lat' dir='ltr'><strong>primum,</strong></span> <span class='ocrx_word' id='word_1_77' title='bbox 392 1253 696 1332; x_wconf 88' lang='lat' dir='ltr'><strong>docendumquatuor</strong></span> <span class='ocrx_word' id='word_1_78' title='bbox 706 1270 767 1312; x_wconf 90' lang='lat' dir='ltr'><strong>esse</strong></span> <span class='ocrx_word' id='word_1_79' title='bbox 776 1253 933 1312; x_wconf 88' lang='lat' dir='ltr'><strong>necessaria</strong></span> <span class='ocrx_word' id='word_1_80' title='bbox 945 1253 1126 1319; x_wconf 80' lang='lat' dir='ltr'><strong>adsalutem,</strong></span> 
     </span>
     <span class='ocr_line' id='line_1_12' title="bbox 119 1337 1127 1420; baseline -0.001 -21"><span class='ocrx_word' id='word_1_81' title='bbox 119 1341 321 1417; x_wconf 84' lang='lat' dir='ltr'><strong>nempclidem</strong></span> <span class='ocrx_word' id='word_1_82' title='bbox 330 1359 450 1420; x_wconf 87' lang='lat' dir='ltr'><strong>,spem,</strong></span> <span class='ocrx_word' id='word_1_83' title='bbox 460 1339 648 1415; x_wconf 87' lang='lat' dir='ltr'><strong>charitatem,</strong></span> <span class='ocrx_word' id='word_1_84' title='bbox 658 1337 940 1416; x_wconf 82' lang='lat' dir='ltr'><strong>atquebonaopcra.</strong></span> <span class='ocrx_word' id='word_1_85' title='bbox 951 1339 1127 1416; x_wconf 85' lang='lat' dir='ltr'><strong>Etl.quoad</strong></span> 
     </span>
     <span class='ocr_line' id='line_1_13' title="bbox 118 1423 1127 1502; baseline -0.004 -16"><span class='ocrx_word' id='word_1_86' title='bbox 118 1425 229 1496; x_wconf 85' lang='lat' dir='ltr'><strong>tidem,</strong></span> <span class='ocrx_word' id='word_1_87' title='bbox 244 1427 315 1502; x_wconf 82' lang='lat' dir='ltr'><strong>quia</strong></span> <span class='ocrx_word' id='word_1_88' title='bbox 330 1427 410 1486; x_wconf 87' lang='lat' dir='ltr'><strong>Deus</strong></span> <span class='ocrx_word' id='word_1_89' title='bbox 422 1427 532 1484; x_wconf 78' lang='lat' dir='ltr'><strong>ueritas</strong></span> <span class='ocrx_word' id='word_1_90' title='bbox 552 1423 714 1484; x_wconf 77' lang='lat' dir='ltr'><strong>infallibilis</strong></span> <span class='ocrx_word' id='word_1_91' title='bbox 730 1424 871 1482; x_wconf 83' lang='lat' dir='ltr'><strong>revelavit</strong></span> <span class='ocrx_word' id='word_1_92' title='bbox 885 1423 1030 1491; x_wconf 75' lang='lat' dir='ltr'><strong>Ecclesia,</strong></span> <span class='ocrx_word' id='word_1_93' title='bbox 1043 1433 1127 1482; x_wconf 83' lang='lat' dir='ltr'><strong>tenc-</strong></span> 
     </span>
     <span class='ocr_line' id='line_1_14' title="bbox 116 1501 1124 1585; baseline 0.002 -19"><span class='ocrx_word' id='word_1_94' title='bbox 116 1525 186 1566; x_wconf 88' lang='lat' dir='ltr'><strong>mnr</strong></span> <span class='ocrx_word' id='word_1_95' title='bbox 198 1507 335 1585; x_wconf 75' lang='lat' dir='ltr'><strong>explicite</strong></span> <span class='ocrx_word' id='word_1_96' title='bbox 344 1510 419 1568; x_wconf 87' lang='lat' dir='ltr'><strong>scire</strong></span> <span class='ocrx_word' id='word_1_97' title='bbox 432 1518 462 1567; x_wconf 89' lang='lat' dir='ltr'><strong>et</strong></span> <span class='ocrx_word' id='word_1_98' title='bbox 474 1509 595 1568; x_wconf 87' lang='lat' dir='ltr'><strong>credere</strong></span> <span class='ocrx_word' id='word_1_99' title='bbox 608 1509 703 1566; x_wconf 86' lang='lat' dir='ltr'><strong>Deum</strong></span> <span class='ocrx_word' id='word_1_100' title='bbox 715 1508 840 1566; x_wconf 85' lang='lat' dir='ltr'><strong>existere</strong></span> <span class='ocrx_word' id='word_1_101' title='bbox 851 1552 860 1579; x_wconf 90' lang='lat'><strong>,</strong></span> <span class='ocrx_word' id='word_1_102' title='bbox 872 1516 902 1568; x_wconf 88' lang='lat' dir='ltr'><strong>et</strong></span> <span class='ocrx_word' id='word_1_103' title='bbox 920 1501 1124 1569; x_wconf 80' lang='lat' dir='ltr'><strong>remunerato·</strong></span> 
     </span>
     <span class='ocr_line' id='line_1_15' title="bbox 116 1591 1125 1669; baseline 0.005 -20"><span class='ocrx_word' id='word_1_104' title='bbox 116 1607 179 1649; x_wconf 86' lang='lat' dir='ltr'><strong>rem</strong></span> <span class='ocrx_word' id='word_1_105' title='bbox 205 1608 285 1665; x_wconf 70' lang='lat' dir='ltr'><strong>csse,</strong></span> <span class='ocrx_word' id='word_1_106' title='bbox 297 1609 330 1650; x_wconf 89' lang='lat' dir='ltr'><strong>ac</strong></span> <span class='ocrx_word' id='word_1_107' title='bbox 354 1591 529 1668; x_wconf 76' lang='lat' dir='ltr'><strong>mysterium</strong></span> <span class='ocrx_word' id='word_1_108' title='bbox 546 1593 598 1650; x_wconf 89' lang='lat' dir='ltr'><strong>SS.</strong></span> <span class='ocrx_word' id='word_1_109' title='bbox 612 1591 787 1664; x_wconf 81' lang='lat' dir='ltr'><strong>Trinitatis,</strong></span> <span class='ocrx_word' id='word_1_110' title='bbox 805 1601 894 1669; x_wconf 88' lang='lat' dir='ltr'><strong>atquc</strong></span> <span class='ocrx_word' id='word_1_111' title='bbox 915 1595 1125 1654; x_wconf 89' lang='lat' dir='ltr'><strong>incarnationis</strong></span> 
     </span>
     <span class='ocr_line' id='line_1_16' title="bbox 115 1671 1126 1756; baseline 0.004 -22"><span class='ocrx_word' id='word_1_112' title='bbox 115 1675 262 1734; x_wconf 85' lang='lat' dir='ltr'><strong>FiliiDei.</strong></span> <span class='ocrx_word' id='word_1_113' title='bbox 277 1679 342 1734; x_wconf 74' lang='lat' dir='ltr'><strong>liae</strong></span> <span class='ocrx_word' id='word_1_114' title='bbox 353 1675 389 1735; x_wconf 90' lang='lat' dir='ltr'><strong>de</strong></span> <span class='ocrx_word' id='word_1_115' title='bbox 404 1675 573 1735; x_wconf 80' lang='lat' dir='ltr'><strong>necessitate</strong></span> <span class='ocrx_word' id='word_1_116' title='bbox 585 1671 688 1734; x_wconf 86' lang='lat' dir='ltr'><strong>medii.</strong></span> <span class='ocrx_word' id='word_1_117' title='bbox 700 1677 745 1736; x_wconf 88' lang='lat' dir='ltr'><strong>De</strong></span> <span class='ocrx_word' id='word_1_118' title='bbox 758 1679 928 1738; x_wconf 83' lang='lat' dir='ltr'><strong>necessitate</strong></span> <span class='ocrx_word' id='word_1_119' title='bbox 937 1688 1034 1738; x_wconf 77' lang='lat' dir='ltr'><strong>atatem</strong></span> <span class='ocrx_word' id='word_1_120' title='bbox 1048 1697 1126 1756; x_wconf 85' lang='lat' dir='ltr'><strong>prae-</strong></span> 
     </span>
     <span class='ocr_line' id='line_1_17' title="bbox 116 1760 1121 1838; baseline 0.001 -18"><span class='ocrx_word' id='word_1_121' title='bbox 116 1760 192 1837; x_wconf 87' lang='lat' dir='ltr'><strong>cepti</strong></span> <span class='ocrx_word' id='word_1_122' title='bbox 206 1760 331 1838; x_wconf 89' lang='lat' dir='ltr'><strong>quisquc</strong></span> <span class='ocrx_word' id='word_1_123' title='bbox 344 1767 462 1820; x_wconf 84' lang='lat' dir='ltr'><strong>tenetur</strong></span> <span class='ocrx_word' id='word_1_124' title='bbox 475 1760 564 1820; x_wconf 87' lang='lat' dir='ltr'><strong>etiam</strong></span> <span class='ocrx_word' id='word_1_125' title='bbox 584 1761 659 1820; x_wconf 90' lang='lat' dir='ltr'><strong>scire</strong></span> <span class='ocrx_word' id='word_1_126' title='bbox 675 1768 705 1821; x_wconf 89' lang='lat' dir='ltr'><strong>et</strong></span> <span class='ocrx_word' id='word_1_127' title='bbox 717 1761 838 1822; x_wconf 90' lang='lat' dir='ltr'><strong>credere</strong></span> <span class='ocrx_word' id='word_1_128' title='bbox 851 1765 1014 1838; x_wconf 83' lang='lat' dir='ltr'><strong>orationem</strong></span> <span class='ocrx_word' id='word_1_129' title='bbox 1028 1763 1121 1822; x_wconf 87' lang='lat' dir='ltr'><strong>dami-</strong></span> 
     </span>
     <span class='ocr_line' id='line_1_18' title="bbox 115 1845 1126 1926; baseline 0.003 -21"><span class='ocrx_word' id='word_1_130' title='bbox 115 1845 256 1918; x_wconf 77' lang='lat' dir='ltr'><strong>nicalem,</strong></span> <span class='ocrx_word' id='word_1_131' title='bbox 271 1847 478 1908; x_wconf 87' lang='lat' dir='ltr'><strong>salutationem</strong></span> <span class='ocrx_word' id='word_1_132' title='bbox 491 1845 670 1926; x_wconf 78' lang='lat' dir='ltr'><strong>angelicam,</strong></span> <span class='ocrx_word' id='word_1_133' title='bbox 687 1857 830 1925; x_wconf 85' lang='lat' dir='ltr'><strong>praccepta</strong></span> <span class='ocrx_word' id='word_1_134' title='bbox 844 1848 971 1926; x_wconf 78' lang='lat' dir='ltr'><strong>decalogi</strong></span> <span class='ocrx_word' id='word_1_135' title='bbox 986 1857 1015 1908; x_wconf 89' lang='lat' dir='ltr'><strong>et</strong></span> <span class='ocrx_word' id='word_1_136' title='bbox 1028 1849 1126 1908; x_wconf 83' lang='lat' dir='ltr'><strong>Eccle-</strong></span> 
     </span>
     <span class='ocr_line' id='line_1_19' title="bbox 115 1925 1123 2011; baseline 0.002 -19"><span class='ocrx_word' id='word_1_137' title='bbox 115 1931 182 2009; x_wconf 76' lang='lat' dir='ltr'><strong>sioe;</strong></span> <span class='ocrx_word' id='word_1_138' title='bbox 193 1931 265 1995; x_wconf 88' lang='lat' dir='ltr'><strong>item</strong></span> <span class='ocrx_word' id='word_1_139' title='bbox 279 1933 486 2009; x_wconf 88' lang='lat' dir='ltr'><strong>Sacramenta,</strong></span> <span class='ocrx_word' id='word_1_140' title='bbox 500 1933 665 2011; x_wconf 87' lang='lat' dir='ltr'><strong>praesertim</strong></span> <span class='ocrx_word' id='word_1_141' title='bbox 680 1951 712 1992; x_wconf 89' lang='lat' dir='ltr'><strong>ea</strong></span> <span class='ocrx_word' id='word_1_142' title='bbox 732 1933 839 2010; x_wconf 89' lang='lat' dir='ltr'><strong>quibus</strong></span> <span class='ocrx_word' id='word_1_143' title='bbox 855 1925 1123 2011; x_wconf 80' lang='lat' dir='ltr'><strong>omnes&#39;indigeat,</strong></span> 
     </span>
     <span class='ocr_line' id='line_1_20' title="bbox 115 2015 1126 2097; baseline 0.004 -21"><span class='ocrx_word' id='word_1_144' title='bbox 115 2035 223 2097; x_wconf 88' lang='lat' dir='ltr'><strong>nempe</strong></span> <span class='ocrx_word' id='word_1_145' title='bbox 231 2019 372 2097; x_wconf 89' lang='lat' dir='ltr'><strong>Baptismi</strong></span> <span class='ocrx_word' id='word_1_146' title='bbox 380 2062 390 2094; x_wconf 89' lang='lat'><strong>,</strong></span> <span class='ocrx_word' id='word_1_147' title='bbox 402 2015 608 2088; x_wconf 82' lang='lat' dir='ltr'><strong>Eucharistiae,</strong></span> <span class='ocrx_word' id='word_1_148' title='bbox 622 2025 652 2076; x_wconf 89' lang='lat' dir='ltr'><strong>et</strong></span> <span class='ocrx_word' id='word_1_149' title='bbox 668 2018 870 2089; x_wconf 72' lang='lat' dir='ltr'><strong>peanitentiae,</strong></span> <span class='ocrx_word' id='word_1_150' title='bbox 887 2028 918 2078; x_wconf 87' lang='lat' dir='ltr'><strong>et</strong></span> <span class='ocrx_word' id='word_1_151' title='bbox 929 2018 1004 2092; x_wconf 89' lang='lat' dir='ltr'><strong>alia,</strong></span> <span class='ocrx_word' id='word_1_152' title='bbox 1017 2019 1126 2080; x_wconf 87' lang='lat' dir='ltr'><strong>saltem</strong></span> 
     </span>
     <span class='ocr_line' id='line_1_21' title="bbox 115 2102 1122 2182; baseline -0.001 -20"><span class='ocrx_word' id='word_1_153' title='bbox 115 2102 187 2163; x_wconf 87' lang='lat' dir='ltr'><strong>dam</strong></span> <span class='ocrx_word' id='word_1_154' title='bbox 199 2121 233 2163; x_wconf 88' lang='lat' dir='ltr'><strong>ea</strong></span> <span class='ocrx_word' id='word_1_155' title='bbox 244 2102 457 2182; x_wconf 88' lang='lat' dir='ltr'><strong>suscipiuntur.</strong></span> <span class='ocrx_word' id='word_1_156' title='bbox 467 2103 500 2163; x_wconf 54' lang='grc' dir='ltr'><strong>ἢ.</strong></span> <span class='ocrx_word' id='word_1_157' title='bbox 511 2102 614 2176; x_wconf 85' lang='lat' dir='ltr'><strong>Quoad</strong></span> <span class='ocrx_word' id='word_1_158' title='bbox 624 2118 724 2180; x_wconf 87' lang='lat' dir='ltr'><strong>spem,</strong></span> <span class='ocrx_word' id='word_1_159' title='bbox 742 2103 809 2180; x_wconf 89' lang='lat' dir='ltr'><strong>quia</strong></span> <span class='ocrx_word' id='word_1_160' title='bbox 822 2103 903 2162; x_wconf 87' lang='lat' dir='ltr'><strong>Deus</strong></span> <span class='ocrx_word' id='word_1_161' title='bbox 913 2103 1099 2179; x_wconf 90' lang='lat' dir='ltr'><strong>omnipotens</strong></span> <span class='ocrx_word' id='word_1_162' title='bbox 1112 2148 1122 2178; x_wconf 89' lang='lat'><strong>,</strong></span> 
     </span>
     <span class='ocr_line' id='line_1_22' title="bbox 115 2186 1121 2268; baseline 0.002 -22"><span class='ocrx_word' id='word_1_163' title='bbox 115 2188 299 2263; x_wconf 83' lang='lat' dir='ltr'><strong>misericors,</strong></span> <span class='ocrx_word' id='word_1_164' title='bbox 322 2199 353 2249; x_wconf 88' lang='lat' dir='ltr'><strong>et</strong></span> <span class='ocrx_word' id='word_1_165' title='bbox 374 2187 472 2250; x_wconf 82' lang='lat' dir='ltr'><strong>fidelis</strong></span> <span class='ocrx_word' id='word_1_166' title='bbox 490 2189 626 2268; x_wconf 86' lang='lat' dir='ltr'><strong>promisit</strong></span> <span class='ocrx_word' id='word_1_167' title='bbox 649 2196 769 2266; x_wconf 88' lang='lat' dir='ltr'><strong>propter</strong></span> <span class='ocrx_word' id='word_1_168' title='bbox 791 2189 896 2249; x_wconf 88' lang='lat' dir='ltr'><strong>merita</strong></span> <span class='ocrx_word' id='word_1_169' title='bbox 909 2188 977 2249; x_wconf 87' lang='lat' dir='ltr'><strong>lesu</strong></span> <span class='ocrx_word' id='word_1_170' title='bbox 989 2186 1121 2260; x_wconf 88' lang='lat' dir='ltr'><strong>Christi,</strong></span> 
     </span>
     <span class='ocr_line' id='line_1_23' title="bbox 114 2272 1120 2350; baseline 0.002 -19"><span class='ocrx_word' id='word_1_171' title='bbox 114 2280 252 2332; x_wconf 89' lang='lat' dir='ltr'><strong>tenemur</strong></span> <span class='ocrx_word' id='word_1_172' title='bbox 263 2290 384 2350; x_wconf 88' lang='lat' dir='ltr'><strong>sperare</strong></span> <span class='ocrx_word' id='word_1_173' title='bbox 401 2273 419 2333; x_wconf 86' lang='lat' dir='ltr'><strong>ia</strong></span> <span class='ocrx_word' id='word_1_174' title='bbox 437 2274 500 2333; x_wconf 91' lang='lat' dir='ltr'><strong>Deo</strong></span> <span class='ocrx_word' id='word_1_175' title='bbox 520 2282 660 2333; x_wconf 80' lang='lat' dir='ltr'><strong>aeternam</strong></span> <span class='ocrx_word' id='word_1_176' title='bbox 680 2272 892 2335; x_wconf 88' lang='lat' dir='ltr'><strong>beatitudinem</strong></span> <span class='ocrx_word' id='word_1_177' title='bbox 904 2318 913 2348; x_wconf 88' lang='lat'><strong>,</strong></span> <span class='ocrx_word' id='word_1_178' title='bbox 926 2282 956 2334; x_wconf 89' lang='lat' dir='ltr'><strong>et</strong></span> <span class='ocrx_word' id='word_1_179' title='bbox 969 2272 1063 2333; x_wconf 86' lang='lat' dir='ltr'><strong>media</strong></span> <span class='ocrx_word' id='word_1_180' title='bbox 1083 2273 1120 2333; x_wconf 89' lang='lat' dir='ltr'><strong>ad</strong></span> 
     </span>
     <span class='ocr_line' id='line_1_24' title="bbox 113 2356 1122 2439; baseline 0.002 -24"><span class='ocrx_word' id='word_1_181' title='bbox 113 2374 179 2415; x_wconf 86' lang='lat' dir='ltr'><strong>carn</strong></span> <span class='ocrx_word' id='word_1_182' title='bbox 192 2356 447 2432; x_wconf 88' lang='lat' dir='ltr'><strong>consequendam,</strong></span> <span class='ocrx_word' id='word_1_183' title='bbox 461 2359 578 2418; x_wconf 88' lang='lat' dir='ltr'><strong>veniam</strong></span> <span class='ocrx_word' id='word_1_184' title='bbox 588 2357 733 2419; x_wconf 82' lang='lat' dir='ltr'><strong>nimirirm</strong></span> <span class='ocrx_word' id='word_1_185' title='bbox 754 2368 939 2439; x_wconf 89' lang='lat' dir='ltr'><strong>peccatorum</strong></span> <span class='ocrx_word' id='word_1_186' title='bbox 950 2366 1003 2433; x_wconf 86' lang='lat' dir='ltr'><strong>,et</strong></span> <span class='ocrx_word' id='word_1_187' title='bbox 1022 2374 1122 2437; x_wconf 86' lang='lat' dir='ltr'><strong>perse-</strong></span> 
     </span>
     <span class='ocr_line' id='line_1_25' title="bbox 112 2439 1121 2523; baseline 0.005 -24"><span class='ocrx_word' id='word_1_188' title='bbox 112 2439 277 2499; x_wconf 83' lang='lat' dir='ltr'><strong>verantiam</strong></span> <span class='ocrx_word' id='word_1_189' title='bbox 289 2439 420 2501; x_wconf 84' lang='lat' dir='ltr'><strong>finalem.</strong></span> <span class='ocrx_word' id='word_1_190' title='bbox 429 2442 458 2501; x_wconf 79' lang='lat'><strong>5.</strong></span> <span class='ocrx_word' id='word_1_191' title='bbox 470 2441 573 2515; x_wconf 88' lang='lat' dir='ltr'><strong>Quoad</strong></span> <span class='ocrx_word' id='word_1_192' title='bbox 585 2441 775 2519; x_wconf 89' lang='lat' dir='ltr'><strong>charitatem,</strong></span> <span class='ocrx_word' id='word_1_193' title='bbox 788 2446 856 2523; x_wconf 88' lang='lat' dir='ltr'><strong>quia</strong></span> <span class='ocrx_word' id='word_1_194' title='bbox 865 2448 943 2504; x_wconf 89' lang='lat' dir='ltr'><strong>Deus</strong></span> <span class='ocrx_word' id='word_1_195' title='bbox 951 2452 995 2505; x_wconf 89' lang='lat' dir='ltr'><strong>est</strong></span> <span class='ocrx_word' id='word_1_196' title='bbox 1006 2443 1121 2504; x_wconf 88' lang='lat' dir='ltr'><strong>bonitas</strong></span> 
     </span>
     <span class='ocr_line' id='line_1_26' title="bbox 113 2523 1121 2607; baseline 0.003 -23"><span class='ocrx_word' id='word_1_197' title='bbox 113 2523 397 2593; x_wconf 87' lang='lat' dir='ltr'><strong>inlinita,teaemur</strong></span> <span class='ocrx_word' id='word_1_198' title='bbox 417 2542 486 2585; x_wconf 91' lang='lat' dir='ltr'><strong>eum</strong></span> <span class='ocrx_word' id='word_1_199' title='bbox 507 2543 597 2605; x_wconf 91' lang='lat' dir='ltr'><strong>super</strong></span> <span class='ocrx_word' id='word_1_200' title='bbox 618 2528 718 2587; x_wconf 90' lang='lat' dir='ltr'><strong>omnia</strong></span> <span class='ocrx_word' id='word_1_201' title='bbox 736 2528 959 2607; x_wconf 79' lang='lat' dir='ltr'><strong>diligere3huic</strong></span> <span class='ocrx_word' id='word_1_202' title='bbox 973 2537 1121 2606; x_wconf 77' lang='lat' dir='ltr'><strong>praecepto</strong></span> 
     </span>
     <span class='ocr_line' id='line_1_27' title="bbox 112 2608 1120 2693; baseline 0.004 -24"><span class='ocrx_word' id='word_1_203' title='bbox 112 2611 238 2671; x_wconf 88' lang='lat' dir='ltr'><strong>alterum</strong></span> <span class='ocrx_word' id='word_1_204' title='bbox 245 2610 385 2688; x_wconf 87' lang='lat' dir='ltr'><strong>adjicitur</strong></span> <span class='ocrx_word' id='word_1_205' title='bbox 397 2608 566 2684; x_wconf 89' lang='lat' dir='ltr'><strong>charitatis,</strong></span> <span class='ocrx_word' id='word_1_206' title='bbox 578 2612 688 2673; x_wconf 90' lang='lat' dir='ltr'><strong>scilicet</strong></span> <span class='ocrx_word' id='word_1_207' title='bbox 697 2613 838 2693; x_wconf 80' lang='lat' dir='ltr'><strong>diligendi</strong></span> <span class='ocrx_word' id='word_1_208' title='bbox 849 2615 1033 2693; x_wconf 90' lang='lat' dir='ltr'><strong>proximum,</strong></span> <span class='ocrx_word' id='word_1_209' title='bbox 1044 2614 1120 2673; x_wconf 91' lang='lat' dir='ltr'><strong>sicut</strong></span> 
     </span>
     <span class='ocr_line' id='line_1_28' title="bbox 113 2695 1119 2774; baseline 0.001 -18"><span class='ocrx_word' id='word_1_210' title='bbox 113 2714 166 2756; x_wconf 92' lang='lat' dir='ltr'><strong>nos</strong></span> <span class='ocrx_word' id='word_1_211' title='bbox 181 2695 311 2774; x_wconf 78' lang='lat' dir='ltr'><strong>ipsust.</strong></span> <span class='ocrx_word' id='word_1_212' title='bbox 326 2696 508 2758; x_wconf 71' lang='lat' dir='ltr'><strong>adsalutem</strong></span> <span class='ocrx_word' id='word_1_213' title='bbox 523 2696 645 2759; x_wconf 82' lang='lat' dir='ltr'><strong>damaim</strong></span> <span class='ocrx_word' id='word_1_214' title='bbox 661 2698 851 2760; x_wconf 88' lang='lat' dir='ltr'><strong>obtinendam</strong></span> <span class='ocrx_word' id='word_1_215' title='bbox 865 2708 935 2761; x_wconf 88' lang='lat' dir='ltr'><strong>sunt</strong></span> <span class='ocrx_word' id='word_1_216' title='bbox 954 2700 1042 2759; x_wconf 88' lang='lat' dir='ltr'><strong>etiarn</strong></span> <span class='ocrx_word' id='word_1_217' title='bbox 1066 2716 1119 2758; x_wconf 87' lang='lat' dir='ltr'><strong>nc·</strong></span> 
     </span>
    </p>
   </div>
   <div class='ocr_carea' id='block_1_6' title="bbox 1225 364 1234 932">
    <p class='ocr_par' dir='ltr' id='par_1_6' title="bbox 1202 364 1234 969">
     <span class='ocr_line' id='line_1_29' title="bbox 1225 364 1234 932; baseline 0 37"><span class='ocrx_word' id='word_1_218' title='bbox 1225 364 1234 932; x_wconf 76' lang='lat' dir='ltr'><strong>i</strong></span> 
     </span>
    </p>
   </div>
   <div class='ocr_carea' id='block_1_7' title="bbox 112 2780 1119 2863">
    <p class='ocr_par' dir='ltr' id='par_1_7' title="bbox 112 2780 1234 2863">
     <span class='ocr_line' id='line_1_30' title="bbox 112 2780 1119 2863; baseline 0.004 -22"><span class='ocrx_word' id='word_1_219' title='bbox 112 2781 233 2841; x_wconf 87' lang='lat' dir='ltr'><strong>cessaria</strong></span> <span class='ocrx_word' id='word_1_220' title='bbox 244 2780 320 2841; x_wconf 91' lang='lat' dir='ltr'><strong>bona</strong></span> <span class='ocrx_word' id='word_1_221' title='bbox 331 2798 419 2857; x_wconf 89' lang='lat' dir='ltr'><strong>opera</strong></span> <span class='ocrx_word' id='word_1_222' title='bbox 431 2823 440 2851; x_wconf 91' lang='lat'><strong>,</strong></span> <span class='ocrx_word' id='word_1_223' title='bbox 454 2782 600 2842; x_wconf 89' lang='lat' dir='ltr'><strong>servando</strong></span> <span class='ocrx_word' id='word_1_224' title='bbox 611 2784 747 2843; x_wconf 89' lang='lat' dir='ltr'><strong>mandata</strong></span> <span class='ocrx_word' id='word_1_225' title='bbox 759 2785 831 2856; x_wconf 90' lang='lat' dir='ltr'><strong>Del,</strong></span> <span class='ocrx_word' id='word_1_226' title='bbox 846 2793 876 2845; x_wconf 91' lang='lat' dir='ltr'><strong>et</strong></span> <span class='ocrx_word' id='word_1_227' title='bbox 889 2784 1021 2845; x_wconf 82' lang='lat' dir='ltr'><strong>Ecclesia</strong></span> <span class='ocrx_word' id='word_1_228' title='bbox 1032 2826 1041 2857; x_wconf 90' lang='lat'><strong>,</strong></span> <span class='ocrx_word' id='word_1_229' title='bbox 1052 2802 1119 2863; x_wconf 80' lang='lat' dir='ltr'><strong>quac</strong></span> 
     </span>
    </p>
   </div>
   <div class='ocr_carea' id='block_1_8' title="bbox 9 2864 942 2943">
    <p class='ocr_par' dir='ltr' id='par_1_8' title="bbox 9 2864 942 2943">
     <span class='ocr_line' id='line_1_31' title="bbox 9 2864 942 2943; baseline 0.002 -18"><span class='ocrx_word' id='word_1_230' title='bbox 9 2866 13 2872; x_wconf 84' lang='grc'><strong><em>’</em></strong></span> <span class='ocrx_word' id='word_1_231' title='bbox 112 2867 143 2926; x_wconf 91' lang='lat' dir='ltr'><strong>in</strong></span> <span class='ocrx_word' id='word_1_232' title='bbox 163 2864 293 2943; x_wconf 82' lang='lat' dir='ltr'><strong>decalogi</strong></span> <span class='ocrx_word' id='word_1_233' title='bbox 305 2873 336 2925; x_wconf 90' lang='lat' dir='ltr'><strong>et</strong></span> <span class='ocrx_word' id='word_1_234' title='bbox 347 2864 482 2923; x_wconf 84' lang='lat' dir='ltr'><strong>Ecclesiae</strong></span> <span class='ocrx_word' id='word_1_235' title='bbox 498 2868 651 2943; x_wconf 84' lang='lat' dir='ltr'><strong>praeceptis</strong></span> <span class='ocrx_word' id='word_1_236' title='bbox 665 2868 864 2927; x_wconf 90' lang='lat' dir='ltr'><strong>eontinentur.</strong></span> <span class='ocrx_word' id='word_1_237' title='bbox 938 2890 942 2897; x_wconf 57' lang='lat'><strong>⁴</strong></span> 
     </span>
    </p>
   </div>
   <div class='ocr_carea' id='block_1_9' title="bbox 106 2948 1118 3624">
    <p class='ocr_par' dir='ltr' id='par_1_9' title="bbox 106 2948 1118 3624">
     <span class='ocr_line' id='line_1_32' title="bbox 149 2948 1118 3031; baseline 0.001 -20"><span class='ocrx_word' id='word_1_238' title='bbox 149 2953 218 3013; x_wconf 65' lang='lat' dir='ltr'><strong>idi.</strong></span> <span class='ocrx_word' id='word_1_239' title='bbox 237 2980 281 2995; x_wconf 85' lang='lat'><em>-</em></span> <span class='ocrx_word' id='word_1_240' title='bbox 298 2948 384 3024; x_wconf 84' lang='lat' dir='ltr'><strong>Quod</strong></span> <span class='ocrx_word' id='word_1_241' title='bbox 404 2958 503 3009; x_wconf 90' lang='lat' dir='ltr'><strong>autem</strong></span> <span class='ocrx_word' id='word_1_242' title='bbox 522 2958 633 3027; x_wconf 88' lang='lat' dir='ltr'><strong>spectat</strong></span> <span class='ocrx_word' id='word_1_243' title='bbox 652 2950 689 3009; x_wconf 92' lang='lat' dir='ltr'><strong>nd</strong></span> <span class='ocrx_word' id='word_1_244' title='bbox 714 2950 875 3021; x_wconf 89' lang='lat' dir='ltr'><strong>secundum</strong></span> <span class='ocrx_word' id='word_1_245' title='bbox 897 2969 1005 3011; x_wconf 85' lang='lat' dir='ltr'><strong>munus</strong></span> <span class='ocrx_word' id='word_1_246' title='bbox 1022 2953 1118 3031; x_wconf 82' lang='lat' dir='ltr'><strong>expli-</strong></span> 
     </span>
     <span class='ocr_line' id='line_1_33' title="bbox 110 3035 1118 3116; baseline 0.007 -21"><span class='ocrx_word' id='word_1_247' title='bbox 110 3036 194 3096; x_wconf 86' lang='lat' dir='ltr'><strong>candi</strong></span> <span class='ocrx_word' id='word_1_248' title='bbox 213 3037 419 3116; x_wconf 79' lang='lat' dir='ltr'><strong>evangelium,</strong></span> <span class='ocrx_word' id='word_1_249' title='bbox 438 3036 500 3094; x_wconf 89' lang='lat' dir='ltr'><strong>sive</strong></span> <span class='ocrx_word' id='word_1_250' title='bbox 517 3036 721 3113; x_wconf 85' lang='lat' dir='ltr'><strong>Scripturam,</strong></span> <span class='ocrx_word' id='word_1_251' title='bbox 739 3035 909 3110; x_wconf 89' lang='lat' dir='ltr'><strong>sciendum,</strong></span> <span class='ocrx_word' id='word_1_252' title='bbox 932 3038 1008 3099; x_wconf 88' lang='lat' dir='ltr'><strong>duos</strong></span> <span class='ocrx_word' id='word_1_253' title='bbox 1022 3037 1118 3116; x_wconf 87' lang='lat' dir='ltr'><strong>ipsam</strong></span> 
     </span>
     <span class='ocr_line' id='line_1_34' title="bbox 109 3116 1114 3201; baseline 0.009 -24"><span class='ocrx_word' id='word_1_254' title='bbox 109 3137 211 3179; x_wconf 91' lang='lat' dir='ltr'><strong>sensus</strong></span> <span class='ocrx_word' id='word_1_255' title='bbox 231 3119 360 3193; x_wconf 73' lang='lat' dir='ltr'><strong>habere,</strong></span> <span class='ocrx_word' id='word_1_256' title='bbox 383 3116 556 3192; x_wconf 81' lang='lat' dir='ltr'><strong>litteralem,</strong></span> <span class='ocrx_word' id='word_1_257' title='bbox 571 3130 601 3181; x_wconf 87' lang='lat' dir='ltr'><strong>et</strong></span> <span class='ocrx_word' id='word_1_258' title='bbox 617 3122 774 3201; x_wconf 72' lang='lat' dir='ltr'><strong>stipationem</strong></span> <span class='ocrx_word' id='word_1_259' title='bbox 790 3142 800 3180; x_wconf 75' lang='lat' dir='ltr'><strong>a</strong></span> <span class='ocrx_word' id='word_1_260' title='bbox 824 3122 878 3183; x_wconf 90' lang='lat' dir='ltr'><strong>llle</strong></span> <span class='ocrx_word' id='word_1_261' title='bbox 900 3131 944 3185; x_wconf 88' lang='lat' dir='ltr'><strong>est</strong></span> <span class='ocrx_word' id='word_1_262' title='bbox 959 3120 1114 3201; x_wconf 79' lang='lat' dir='ltr'><strong>litteralis,</strong></span> 
     </span>
     <span class='ocr_line' id='line_1_35' title="bbox 109 3204 1116 3290; baseline 0.01 -29"><span class='ocrx_word' id='word_1_263' title='bbox 109 3204 160 3280; x_wconf 86' lang='lat' dir='ltr'><strong>qni</strong></span> <span class='ocrx_word' id='word_1_264' title='bbox 174 3221 227 3280; x_wconf 91' lang='lat' dir='ltr'><strong>per</strong></span> <span class='ocrx_word' id='word_1_265' title='bbox 239 3205 300 3283; x_wconf 87' lang='lat' dir='ltr'><strong>ipsa</strong></span> <span class='ocrx_word' id='word_1_266' title='bbox 311 3208 400 3268; x_wconf 85' lang='lat' dir='ltr'><strong>verba</strong></span> <span class='ocrx_word' id='word_1_267' title='bbox 411 3206 604 3285; x_wconf 77' lang='lat' dir='ltr'><strong>significatur.</strong></span> <span class='ocrx_word' id='word_1_268' title='bbox 621 3208 763 3287; x_wconf 69' lang='lat' dir='ltr'><strong>Mantiane</strong></span> <span class='ocrx_word' id='word_1_269' title='bbox 773 3252 782 3282; x_wconf 88' lang='lat'><strong>,</strong></span> <span class='ocrx_word' id='word_1_270' title='bbox 793 3208 844 3286; x_wconf 89' lang='lat' dir='ltr'><strong>qul</strong></span> <span class='ocrx_word' id='word_1_271' title='bbox 859 3228 919 3271; x_wconf 93' lang='lat' dir='ltr'><strong>non</strong></span> <span class='ocrx_word' id='word_1_272' title='bbox 935 3208 1116 3290; x_wconf 84' lang='lat' dir='ltr'><strong>significatur</strong></span> 
     </span>
     <span class='ocr_line' id='line_1_36' title="bbox 108 3288 1114 3380; baseline 0.017 -40"><span class='ocrx_word' id='word_1_273' title='bbox 108 3302 162 3380; x_wconf 74' lang='lat' dir='ltr'><strong>per</strong></span> <span class='ocrx_word' id='word_1_274' title='bbox 186 3288 301 3360; x_wconf 86' lang='lat' dir='ltr'><strong>verba,</strong></span> <span class='ocrx_word' id='word_1_275' title='bbox 326 3292 378 3351; x_wconf 88' lang='lat' dir='ltr'><strong>scd</strong></span> <span class='ocrx_word' id='word_1_276' title='bbox 405 3310 546 3369; x_wconf 81' lang='lat' dir='ltr'><strong>perram</strong></span> <span class='ocrx_word' id='word_1_277' title='bbox 573 3292 644 3372; x_wconf 89' lang='lat' dir='ltr'><strong>ipsis</strong></span> <span class='ocrx_word' id='word_1_278' title='bbox 671 3294 768 3353; x_wconf 79' lang='lat' dir='ltr'><strong>verbis</strong></span> <span class='ocrx_word' id='word_1_279' title='bbox 793 3294 1007 3373; x_wconf 85' lang='lat' dir='ltr'><strong>significatam,</strong></span> <span class='ocrx_word' id='word_1_280' title='bbox 1028 3314 1059 3355; x_wconf 87' lang='lat' dir='ltr'><strong>v.</strong></span> <span class='ocrx_word' id='word_1_281' title='bbox 1083 3316 1114 3375; x_wconf 80' lang='lat' dir='ltr'><strong>g.</strong></span> 
     </span>
     <span class='ocr_line' id='line_1_37' title="bbox 107 3366 1115 3461; baseline 0.022 -41"><span class='ocrx_word' id='word_1_282' title='bbox 107 3385 175 3423; x_wconf 87' lang='lat' dir='ltr'><strong>cnm</strong></span> <span class='ocrx_word' id='word_1_283' title='bbox 186 3366 314 3461; x_wconf 79' lang='lat' dir='ltr'><strong>dicitnr:</strong></span> <span class='ocrx_word' id='word_1_284' title='bbox 327 3373 364 3431; x_wconf 82' lang='lat' dir='ltr'><strong>Si</strong></span> <span class='ocrx_word' id='word_1_285' title='bbox 371 3372 472 3435; x_wconf 82' lang='lat' dir='ltr'><strong>oculos</strong></span> <span class='ocrx_word' id='word_1_286' title='bbox 488 3383 557 3437; x_wconf 80' lang='lat' dir='ltr'><strong>tuac</strong></span> <span class='ocrx_word' id='word_1_287' title='bbox 571 3374 757 3439; x_wconf 80' lang='lat' dir='ltr'><strong>scandalizat</strong></span> <span class='ocrx_word' id='word_1_288' title='bbox 768 3385 794 3438; x_wconf 89' lang='lat' dir='ltr'><strong>te</strong></span> <span class='ocrx_word' id='word_1_289' title='bbox 801 3424 811 3455; x_wconf 91' lang='lat'><em>‚</em></span> <span class='ocrx_word' id='word_1_290' title='bbox 824 3397 891 3442; x_wconf 77' lang='lat' dir='ltr'><strong>errae</strong></span> <span class='ocrx_word' id='word_1_291' title='bbox 903 3400 969 3441; x_wconf 84' lang='lat' dir='ltr'><strong>eam</strong></span> <span class='ocrx_word' id='word_1_292' title='bbox 981 3424 990 3452; x_wconf 95' lang='lat'><strong>,</strong></span> <span class='ocrx_word' id='word_1_293' title='bbox 1000 3388 1052 3441; x_wconf 89' lang='lat' dir='ltr'><strong>ete.</strong></span> <span class='ocrx_word' id='word_1_294' title='bbox 1067 3379 1115 3442; x_wconf 90' lang='lat' dir='ltr'><strong>hic</strong></span> 
     </span>
     <span class='ocr_line' id='line_1_38' title="bbox 106 3448 1115 3538; baseline 0.023 -34"><span class='ocrx_word' id='word_1_295' title='bbox 106 3461 167 3535; x_wconf 77' lang='lat' dir='ltr'><strong>non</strong></span> <span class='ocrx_word' id='word_1_296' title='bbox 188 3448 309 3538; x_wconf 82' lang='lat' dir='ltr'><strong>quadem</strong></span> <span class='ocrx_word' id='word_1_297' title='bbox 331 3458 503 3533; x_wconf 84' lang='lat' dir='ltr'><strong>praecipitur</strong></span> <span class='ocrx_word' id='word_1_298' title='bbox 523 3462 601 3521; x_wconf 91' lang='lat' dir='ltr'><strong>oculi</strong></span> <span class='ocrx_word' id='word_1_299' title='bbox 619 3464 756 3525; x_wconf 88' lang='lat' dir='ltr'><strong>abscissio</strong></span> <span class='ocrx_word' id='word_1_300' title='bbox 770 3507 778 3534; x_wconf 92' lang='lat'><strong>,</strong></span> <span class='ocrx_word' id='word_1_301' title='bbox 792 3465 843 3524; x_wconf 90' lang='lat' dir='ltr'><strong>sed</strong></span> <span class='ocrx_word' id='word_1_302' title='bbox 854 3466 978 3527; x_wconf 86' lang='lat' dir='ltr'><strong>scandali</strong></span> <span class='ocrx_word' id='word_1_303' title='bbox 993 3467 1053 3525; x_wconf 88' lang='lat' dir='ltr'><strong>sive</strong></span> <span class='ocrx_word' id='word_1_304' title='bbox 1066 3485 1115 3527; x_wconf 84' lang='lat' dir='ltr'><strong>oc-</strong></span> 
     </span>
     <span class='ocr_line' id='line_1_39' title="bbox 106 3533 1116 3624; baseline 0.028 -37"><span class='ocrx_word' id='word_1_305' title='bbox 106 3538 240 3585; x_wconf 71' lang='lat' dir='ltr'><strong>cesionis.</strong></span> <span class='ocrx_word' id='word_1_306' title='bbox 268 3533 376 3591; x_wconf 77' lang='lat' dir='ltr'><strong>Senam</strong></span> <span class='ocrx_word' id='word_1_307' title='bbox 394 3548 496 3599; x_wconf 86' lang='lat' dir='ltr'><strong>autam</strong></span> <span class='ocrx_word' id='word_1_308' title='bbox 518 3547 660 3624; x_wconf 73' lang='lat' dir='ltr'><strong>inpatiens</strong></span> <span class='ocrx_word' id='word_1_309' title='bbox 680 3552 711 3609; x_wconf 91' lang='lat' dir='ltr'><strong>in</strong></span> <span class='ocrx_word' id='word_1_310' title='bbox 731 3558 789 3609; x_wconf 90' lang='lat' dir='ltr'><strong>tres</strong></span> <span class='ocrx_word' id='word_1_311' title='bbox 809 3551 881 3612; x_wconf 88' lang='lat' dir='ltr'><strong>alios</strong></span> <span class='ocrx_word' id='word_1_312' title='bbox 905 3550 1116 3615; x_wconf 75' lang='lat' dir='ltr'><strong>stibdividitur.</strong></span> 
     </span>
    </p>
   </div>
   <div class='ocr_carea' id='block_1_10' title="bbox 0 0 1242 3975">
    <p class='ocr_par' dir='ltr' id='par_1_10' title="bbox 0 0 1242 3975">
     <span class='ocr_line' id='line_1_40' title="bbox 0 0 1242 3975; baseline 0 4"><span class='ocrx_word' id='word_1_313' title='bbox 0 0 1242 3975; x_wconf 95' lang='lat' dir='ltr'><strong> </strong></span> 
     </span>
    </p>
   </div>
  </div>
 </body>
</html>
