2475 3975
403 149 468 210 Ανι.
484 151 513 210 5.
525 153 571 211 De
583 149 738 214 ordinibus
750 150 823 236 maj.
1059 157 1117 220 955

98 247 174 310 locet
195 255 264 310 cate
283 245 426 327 calicem,
456 257 519 322 atat,
537 249 572 313 in
593 245 696 334 clipeo
723 273 794 317 vose
821 254 932 316 attendo
957 256 1112 320 benedicto.

101 338 138 396 Et
148 336 226 396 idem
245 336 403 396 dicendum
419 336 456 396 do
480 336 582 399 lunula
595 341 775 415 ostensorii‚
792 339 845 402 ubi
869 343 902 402 in
923 345 1113 422 expositioni·

100 421 157 483 bus
175 421 271 484 hostia
292 423 455 482 collocatur
477 419 511 501 (l.
529 441 554 483 o.
574 443 607 485 a.
622 425 714 504 tet).

140 533 255 594 1182-
267 535 390 612 Requir.
406 535 457 594 lll.
478 535 573 597 Vestes
589 553 701 606 sacrm,
721 537 883 599 benedicta
896 539 934 599 ab
949 540 1111 618 Episcopo,

98 619 147 680 rel
160 620 199 680 ab
211 619 269 681 clio
281 619 409 679 habente
419 620 584 682 facultatem
597 621 614 682 a
631 624 783 685 Pontifiee.
796 625 933 685 Graviter
947 634 1045 704 peceat
1061 627 1112 704 qui

98 706 231 766 celebrat
249 706 313 764 sinc
340 706 429 778 alba,
449 715 501 767 aut
523 708 615 782 stola,
630 710 862 787 autmunipulo‚
881 720 1019 771 autenm
1043 711 1112 789 ipsis

97 795 161 850 non'
182 790 344 851 benedictis
359 789 426 870 (nisi
439 793 536 870 gravis
558 801 677 852 excuset
699 795 886 872 necessitas);
905 795 987 856 sccds
1011 803 1110 856 tamen

97 877 200 954 plures
215 877 280 935 DD.
302 894 361 935 non
379 876 615 954 improbabiliter
627 877 729 937 dicunt
743 878 779 938 de
797 879 960 939 celebrante
974 881 1036 940 sine
1049 881 1112 940 cin·

98 961 194 1038 gulo,
216 969 268 1020 aut
286 961 394 1021 amicto
417 957 450 1038 (l.
466 979 491 1020 o.
516 980 548 1020 n.
566 961 660 1040 572).
674 962 776 1036 Quoad
788 964 938 1041 cingulum
957 965 1113 1024 declaravit

98 1047 131 1104 S.
145 1047 236 1126 Cong.
252 1048 302 1107 ιι.
317 1047 383 1106 tau.
396 1047 484 1107 llOl.
502 1046 682 1107 sacerdotem
705 1046 916 1124 congruentias
936 1049 980 1108 uti
996 1050 1112 1126 cingulo

97 1131 212 1203 linco,
241 1131 328 1210 quim
358 1133 462 1192 serico.
489 1133 591 1193 Vestes
620 1140 719 1193 autem
751 1141 960 1206 execrantur,
995 1136 1113 1210 quaudo

98 1235 186 1276 usum
214 1217 400 1296 deperdunt,
426 1216 533 1296 nempe
553 1219 577 1279 si
603 1219 641 1279 ab
656 1219 735 1280 ¹alba
762 1219 877 1278 manica
899 1218 1108 1278 abscinditur:

96 1302 277 1380 cingulum,
300 1304 324 1363 si
345 1305 386 1364 ita
407 1305 560 1381 rumpitur
579 1313 614 1364 ut
635 1315 740 1364 neutra
764 1323 832 1383 pars
855 1305 973 1382 cingere
992 1305 1107 1382 possit:

96 1387 196 1458 stola,
221 1388 245 1448 si
267 1407 327 1448 non
344 1389 436 1467 possit
459 1385 598 1449 humeros
622 1390 764 1468 operire3
788 1391 835 1450 vel
858 1390 881 1448 si
903 1408 969 1467 pars
990 1389 1052 1466 ejus
1070 1390 1110 1449 ita

96 1473 243 1535 scinditur
264 1518 273 1545 ‚
293 1480 328 1533 ut
353 1471 533 1551 deperdatur
556 1475 675 1550 lorma3
708 1493 762 1536 uec
793 1475 900 1536 sufficit
922 1493 987 1535 eam
1010 1493 1111 1538 resar-

96 1559 184 1618 cire:
215 1559 361 1620 destructi
395 1559 475 1618 euim
501 1558 616 1629 sormi,
648 1560 787 1620 desinunt
809 1567 906 1638 partes
928 1578 990 1620 esse
1021 1579 1110 1629 sacrae

95 1638 130 1718 (l.
159 1661 184 1702 c.
213 1663 246 1704 a.
270 1645 339 1704 568.
358 1641 398 1703 od
427 1644 519 1721 stt).
544 1645 633 1705 Color
654 1652 754 1706 autern
774 1646 901 1706 vestiunt
925 1645 1109 1723 probabilius

58 1762 62 1768 ·
89 1734 155 1874 εει8
164 1728 244 1875 (13ὸὲ
270 1730 314 1892 {il
335 1728 373 1789 de
390 1737 566 1809 praecepto,
595 1741 784 1792 nontamen
808 1733 891 1809 gravi
917 1729 951 1810 (t.
972 1751 997 1792 o.
1023 1750 1106 1793 ocean.

95 1827 131 1873 ae
158 1855 166 1874 .
205 1833 253 1873 a.
291 1856 324 1873 ..

135 1924 203 1988 tto.
218 1957 257 1970 -
275 1922 449 2003 Requiritur
469 1923 520 1984 Ν.
541 1920 699 2006 Corporale
715 1921 899 1999 bereediettnn
914 1940 950 1981 ex
967 1923 1029 1982 lino
1042 1967 1049 1993 ‚
1062 1924 1109 1983 vel

93 2010 205 2071 canabe
228 2007 262 2091 (l.
286 2012 317 2071 b.
338 2026 370 2069 n.
393 2009 487 2088 586).
510 2011 672 2071 Execratur
697 2020 797 2071 autem
822 2011 994 2087 corporale,
1016 2010 1040 2067 si
1068 2010 1109 2068 ita

76 2098 262 2176 ‘frangitun
277 2105 384 2157 utnon
402 2098 495 2174 possit
514 2096 642 2176 amplius
662 2098 800 2159 decenter
821 2096 972 2155 contindro
989 2096 1109 2158 calicem

92 2192 276 2259 et'patenam
289 2200 357 2241 cum
373 2180 469 2241 hostia
488 2178 523 2259 (l.-
536 2199 562 2241 e.
574 2201 608 2241 a.
620 2182 714 2261 bib).
730 2180 900 2242 Cavendum
920 2187 981 2251 est,
996 2198 1033 2239 ne
1046 2199 1111 2242 cor·

90 2268 197 2349 porale
214 2266 252 2326 sit
269 2267 355 2327 valde
374 2267 583 2341 immundum,
605 2268 638 2328 in
656 2286 715 2346 quo
735 2268 939 2329 dicuutSoar.
951 2269 1109 2347 Lupmoaa

91 2363 123 2415 et
136 2351 238 2415 Toeto.
251 2370 336 2431 posse
348 2353 439 2412 etiam
459 2353 589 2431 graviter
606 2354 718 2431 peccari
731 2375 739 2428 3
754 2354 887 2432 quamvis
901 2354 988 2415 addat
1004 2352 1108 2417 Tontb.

91 2457 130 2499 cx
154 2438 258 2500 codem
275 2439 366 2498 Suae.
390 2437 464 2497 illud
483 2434 569 2499 valde
589 2438 777 2500 immundam
795 2440 953 2501 difficulter
977 2442 1105 2501 evenire.
1211 2459 1213 2462 ’

91 2525 238 2587 ceterum
254 2527 301 2587 uti
317 2526 483 2606 corporali,
505 2536 536 2587 et
554 2528 619 2588 aliis
641 2530 821 2608 paramentis
838 2530 1019 2601 immundis,
1038 2528 1107 2589 licet
1189 2605 1192 2610 .

91 2630 155 2673 non
170 2613 276 2685 valde,
296 2632 356 2673 non
375 2622 532 2674 excusatur
545 2612 562 2673 l
577 2616 709 2686 veniali,
726 2616 784 2675 uisi
800 2614 856 2673 alia
874 2613 977 2673 baberi
996 2632 1108 2691 neque-

91 2708 165 2774 ant,
189 2707 224 2760 ut
245 2697 336 2759 Croioe
356 2717 424 2758 cum
445 2701 536 2760 Sator.
554 2707 585 2758 et
603 2698 710 2761 Gobot.
731 2698 795 2760 lmd
815 2700 1005 2773 ait·Toto·n.‚
1026 2698 1105 2777 qudd

90 2784 125 2844 in
153 2781 345 2857 necessitate,
372 2783 480 2863 nempe
502 2784 528 2843 si
553 2786 687 2845 sacerdos
707 2792 759 2845 aut
778 2786 827 2845 alii
848 2784 990 2845 deberent
1016 2784 1106 2845 omit·

90 2878 156 2929 tere
175 2870 291 2931 Missam
315 2870 352 2930 de
374 2878 545 2949 praecepto,
567 2869 683 2929 licitum
707 2880 752 2931 est
777 2872 821 2931 uti
846 2870 991 2950 corporali
1015 2869 1105 2929 etiam

91 2954 264 3016 notabiliter
281 2956 438 3017 immundo
455 2954 532 3035 (bib.
547 2956 576 3015 6.
591 2974 624 3016 a.
639 2956 734 3037 5⁷¹·l·

128 3068 197 3128 tao.
209 3099 248 3111 -
264 3068 302 3128 V.
316 3064 407 3127 Palla
425 3069 515 3129 ctiam
537 3066 625 3127 debet
644 3084 706 3128 esse
730 3066 906 3137 benedicta,
921 3074 951 3126 et
971 3066 1102 3143 erlino,

87 3152 138 3213 vel
159 3150 268 3212 canabe
291 3154 394 3213 saltem
416 3172 452 3213 cx
474 3162 558 3231 parto
579 3153 736 3227 interiori,
757 3164 791 3213 ut
810 3154 851 3211 ait
869 3154 979 3224 Suam,
995 3154 1045 3214 sed
1068 3174 1103 3217 ex

86 3238 207 3298 dcercto
219 3238 298 3297 Sace.
313 3240 423 3316 Cougr.
434 3238 546 3298 dictum
558 3237 615 3298 luit
631 3259 640 3297 a
659 3241 698 3299 Ia
710 3235 855 3318 sacrificio
868 3236 974 3311 ‚Misere
989 3258 1050 3301 non
1062 3249 1105 3302 est

86 3320 256 3384 adhibendo
278 3319 363 3402 pallo
383 3323 403 3381 d
425 3330 510 3404 porte
534 3322 681 3404 superiori
698 3322 812 3404 droppo
838 3322 928 3384 serico
957 3330 1101 3405 codpcrto.

86 3412 264 3471 Nonautem
286 3408 522 3485 improbabiliter
540 3409 644 3468 dicunt
666 3409 752 3468 Sotus
776 3408 895 3482 etalii,
922 3409 1003 3487 qubd
1028 3409 1103 3467 celc-

86 3496 176 3556 bruro
195 3494 260 3553 sine
285 3494 360 3571 palla
387 3501 513 3553 nonest
534 3492 674 3563 mortale,
698 3490 766 3551 edm
787 3494 850 3569 ipsa
875 3510 969 3553 sacras
994 3491 1103 3566 specics

87 3597 149 3641 non
169 3585 271 3657 tangat
292 3576 463 3639 immediati
477 3574 510 3656 (t.
526 3595 550 3637 e.
565 3596 597 3636 η.
615 3574 710 3654 588.).
724 3577 940 3719 aequatura}
956 3571 1103 3651 Purifica-
