2475 3975
363 192 389 272 §.
405 192 443 252 V.
456 188 611 253 Metlarius
621 192 691 253 vila
702 192 902 274 prouinciali.
1075 199 1132 261 tau

121 294 300 364 ohedientia
310 302 352 355 est
366 292 470 374 rapina
485 291 619 355 amatam
631 291 908 371 circummurana
920 313 998 358 emar
1009 299 1134 361 uirtutes

122 379 268 446 obedient
282 376 462 441 obedientiis.
481 380 518 437 Et
535 378 566 437 S.
587 377 750 439 Tamna.-
767 383 850 441 Dens
868 379 906 443 ab
922 382 1046 455 aalma,
1065 400 1133 465 quat

121 466 187 531 ati
197 462 353 548 proposuit
362 460 449 525 iiiam
466 481 587 535 ornare,
606 460 687 525 citit
701 461 788 527 alind
795 465 889 547 cripit
899 469 988 549 quidm
1001 466 1133 529 obedien·

124 554 214 613 tiam.
239 550 367 611 Perfecta
388 547 462 609 vera
483 548 649 611 obedientia
675 551 808 612 consistit
832 554 866 612 in
886 551 967 624 cito,
985 552 1132 625 fideliter,

123 636 283 707 alacriter,
301 641 332 699 ct
354 632 418 693 sine
436 634 498 693 ullo
506 632 619 711 judicio
632 634 814 709 obediendo,
827 637 941 697 nuliam
951 638 1133 716 exquirenda

121 722 289 791 rationum,
307 719 422 797 quotics
440 736 489 779 res
507 717 589 796 jassa
608 738 670 780 non
688 720 728 780 sit
747 721 828 783 certi
843 730 1013 800 peecatum,
1028 731 1063 783 ut
1087 724 1133 783 ia·

123 806 237 885 quiunt
248 805 301 865 88.
316 802 507 879 Bernartius,
520 803 854 876 manummerias,
865 804 1132 889 lqaatr‘rrtlopola,

124 900 157 952 ct
176 908 278 951 omnes
293 889 455 968 spiritualis
466 890 535 949 vitae
549 890 702 966 magistri:
717 899 747 950 ct
762 891 794 950 in
811 892 900 950 rebus
916 891 1014 952 dubiis
1025 893 1134 971 eligere

124 976 159 1037 id
182 973 261 1047 quod
278 972 470 1053 praesumitur
495 973 576 1051 quod
593 972 727 1051 jussisset
756 974 943 1052 obedientia3
964 986 995 1035 et
1016 978 1135 1053 quando

124 1060 192 1122 nae
211 1060 402 1141 prasumptio
421 1076 482 1119 nau
503 1068 600 1138 posset
616 1056 741 1133 habiri,
757 1060 789 1119 id
812 1060 922 1140 eligere
944 1059 1023 1137 quod
1045 1062 1136 1139 magis

124 1146 236 1207 nostris
261 1144 502 1207 inclinationibus
527 1144 711 1205 adversatur.
745 1146 806 1206 lioc
827 1154 872 1205 est
891 1144 966 1204 illud
994 1142 1083 1205 Vince
1109 1151 1136 1204 te

125 1232 229 1312 ipsunt
241 1229 512 1291 toticsiaculcatnm
522 1228 539 1290 l
548 1228 580 1291 S.
592 1229 749 1292 Franciseo
758 1227 911 1305 Xoana,
924 1238 954 1290 et
963 1230 994 1289 S.
1003 1227 1135 1309 inantia,

125 1319 182 1395 qui
196 1314 299 1375 salitus
322 1322 386 1373 erat
401 1314 501 1375 dicere
519 1314 607 1393 longi
624 1316 720 1393 pluris
743 1316 888 1394 prolicere
911 1317 1042 1375 animam
1061 1332 1137 1374 mor·

125 1400 299 1461 tifieationis
312 1400 436 1459 amicam
456 1399 545 1460 unico
558 1398 641 1459 horta
661 1400 843 1477 quadrante,
867 1396 957 1475 quta
982 1399 1053 1458 alias
1074 1416 1135 1459 non

126 1484 321 1547 mortificatas
333 1502 385 1563 per
398 1485 539 1563 plurimas
552 1483 652 1545 horas.

169 1572 298 1632 ttulit.
312 1571 471 1633 Attendcro
481 1588 598 1649 semper
605 1570 715 1632 diviua
723 1569 897 1650 prasentia.
909 1571 1051 1650 laquitS.
1067 1568 1138 1631 ttic-

126 1656 208 1719 resia
223 1677 232 1716 t
249 1658 341 1718 Ouiae
357 1655 472 1717 malum
490 1656 643 1737 proveniet
659 1674 697 1717 ea
712 1675 744 1718 eo
760 1655 839 1737 quoti
850 1675 912 1721 rtoa
922 1657 1138 1719 consideremus

125 1744 227 1802 Ditem
238 1747 420 1822 presentem.
432 1742 488 1813 Qui
499 1740 568 1801 veri
582 1747 680 1810 amat,
693 1760 846 1819 nunquam
859 1742 1043 1803 obliviscitur
1055 1740 1138 1817 obje-

126 1826 171 1887 cti
191 1826 292 1887 amati.
314 1825 359 1886 Ad
377 1825 607 1885 conservandam
628 1822 701 1885 veri
721 1827 897 1885 memoriam
916 1824 1007 1901 hujus
1028 1826 1137 1895 divinar

126 1910 293 1992 praesentire
302 1908 385 1988 juvat
398 1910 430 1969 in
443 1910 526 1989 praxi
540 1908 660 1988 aliquod
674 1909 798 1988 speciale
809 1909 928 1988 signum
945 1917 1075 1988 gestare,
1089 1910 1137 1969 vel

127 2001 209 2058 intra
225 1996 394 2058 cubiculum
407 1993 528 2056 habire.
550 1993 677 2056 Maximi
692 1993 764 2056 reri
781 2002 899 2073 oportet
918 1993 994 2054 hanc
1014 2013 1139 2073 praeseu-

125 2085 203 2144 tiam
218 2081 336 2158 iovire,
350 2079 458 2158 sacpiias
475 2081 506 2140 in
518 2079 566 2139 die
578 2079 740 2160 repetenda
760 2089 842 2140 actus
858 2079 968 2140 amoris
981 2080 1013 2140 in
1023 2083 1136 2152 Deum,

125 2177 160 2228 et
176 2165 305 2244 palando
325 2165 461 2226 divinum
483 2181 627 2226 amorem.
651 2167 686 2237 Ε.
708 2167 741 2226 G.
762 2167 841 2223 Deus
860 2180 960 2238 meus,
976 2171 1007 2222 et
1027 2165 1135 2225 omnia.

123 2251 261 2328 Diligam
280 2257 309 2308 tc
324 2267 360 2308 ex
379 2257 441 2309 toto
459 2249 547 2308 eorde
567 2267 646 2309 meo.
661 2251 772 2308 Totum
785 2266 834 2307 me
848 2247 902 2309 tibi
915 2246 1032 2310 doira
1044 2247 1138 2312 deme

123 2334 211 2418 quad
224 2333 277 2393 tibi
291 2334 444 2412 placuerit.
455 2334 506 2398 Nil
514 2333 594 2395 aliud
607 2333 677 2397 volo
691 2333 747 2394 nisi
761 2341 933 2406 tc,ettuam
944 2335 1134 2398 voluntatem.

126 2425 174 2484 Da
184 2418 260 2480 milri
275 2437 408 2491 amorem
419 2427 523 2492 tuum,
536 2419 657 2481 etdires
672 2437 738 2480 sum
748 2420 832 2496 satis,
847 2427 904 2480 etc.
915 2420 1137 2484 advertendum

126 2518 229 2570 tamen
244 2513 288 2566 est
307 2504 387 2584 quad
404 2513 485 2566 actus
500 2505 549 2565 isti
566 2505 690 2567 faciendi
711 2514 782 2566 sunt
800 2507 864 2567 sine
881 2508 1005 2581 altari,
1019 2515 1050 2569 et
1068 2509 1137 2568 aul·

126 2595 189 2656 lam
206 2590 400 2652 desiderando
413 2591 643 2654 consolationem
662 2593 854 2667 sensibilem
871 2593 923 2652 sed
944 2611 1014 2652 cum
1039 2596 1137 2653 suavi-

127 2687 191 2741 tate
208 2677 336 2758 quadam
356 2685 387 2736 et
405 2678 557 2738 voluntate
583 2695 659 2756 pura
682 2676 771 2737 unici
794 2679 858 2736 Deo
886 2677 1032 2755 placandi.
1054 2679 1138 2736 Assa·

127 2763 214 2826 rebat
230 2763 263 2823 S.
291 2761 450 2823 Therasia.-
464 2762 512 2822 Na
530 2779 686 2822 vocamur
703 2758 835 2844 relinqui
853 2759 1101 2822 inenrancratom
1120 2764 1141 2821 ri

127 2839 193 2910 Deo
205 2844 251 2908 uel
262 2847 382 2908 animm
398 2844 584 2908 elevationem
603 2843 755 2908 cratonem
766 2846 807 2908 od
822 2847 887 2931 qus
897 2845 1138 2909 recordationem.

167 2933 237 2993 tut.
260 2933 300 2994 Χ.
317 2932 452 3012 Dirigcra
470 2933 667 2994 intentionem
684 2933 817 3011 placendi
829 2935 892 2992 Deo
906 2933 937 2991 in
952 2948 1140 3008 quacumque

128 3017 246 3080 actione
265 3018 436 3098 quotidiana
457 3018 520 3080 sire
541 3019 710 3099 spirituali,
730 3020 793 3079 sira
811 3017 977 3095 corporali,
992 3014 1136 3074 dicendo:

130 3103 281 3174 Domine,
304 3101 360 3163 hoc
375 3103 450 3164 sacia
471 3103 607 3179 tantiam,
626 3112 661 3163 ut
679 3104 809 3181 placeam
829 3103 894 3161 tibi.
913 3102 1001 3160 Recta
1014 3100 1141 3165 intentio

130 3187 298 3266 appellatur
314 3187 451 3248 alchimia
470 3188 650 3269 spiritualis,
668 3203 736 3266 quaa
757 3202 860 3247 amnes
881 3185 1027 3260 actiones,
1052 3186 1141 3247 etiam

130 3273 252 3332 uiliores
264 3315 272 3342 ‚
286 3289 389 3333 aureas
406 3273 486 3334 iacit.

171 3357 241 3417 tto.
257 3357 488 3430 x1.Qacannts
502 3357 642 3420 exercitia
658 3355 824 3434 spiritualia
840 3373 979 3438 peragere
989 3375 1044 3437 per
1056 3365 1139 3422 octo,

130 3441 179 3502 rel
192 3441 294 3502 decom
307 3440 386 3515 dics,
401 3443 617 3515 alienandum,
632 3439 777 3519 quantiam
794 3441 858 3502 fieri
873 3453 987 3522 potcst,
1005 3442 1042 3501 ab
1059 3439 1141 3499 omni

133 3530 373 3595 conversatione,
386 3536 416 3587 ct
430 3529 526 3588 allicio
542 3529 622 3605 quod
637 3527 841 3588 distractiones
861 3529 983 3599 afferat,
998 3535 1032 3585 at
1045 3523 1141 3585 saltim

134 3629 203 3673 eum
219 3613 282 3672 Deo
293 3619 437 3672 versetur.
454 3613 596 3674 Similiter
615 3610 738 3690 singulis
752 3613 901 3673 mensibus
919 3612 1048 3688 aliquam
1063 3608 1141 3668 dicar
