<?xml version="1.0" encoding="UTF-8"?>
<!DOCTYPE html PUBLIC "-//W3C//DTD XHTML 1.0 Transitional//EN"
    "http://www.w3.org/TR/xhtml1/DTD/xhtml1-transitional.dtd">
<html xmlns="http://www.w3.org/1999/xhtml" xml:lang="en" lang="en">
 <head>
  <title>
</title>
<meta http-equiv="Content-Type" content="text/html;charset=utf-8" />
  <meta name='ocr-system' content='tesseract 3.04.00' />
  <meta name='ocr-capabilities' content='ocr_page ocr_carea ocr_par ocr_line ocrx_word'/>
</head>
<body>
  <div class='ocr_page' id='page_1' title='image "./theologiamorali04heilgoog_0254.png"; bbox 0 0 2475 3975; ppageno 0'>
   <div class='ocr_carea' id='block_1_1' title="bbox 126 156 900 242">
    <p class='ocr_par' dir='ltr' id='par_1_1' title="bbox 126 156 900 242">
     <span class='ocr_line' id='line_1_1' title="bbox 126 156 900 242; baseline -0.003 -20"><span class='ocrx_word' id='word_1_1' title='bbox 126 161 188 226; x_wconf 73' lang='grc'><strong>118</strong></span> <span class='ocrx_word' id='word_1_2' title='bbox 367 159 503 220; x_wconf 77' lang='lat' dir='ltr'>Examen</span> <span class='ocrx_word' id='word_1_3' title='bbox 514 156 759 222; x_wconf 78' lang='lat' dir='ltr'>ordr’rreudortrtu.</span> <span class='ocrx_word' id='word_1_4' title='bbox 783 159 855 242; x_wconf 85' lang='lat' dir='ltr'>Cup.</span> <span class='ocrx_word' id='word_1_5' title='bbox 869 161 900 223; x_wconf 76' lang='lat'>5.</span> 
     </span>
    </p>
   </div>
   <div class='ocr_carea' id='block_1_2' title="bbox 62 259 1138 3471">
    <p class='ocr_par' dir='ltr' id='par_1_2' title="bbox 125 259 1138 1267">
     <span class='ocr_line' id='line_1_2' title="bbox 126 259 1137 341; baseline 0.002 -19"><span class='ocrx_word' id='word_1_6' title='bbox 126 264 159 323; x_wconf 92' lang='lat' dir='ltr'>in</span> <span class='ocrx_word' id='word_1_7' title='bbox 179 277 257 323; x_wconf 91' lang='lat' dir='ltr'>anno</span> <span class='ocrx_word' id='word_1_8' title='bbox 271 279 281 338; x_wconf 89' lang='lat'>;</span> <span class='ocrx_word' id='word_1_9' title='bbox 293 268 325 321; x_wconf 92' lang='lat' dir='ltr'>et</span> <span class='ocrx_word' id='word_1_10' title='bbox 343 261 483 333; x_wconf 90' lang='lat' dir='ltr'>nullum,</span> <span class='ocrx_word' id='word_1_11' title='bbox 503 262 527 321; x_wconf 90' lang='lat' dir='ltr'>si</span> <span class='ocrx_word' id='word_1_12' title='bbox 543 260 574 319; x_wconf 93' lang='lat' dir='ltr'>id</span> <span class='ocrx_word' id='word_1_13' title='bbox 585 260 744 339; x_wconf 87' lang='lat' dir='ltr'>aliquando</span> <span class='ocrx_word' id='word_1_14' title='bbox 759 259 811 320; x_wconf 91' lang='lat' dir='ltr'>liat</span> <span class='ocrx_word' id='word_1_15' title='bbox 823 281 891 322; x_wconf 86' lang='lat' dir='ltr'>eum</span> <span class='ocrx_word' id='word_1_16' title='bbox 907 277 992 322; x_wconf 86' lang='lat' dir='ltr'>eausa</span> <span class='ocrx_word' id='word_1_17' title='bbox 1004 305 1013 334; x_wconf 92' lang='lat'>,</span> <span class='ocrx_word' id='word_1_18' title='bbox 1027 279 1137 341; x_wconf 82' lang='lat' dir='ltr'>nempe</span> 
     </span>
     <span class='ocr_line' id='line_1_3' title="bbox 127 344 1138 422; baseline 0.003 -17"><span class='ocrx_word' id='word_1_19' title='bbox 127 346 263 416; x_wconf 87' lang='lat' dir='ltr'>itineris,</span> <span class='ocrx_word' id='word_1_20' title='bbox 283 344 392 415; x_wconf 89' lang='lat' dir='ltr'>studii,</span> <span class='ocrx_word' id='word_1_21' title='bbox 409 354 466 404; x_wconf 66' lang='lat' dir='ltr'>ete·</span> <span class='ocrx_word' id='word_1_22' title='bbox 492 344 600 417; x_wconf 83' lang='lat' dir='ltr'>Ratio,</span> <span class='ocrx_word' id='word_1_23' title='bbox 618 345 688 422; x_wconf 87' lang='lat' dir='ltr'>quia</span> <span class='ocrx_word' id='word_1_24' title='bbox 714 344 782 406; x_wconf 74' lang='lat' dir='ltr'>licet</span> <span class='ocrx_word' id='word_1_25' title='bbox 800 345 930 407; x_wconf 87' lang='lat' dir='ltr'>ollieium</span> <span class='ocrx_word' id='word_1_26' title='bbox 951 347 1138 408; x_wconf 84' lang='lat' dir='ltr'>recitandum</span> 
     </span>
     <span class='ocr_line' id='line_1_4' title="bbox 125 427 1135 508; baseline 0 -19"><span class='ocrx_word' id='word_1_27' title='bbox 125 428 252 506; x_wconf 85' lang='lat' dir='ltr'>sitjuxta</span> <span class='ocrx_word' id='word_1_28' title='bbox 266 430 392 489; x_wconf 83' lang='lat' dir='ltr'>sormam</span> <span class='ocrx_word' id='word_1_29' title='bbox 401 427 612 489; x_wconf 78' lang='lat' dir='ltr'>individualem</span> <span class='ocrx_word' id='word_1_30' title='bbox 623 427 778 500; x_wconf 85' lang='lat' dir='ltr'>Breviarii,</span> <span class='ocrx_word' id='word_1_31' title='bbox 789 430 963 508; x_wconf 88' lang='lat' dir='ltr'>utpraeeipit</span> <span class='ocrx_word' id='word_1_32' title='bbox 972 432 1003 491; x_wconf 89' lang='lat' dir='ltr'>S.</span> <span class='ocrx_word' id='word_1_33' title='bbox 1013 430 1088 490; x_wconf 78' lang='lat' dir='ltr'>Piae</span> <span class='ocrx_word' id='word_1_34' title='bbox 1099 431 1135 492; x_wconf 86' lang='lat' dir='ltr'>V.</span> 
     </span>
     <span class='ocr_line' id='line_1_5' title="bbox 127 511 1137 591; baseline -0.002 -15"><span class='ocrx_word' id='word_1_35' title='bbox 127 517 159 576; x_wconf 87' lang='lat' dir='ltr'>in</span> <span class='ocrx_word' id='word_1_36' title='bbox 171 515 250 576; x_wconf 90' lang='lat' dir='ltr'>bulla</span> <span class='ocrx_word' id='word_1_37' title='bbox 268 515 292 575; x_wconf 78' lang='lat' dir='ltr'><em>A</em></span> <span class='ocrx_word' id='word_1_38' title='bbox 308 511 414 585; x_wconf 79' lang='lat' dir='ltr'>nobie,</span> <span class='ocrx_word' id='word_1_39' title='bbox 430 513 575 591; x_wconf 84' lang='lat' dir='ltr'>descripta</span> <span class='ocrx_word' id='word_1_40' title='bbox 588 516 621 573; x_wconf 96' lang='lat' dir='ltr'>in</span> <span class='ocrx_word' id='word_1_41' title='bbox 631 511 799 585; x_wconf 84' lang='lat' dir='ltr'>breviario,</span> <span class='ocrx_word' id='word_1_42' title='bbox 819 514 963 574; x_wconf 83' lang='lat' dir='ltr'>dicendo:</span> <span class='ocrx_word' id='word_1_43' title='bbox 979 514 1137 576; x_wconf 80' lang='lat' dir='ltr'>Neminem</span> 
     </span>
     <span class='ocr_line' id='line_1_6' title="bbox 125 593 1137 678; baseline -0.001 -19"><span class='ocrx_word' id='word_1_44' title='bbox 125 597 295 678; x_wconf 66' lang='lat' dir='ltr'>satisfacere</span> <span class='ocrx_word' id='word_1_45' title='bbox 312 595 375 660; x_wconf 81' lang='lat' dir='ltr'>uisi</span> <span class='ocrx_word' id='word_1_46' title='bbox 395 593 525 657; x_wconf 82' lang='lat' dir='ltr'>bdeeold</span> <span class='ocrx_word' id='word_1_47' title='bbox 540 595 642 676; x_wconf 74' lang='lat' dir='ltr'>forme</span> <span class='ocrx_word' id='word_1_48' title='bbox 652 619 664 673; x_wconf 91' lang='lat'>,·</span> <span class='ocrx_word' id='word_1_49' title='bbox 679 605 778 658; x_wconf 88' lang='lat' dir='ltr'>tamen</span> <span class='ocrx_word' id='word_1_50' title='bbox 798 597 951 677; x_wconf 81' lang='lat' dir='ltr'>probabile</span> <span class='ocrx_word' id='word_1_51' title='bbox 972 606 1017 658; x_wconf 87' lang='lat' dir='ltr'>est</span> <span class='ocrx_word' id='word_1_52' title='bbox 1034 600 1137 658; x_wconf 86' lang='lat' dir='ltr'>Ponti·</span> 
     </span>
     <span class='ocr_line' id='line_1_7' title="bbox 126 680 1136 762; baseline -0.002 -18"><span class='ocrx_word' id='word_1_53' title='bbox 126 682 212 745; x_wconf 79' lang='lat' dir='ltr'>tieem</span> <span class='ocrx_word' id='word_1_54' title='bbox 225 685 256 745; x_wconf 91' lang='lat' dir='ltr'>in</span> <span class='ocrx_word' id='word_1_55' title='bbox 271 682 325 741; x_wconf 90' lang='lat' dir='ltr'>hae</span> <span class='ocrx_word' id='word_1_56' title='bbox 341 681 436 742; x_wconf 89' lang='lat' dir='ltr'>lorma</span> <span class='ocrx_word' id='word_1_57' title='bbox 448 680 664 760; x_wconf 78' lang='lat' dir='ltr'>prescribenda</span> <span class='ocrx_word' id='word_1_58' title='bbox 678 682 770 759; x_wconf 79' lang='lat' dir='ltr'>magis</span> <span class='ocrx_word' id='word_1_59' title='bbox 784 683 944 762; x_wconf 80' lang='lat' dir='ltr'>respexisse</span> <span class='ocrx_word' id='word_1_60' title='bbox 959 682 995 742; x_wconf 87' lang='lat' dir='ltr'>ad</span> <span class='ocrx_word' id='word_1_61' title='bbox 1010 682 1136 743; x_wconf 87' lang='lat' dir='ltr'>sormam</span> 
     </span>
     <span class='ocr_line' id='line_1_8' title="bbox 125 764 1137 843; baseline 0 -17"><span class='ocrx_word' id='word_1_62' title='bbox 125 767 366 838; x_wconf 77' lang='lat' dir='ltr'>substantialem,</span> <span class='ocrx_word' id='word_1_63' title='bbox 388 784 456 843; x_wconf 81' lang='lat' dir='ltr'>que</span> <span class='ocrx_word' id='word_1_64' title='bbox 480 774 526 826; x_wconf 86' lang='lat' dir='ltr'>est</span> <span class='ocrx_word' id='word_1_65' title='bbox 544 766 694 843; x_wconf 75' lang='lat' dir='ltr'>quantitas</span> <span class='ocrx_word' id='word_1_66' title='bbox 712 764 799 826; x_wconf 88' lang='lat' dir='ltr'>ollieii</span> <span class='ocrx_word' id='word_1_67' title='bbox 817 809 826 838; x_wconf 97' lang='lat'>,</span> <span class='ocrx_word' id='word_1_68' title='bbox 846 764 987 843; x_wconf 74' lang='lat' dir='ltr'>quemad</span> <span class='ocrx_word' id='word_1_69' title='bbox 1007 765 1137 826; x_wconf 89' lang='lat' dir='ltr'>aeeiden·</span> 
     </span>
     <span class='ocr_line' id='line_1_9' title="bbox 126 849 1136 929; baseline 0 -17"><span class='ocrx_word' id='word_1_70' title='bbox 126 853 229 924; x_wconf 83' lang='lat' dir='ltr'>talem,</span> <span class='ocrx_word' id='word_1_71' title='bbox 249 869 358 929; x_wconf 90' lang='lat' dir='ltr'>nempe</span> <span class='ocrx_word' id='word_1_72' title='bbox 371 850 408 911; x_wconf 86' lang='lat' dir='ltr'>ad</span> <span class='ocrx_word' id='word_1_73' title='bbox 423 851 503 911; x_wconf 89' lang='lat' dir='ltr'>illius</span> <span class='ocrx_word' id='word_1_74' title='bbox 516 853 710 929; x_wconf 75' lang='lat' dir='ltr'>qualitatem:</span> <span class='ocrx_word' id='word_1_75' title='bbox 727 859 758 910; x_wconf 87' lang='lat' dir='ltr'>et</span> <span class='ocrx_word' id='word_1_76' title='bbox 779 849 845 912; x_wconf 86' lang='lat' dir='ltr'>ideb</span> <span class='ocrx_word' id='word_1_77' title='bbox 864 852 1054 913; x_wconf 84' lang='lat' dir='ltr'>commutatio</span> <span class='ocrx_word' id='word_1_78' title='bbox 1075 869 1136 912; x_wconf 91' lang='lat' dir='ltr'>non</span> 
     </span>
     <span class='ocr_line' id='line_1_10' title="bbox 125 935 1136 1015; baseline -0.004 -17"><span class='ocrx_word' id='word_1_79' title='bbox 125 938 371 1015; x_wconf 88' lang='lat' dir='ltr'>videtureulpam</span> <span class='ocrx_word' id='word_1_80' title='bbox 396 937 543 998; x_wconf 86' lang='lat' dir='ltr'>venialem</span> <span class='ocrx_word' id='word_1_81' title='bbox 564 935 713 997; x_wconf 76' lang='lat' dir='ltr'>excedere.</span> <span class='ocrx_word' id='word_1_82' title='bbox 737 936 771 995; x_wconf 94' lang='lat' dir='ltr'>ld</span> <span class='ocrx_word' id='word_1_83' title='bbox 788 945 887 997; x_wconf 89' lang='lat' dir='ltr'>tamen</span> <span class='ocrx_word' id='word_1_84' title='bbox 907 937 1076 1015; x_wconf 81' lang='lat' dir='ltr'>frequenter</span> <span class='ocrx_word' id='word_1_85' title='bbox 1092 935 1136 994; x_wconf 89' lang='lat' dir='ltr'>fa-</span> 
     </span>
     <span class='ocr_line' id='line_1_11' title="bbox 125 1018 1136 1102; baseline -0.005 -18"><span class='ocrx_word' id='word_1_86' title='bbox 125 1041 191 1085; x_wconf 86' lang='lat' dir='ltr'>eere</span> <span class='ocrx_word' id='word_1_87' title='bbox 205 1031 280 1082; x_wconf 87' lang='lat' dir='ltr'>esset</span> <span class='ocrx_word' id='word_1_88' title='bbox 304 1022 438 1082; x_wconf 88' lang='lat' dir='ltr'>mortalis</span> <span class='ocrx_word' id='word_1_89' title='bbox 462 1020 572 1098; x_wconf 85' lang='lat' dir='ltr'>eulpa,</span> <span class='ocrx_word' id='word_1_90' title='bbox 593 1021 663 1100; x_wconf 91' lang='lat' dir='ltr'>quia</span> <span class='ocrx_word' id='word_1_91' title='bbox 688 1019 734 1098; x_wconf 81' lang='lat' dir='ltr'>(ut</span> <span class='ocrx_word' id='word_1_92' title='bbox 754 1019 836 1082; x_wconf 78' lang='lat' dir='ltr'>reetb</span> <span class='ocrx_word' id='word_1_93' title='bbox 857 1023 899 1081; x_wconf 86' lang='lat' dir='ltr'>alt</span> <span class='ocrx_word' id='word_1_94' title='bbox 919 1018 1038 1102; x_wconf 73' lang='lat' dir='ltr'>Lapat.)</span> <span class='ocrx_word' id='word_1_95' title='bbox 1061 1027 1136 1080; x_wconf 87' lang='lat' dir='ltr'>esset</span> 
     </span>
     <span class='ocr_line' id='line_1_12' title="bbox 126 1104 1133 1190; baseline -0.007 -20"><span class='ocrx_word' id='word_1_96' title='bbox 126 1110 276 1190; x_wconf 84' lang='lat' dir='ltr'>perversio</span> <span class='ocrx_word' id='word_1_97' title='bbox 297 1107 432 1182; x_wconf 82' lang='lat' dir='ltr'>ordinis3</span> <span class='ocrx_word' id='word_1_98' title='bbox 450 1114 480 1166; x_wconf 88' lang='lat' dir='ltr'>et</span> <span class='ocrx_word' id='word_1_99' title='bbox 500 1106 597 1185; x_wconf 78' lang='lat' dir='ltr'>gravis</span> <span class='ocrx_word' id='word_1_100' title='bbox 622 1105 759 1184; x_wconf 89' lang='lat' dir='ltr'>quidem,</span> <span class='ocrx_word' id='word_1_101' title='bbox 775 1107 801 1168; x_wconf 92' lang='lat' dir='ltr'>si</span> <span class='ocrx_word' id='word_1_102' title='bbox 813 1107 952 1186; x_wconf 86' lang='lat' dir='ltr'>frequens</span> <span class='ocrx_word' id='word_1_103' title='bbox 968 1115 1043 1168; x_wconf 84' lang='lat' dir='ltr'>esset</span> <span class='ocrx_word' id='word_1_104' title='bbox 1055 1104 1133 1184; x_wconf 86' lang='lat' dir='ltr'>(Lib.</span> 
     </span>
     <span class='ocr_line' id='line_1_13' title="bbox 126 1190 494 1267; baseline -0.022 -11"><span class='ocrx_word' id='word_1_105' title='bbox 126 1195 314 1256; x_wconf 66' lang='lat' dir='ltr'>entole.</span> <span class='ocrx_word' id='word_1_106' title='bbox 330 1192 389 1264; x_wconf 84' lang='lat' dir='ltr'>Qu.</span> <span class='ocrx_word' id='word_1_107' title='bbox 402 1190 494 1267; x_wconf 65' lang='lat' dir='ltr'>tlt).</span> 
     </span>
    </p>

    <p class='ocr_par' dir='ltr' id='par_1_3' title="bbox 121 1272 1138 2373">
     <span class='ocr_line' id='line_1_14' title="bbox 164 1272 1134 1355; baseline 0.003 -22"><span class='ocrx_word' id='word_1_108' title='bbox 164 1281 213 1338; x_wconf 87' lang='grc'><strong>71.</strong></span> <span class='ocrx_word' id='word_1_109' title='bbox 234 1309 272 1321; x_wconf 90' lang='lat'><em>-</em></span> <span class='ocrx_word' id='word_1_110' title='bbox 292 1275 343 1334; x_wconf 87' lang='lat' dir='ltr'>llis</span> <span class='ocrx_word' id='word_1_111' title='bbox 357 1274 484 1352; x_wconf 91' lang='lat' dir='ltr'>positis,</span> <span class='ocrx_word' id='word_1_112' title='bbox 509 1272 663 1352; x_wconf 85' lang='lat' dir='ltr'>probabile</span> <span class='ocrx_word' id='word_1_113' title='bbox 677 1282 722 1336; x_wconf 86' lang='lat' dir='ltr'>est</span> <span class='ocrx_word' id='word_1_114' title='bbox 744 1276 769 1336; x_wconf 91' lang='lat' dir='ltr'>l.</span> <span class='ocrx_word' id='word_1_115' title='bbox 791 1275 877 1349; x_wconf 78' lang='lat' dir='ltr'>Quod</span> <span class='ocrx_word' id='word_1_116' title='bbox 897 1276 922 1337; x_wconf 88' lang='lat' dir='ltr'>si</span> <span class='ocrx_word' id='word_1_117' title='bbox 942 1275 999 1337; x_wconf 85' lang='lat' dir='ltr'>alib</span> <span class='ocrx_word' id='word_1_118' title='bbox 1016 1277 1134 1355; x_wconf 73' lang='lat' dir='ltr'>pergis,</span> 
     </span>
     <span class='ocr_line' id='line_1_15' title="bbox 125 1360 1135 1444; baseline -0.002 -20"><span class='ocrx_word' id='word_1_119' title='bbox 125 1374 207 1444; x_wconf 90' lang='lat' dir='ltr'>potes</span> <span class='ocrx_word' id='word_1_120' title='bbox 229 1364 352 1423; x_wconf 84' lang='lat' dir='ltr'>recitare</span> <span class='ocrx_word' id='word_1_121' title='bbox 372 1361 502 1423; x_wconf 82' lang='lat' dir='ltr'>officium</span> <span class='ocrx_word' id='word_1_122' title='bbox 514 1360 594 1420; x_wconf 91' lang='lat' dir='ltr'>illius</span> <span class='ocrx_word' id='word_1_123' title='bbox 604 1361 682 1433; x_wconf 93' lang='lat' dir='ltr'>loei,</span> <span class='ocrx_word' id='word_1_124' title='bbox 700 1360 758 1422; x_wconf 89' lang='lat' dir='ltr'>nisi</span> <span class='ocrx_word' id='word_1_125' title='bbox 771 1361 861 1422; x_wconf 90' lang='lat' dir='ltr'>lueris</span> <span class='ocrx_word' id='word_1_126' title='bbox 876 1362 1050 1441; x_wconf 76' lang='lat' dir='ltr'>religiosus,</span> <span class='ocrx_word' id='word_1_127' title='bbox 1065 1363 1135 1441; x_wconf 88' lang='lat' dir='ltr'>quin</span> 
     </span>
     <span class='ocr_line' id='line_1_16' title="bbox 126 1444 1133 1526; baseline 0.001 -18"><span class='ocrx_word' id='word_1_128' title='bbox 126 1448 235 1509; x_wconf 78' lang='lat' dir='ltr'>teneris</span> <span class='ocrx_word' id='word_1_129' title='bbox 252 1457 323 1507; x_wconf 89' lang='lat' dir='ltr'>tune</span> <span class='ocrx_word' id='word_1_130' title='bbox 335 1446 460 1506; x_wconf 80' lang='lat' dir='ltr'>recitare</span> <span class='ocrx_word' id='word_1_131' title='bbox 473 1444 601 1505; x_wconf 84' lang='lat' dir='ltr'>officium</span> <span class='ocrx_word' id='word_1_132' title='bbox 614 1447 756 1506; x_wconf 89' lang='lat' dir='ltr'>Breviarii</span> <span class='ocrx_word' id='word_1_133' title='bbox 773 1445 816 1506; x_wconf 88' lang='lat' dir='ltr'>tui</span> <span class='ocrx_word' id='word_1_134' title='bbox 830 1446 962 1522; x_wconf 73' lang='lat' dir='ltr'>ordinis,</span> <span class='ocrx_word' id='word_1_135' title='bbox 976 1449 1014 1507; x_wconf 88' lang='lat' dir='ltr'>ita</span> <span class='ocrx_word' id='word_1_136' title='bbox 1028 1452 1133 1526; x_wconf 77' lang='lat' dir='ltr'>leym.</span> 
     </span>
     <span class='ocr_line' id='line_1_17' title="bbox 125 1527 1138 1609; baseline -0.003 -13"><span class='ocrx_word' id='word_1_137' title='bbox 125 1530 242 1596; x_wconf 80' lang='lat' dir='ltr'>Holzm.</span> <span class='ocrx_word' id='word_1_138' title='bbox 256 1535 370 1593; x_wconf 85' lang='lat' dir='ltr'>Bonae.</span> <span class='ocrx_word' id='word_1_139' title='bbox 386 1532 520 1609; x_wconf 82' lang='lat' dir='ltr'>Cestrop.</span> <span class='ocrx_word' id='word_1_140' title='bbox 532 1537 561 1590; x_wconf 88' lang='lat' dir='ltr'>et</span> <span class='ocrx_word' id='word_1_141' title='bbox 576 1527 643 1588; x_wconf 83' lang='lat' dir='ltr'>ulii.</span> <span class='ocrx_word' id='word_1_142' title='bbox 662 1533 701 1590; x_wconf 90' lang='lat' dir='ltr'>tl.</span> <span class='ocrx_word' id='word_1_143' title='bbox 722 1528 809 1603; x_wconf 85' lang='lat' dir='ltr'>Qubd</span> <span class='ocrx_word' id='word_1_144' title='bbox 833 1530 996 1608; x_wconf 87' lang='lat' dir='ltr'>capellani,</span> <span class='ocrx_word' id='word_1_145' title='bbox 1013 1540 1044 1592; x_wconf 89' lang='grc' dir='ltr'>ει</span> <span class='ocrx_word' id='word_1_146' title='bbox 1059 1551 1138 1593; x_wconf 84' lang='lat' dir='ltr'>eom·</span> 
     </span>
     <span class='ocr_line' id='line_1_18' title="bbox 124 1613 1137 1693; baseline 0 -16"><span class='ocrx_word' id='word_1_147' title='bbox 124 1615 266 1677; x_wconf 80' lang='lat' dir='ltr'>mensales</span> <span class='ocrx_word' id='word_1_148' title='bbox 283 1613 501 1684; x_wconf 81' lang='lat' dir='ltr'>cardinalium,</span> <span class='ocrx_word' id='word_1_149' title='bbox 521 1623 552 1673; x_wconf 88' lang='lat' dir='ltr'>et</span> <span class='ocrx_word' id='word_1_150' title='bbox 572 1615 783 1693; x_wconf 85' lang='lat' dir='ltr'>Episcoporum</span> <span class='ocrx_word' id='word_1_151' title='bbox 811 1623 934 1690; x_wconf 85' lang='lat' dir='ltr'>possunt</span> <span class='ocrx_word' id='word_1_152' title='bbox 952 1616 994 1676; x_wconf 89' lang='lat' dir='ltr'>eis</span> <span class='ocrx_word' id='word_1_153' title='bbox 1020 1617 1137 1690; x_wconf 81' lang='lat' dir='ltr'>eonfor-</span> 
     </span>
     <span class='ocr_line' id='line_1_19' title="bbox 124 1693 1134 1769; baseline -0.002 -9"><span class='ocrx_word' id='word_1_154' title='bbox 124 1700 200 1761; x_wconf 86' lang='lat' dir='ltr'>mari</span> <span class='ocrx_word' id='word_1_155' title='bbox 225 1700 258 1758; x_wconf 92' lang='lat' dir='ltr'>in</span> <span class='ocrx_word' id='word_1_156' title='bbox 283 1697 379 1758; x_wconf 82' lang='lat' dir='ltr'>officio</span> <span class='ocrx_word' id='word_1_157' title='bbox 406 1693 553 1759; x_wconf 66' lang='lat' dir='ltr'>zurtam.</span> <span class='ocrx_word' id='word_1_158' title='bbox 581 1715 649 1758; x_wconf 89' lang='lat' dir='ltr'>eum</span> <span class='ocrx_word' id='word_1_159' title='bbox 671 1698 840 1769; x_wconf 76' lang='lat' dir='ltr'>communi,</span> <span class='ocrx_word' id='word_1_160' title='bbox 859 1706 889 1759; x_wconf 88' lang='lat' dir='ltr'>et</span> <span class='ocrx_word' id='word_1_161' title='bbox 913 1699 1134 1762; x_wconf 69' lang='lat' dir='ltr'>decretusne.</span> 
     </span>
     <span class='ocr_line' id='line_1_20' title="bbox 123 1779 1135 1863; baseline -0.001 -17"><span class='ocrx_word' id='word_1_162' title='bbox 123 1787 266 1863; x_wconf 73' lang='lat' dir='ltr'>Congreg.</span> <span class='ocrx_word' id='word_1_163' title='bbox 297 1781 420 1842; x_wconf 73' lang='lat' dir='ltr'>{lituum</span> <span class='ocrx_word' id='word_1_164' title='bbox 438 1826 447 1854; x_wconf 93' lang='lat'>,</span> <span class='ocrx_word' id='word_1_165' title='bbox 472 1789 503 1842; x_wconf 86' lang='lat' dir='ltr'>et</span> <span class='ocrx_word' id='word_1_166' title='bbox 522 1779 610 1843; x_wconf 80' lang='lat' dir='ltr'>clem.</span> <span class='ocrx_word' id='word_1_167' title='bbox 635 1781 794 1862; x_wconf 72' lang='lat' dir='ltr'>utquam,</span> <span class='ocrx_word' id='word_1_168' title='bbox 815 1779 851 1842; x_wconf 87' lang='lat' dir='ltr'>de</span> <span class='ocrx_word' id='word_1_169' title='bbox 873 1779 972 1845; x_wconf 83' lang='lat' dir='ltr'>celebr.</span> <span class='ocrx_word' id='word_1_170' title='bbox 996 1784 1079 1845; x_wconf 81' lang='lat' dir='ltr'>mise.</span> <span class='ocrx_word' id='word_1_171' title='bbox 1097 1787 1135 1845; x_wconf 87' lang='lat' dir='ltr'>Et</span> 
     </span>
     <span class='ocr_line' id='line_1_21' title="bbox 124 1866 1134 1946; baseline 0.003 -18"><span class='ocrx_word' id='word_1_172' title='bbox 124 1869 206 1928; x_wconf 90' lang='lat' dir='ltr'>idem</span> <span class='ocrx_word' id='word_1_173' title='bbox 232 1869 337 1929; x_wconf 88' lang='lat' dir='ltr'>dieunt</span> <span class='ocrx_word' id='word_1_174' title='bbox 356 1868 421 1927; x_wconf 83' lang='lat' dir='ltr'>ob.</span> <span class='ocrx_word' id='word_1_175' title='bbox 439 1867 478 1927; x_wconf 90' lang='lat' dir='ltr'>de</span> <span class='ocrx_word' id='word_1_176' title='bbox 495 1867 653 1946; x_wconf 88' lang='lat' dir='ltr'>eapellanis</span> <span class='ocrx_word' id='word_1_177' title='bbox 679 1867 854 1928; x_wconf 87' lang='lat' dir='ltr'>monialium</span> <span class='ocrx_word' id='word_1_178' title='bbox 881 1867 993 1942; x_wconf 75' lang='lat' dir='ltr'>crota,</span> <span class='ocrx_word' id='word_1_179' title='bbox 1012 1866 1134 1931; x_wconf 71' lang='lat' dir='ltr'>Helena.</span> 
     </span>
     <span class='ocr_line' id='line_1_22' title="bbox 124 1952 1135 2033; baseline -0.005 -13"><span class='ocrx_word' id='word_1_180' title='bbox 124 1953 198 2020; x_wconf 87' lang='lat' dir='ltr'>Gob.</span> <span class='ocrx_word' id='word_1_181' title='bbox 220 1955 313 2026; x_wconf 77' lang='lat' dir='ltr'>Stoa,</span> <span class='ocrx_word' id='word_1_182' title='bbox 333 1961 411 2027; x_wconf 76' lang='lat' dir='ltr'>ete,</span> <span class='ocrx_word' id='word_1_183' title='bbox 430 1953 517 2014; x_wconf 85' lang='lat' dir='ltr'>etde</span> <span class='ocrx_word' id='word_1_184' title='bbox 537 1953 574 2014; x_wconf 89' lang='lat' dir='ltr'>iis</span> <span class='ocrx_word' id='word_1_185' title='bbox 592 1953 644 2031; x_wconf 91' lang='lat' dir='ltr'>qni</span> <span class='ocrx_word' id='word_1_186' title='bbox 671 1952 783 2015; x_wconf 90' lang='lat' dir='ltr'>obeunt</span> <span class='ocrx_word' id='word_1_187' title='bbox 810 1953 947 2031; x_wconf 83' lang='lat' dir='ltr'>exercitia</span> <span class='ocrx_word' id='word_1_188' title='bbox 970 1955 1135 2033; x_wconf 78' lang='lat' dir='ltr'>spiritualia</span> 
     </span>
     <span class='ocr_line' id='line_1_23' title="bbox 123 2037 1135 2120; baseline 0.001 -20"><span class='ocrx_word' id='word_1_189' title='bbox 123 2040 200 2120; x_wconf 87' lang='lat' dir='ltr'>apud</span> <span class='ocrx_word' id='word_1_190' title='bbox 226 2041 397 2117; x_wconf 82' lang='lat' dir='ltr'>religiosos,</span> <span class='ocrx_word' id='word_1_191' title='bbox 423 2041 530 2117; x_wconf 82' lang='lat' dir='ltr'>Luym.</span> <span class='ocrx_word' id='word_1_192' title='bbox 554 2046 583 2097; x_wconf 86' lang='lat' dir='ltr'>et</span> <span class='ocrx_word' id='word_1_193' title='bbox 606 2037 681 2101; x_wconf 74' lang='lat' dir='ltr'>(iob.</span> <span class='ocrx_word' id='word_1_194' title='bbox 706 2042 760 2099; x_wconf 90' lang='lat' dir='ltr'>lll.</span> <span class='ocrx_word' id='word_1_195' title='bbox 787 2038 873 2111; x_wconf 80' lang='lat' dir='ltr'>Quod</span> <span class='ocrx_word' id='word_1_196' title='bbox 893 2040 984 2116; x_wconf 93' lang='lat' dir='ltr'>possis</span> <span class='ocrx_word' id='word_1_197' title='bbox 1007 2041 1135 2101; x_wconf 83' lang='lat' dir='ltr'>recitare</span> 
     </span>
     <span class='ocr_line' id='line_1_24' title="bbox 123 2119 1135 2201; baseline 0.001 -16"><span class='ocrx_word' id='word_1_198' title='bbox 123 2125 255 2185; x_wconf 83' lang='lat' dir='ltr'>ollieium</span> <span class='ocrx_word' id='word_1_199' title='bbox 278 2124 371 2199; x_wconf 80' lang='lat' dir='ltr'>soeii3</span> <span class='ocrx_word' id='word_1_200' title='bbox 393 2125 462 2201; x_wconf 90' lang='lat' dir='ltr'>quin</span> <span class='ocrx_word' id='word_1_201' title='bbox 479 2124 541 2201; x_wconf 91' lang='lat' dir='ltr'>ipsa</span> <span class='ocrx_word' id='word_1_202' title='bbox 557 2122 709 2183; x_wconf 82' lang='lat' dir='ltr'>associatio</span> <span class='ocrx_word' id='word_1_203' title='bbox 729 2132 870 2193; x_wconf 85' lang='lat' dir='ltr'>excusat,</span> <span class='ocrx_word' id='word_1_204' title='bbox 893 2119 981 2183; x_wconf 79' lang='lat' dir='ltr'>modo</span> <span class='ocrx_word' id='word_1_205' title='bbox 1001 2122 1135 2185; x_wconf 84' lang='lat' dir='ltr'>officium</span> 
     </span>
     <span class='ocr_line' id='line_1_25' title="bbox 123 2204 1132 2285; baseline -0.001 -15"><span class='ocrx_word' id='word_1_206' title='bbox 123 2228 184 2270; x_wconf 92' lang='lat' dir='ltr'>non</span> <span class='ocrx_word' id='word_1_207' title='bbox 197 2212 236 2270; x_wconf 91' lang='lat' dir='ltr'>sit</span> <span class='ocrx_word' id='word_1_208' title='bbox 248 2209 419 2269; x_wconf 90' lang='lat' dir='ltr'>notabiliter</span> <span class='ocrx_word' id='word_1_209' title='bbox 431 2208 570 2280; x_wconf 79' lang='lat' dir='ltr'>breuius,</span> <span class='ocrx_word' id='word_1_210' title='bbox 592 2206 686 2278; x_wconf 82' lang='lat' dir='ltr'>Viuo,</span> <span class='ocrx_word' id='word_1_211' title='bbox 701 2210 791 2269; x_wconf 83' lang='lat' dir='ltr'>Rene.</span> <span class='ocrx_word' id='word_1_212' title='bbox 805 2205 930 2285; x_wconf 83' lang='lat' dir='ltr'>Heariq.</span> <span class='ocrx_word' id='word_1_213' title='bbox 943 2204 1132 2282; x_wconf 71' lang='lat' dir='ltr'>Quintuood</span> 
     </span>
     <span class='ocr_line' id='line_1_26' title="bbox 121 2291 883 2373; baseline -0.009 -15"><span class='ocrx_word' id='word_1_214' title='bbox 121 2303 150 2358; x_wconf 85' lang='lat' dir='ltr'>et</span> <span class='ocrx_word' id='word_1_215' title='bbox 162 2292 219 2356; x_wconf 81' lang='lat' dir='ltr'>olii</span> <span class='ocrx_word' id='word_1_216' title='bbox 228 2294 304 2373; x_wconf 75' lang='lat' dir='ltr'>(tio.</span> <span class='ocrx_word' id='word_1_217' title='bbox 315 2297 345 2354; x_wconf 75' lang='lat'>5.</span> <span class='ocrx_word' id='word_1_218' title='bbox 356 2292 431 2354; x_wconf 85' lang='lat' dir='ltr'>dieto</span> <span class='ocrx_word' id='word_1_219' title='bbox 441 2312 473 2354; x_wconf 86' lang='lat' dir='ltr'>n.</span> <span class='ocrx_word' id='word_1_220' title='bbox 486 2296 554 2354; x_wconf 88' lang='grc'><strong>161.</strong></span> <span class='ocrx_word' id='word_1_221' title='bbox 570 2310 645 2354; x_wconf 85' lang='lat' dir='ltr'>uere.</span> <span class='ocrx_word' id='word_1_222' title='bbox 661 2294 748 2353; x_wconf 83' lang='lat' dir='ltr'>Juxta</span> <span class='ocrx_word' id='word_1_223' title='bbox 760 2291 883 2371; x_wconf 72' lang='lat' dir='ltr'>eumue).</span> 
     </span>
    </p>

    <p class='ocr_par' dir='ltr' id='par_1_4' title="bbox 120 2375 1134 3045">
     <span class='ocr_line' id='line_1_27' title="bbox 161 2375 1134 2457; baseline 0.001 -19"><span class='ocrx_word' id='word_1_224' title='bbox 161 2378 301 2438; x_wconf 73' lang='grc' dir='ltr'><strong>71.-εῑ</strong></span> <span class='ocrx_word' id='word_1_225' title='bbox 315 2378 382 2454; x_wconf 89' lang='lat' dir='ltr'>quis</span> <span class='ocrx_word' id='word_1_226' title='bbox 394 2376 521 2437; x_wconf 88' lang='lat' dir='ltr'>advertit</span> <span class='ocrx_word' id='word_1_227' title='bbox 542 2396 573 2439; x_wconf 88' lang='lat' dir='ltr'>se</span> <span class='ocrx_word' id='word_1_228' title='bbox 594 2392 728 2452; x_wconf 87' lang='lat' dir='ltr'>errasse,</span> <span class='ocrx_word' id='word_1_229' title='bbox 749 2377 906 2457; x_wconf 75' lang='lat' dir='ltr'>postquem</span> <span class='ocrx_word' id='word_1_230' title='bbox 921 2375 1049 2439; x_wconf 73' lang='lat' dir='ltr'>multllm</span> <span class='ocrx_word' id='word_1_231' title='bbox 1062 2394 1134 2455; x_wconf 90' lang='lat' dir='ltr'>pro·</span> 
     </span>
     <span class='ocr_line' id='line_1_28' title="bbox 121 2460 1134 2541; baseline -0.004 -16"><span class='ocrx_word' id='word_1_232' title='bbox 121 2462 206 2525; x_wconf 79' lang='lat' dir='ltr'>cessit</span> <span class='ocrx_word' id='word_1_233' title='bbox 226 2461 258 2520; x_wconf 90' lang='lat' dir='ltr'>in</span> <span class='ocrx_word' id='word_1_234' title='bbox 289 2460 385 2519; x_wconf 81' lang='lat' dir='ltr'>officio</span> <span class='ocrx_word' id='word_1_235' title='bbox 414 2461 574 2534; x_wconf 92' lang='lat' dir='ltr'>indebito,</span> <span class='ocrx_word' id='word_1_236' title='bbox 600 2471 695 2541; x_wconf 85' lang='lat' dir='ltr'>potest</span> <span class='ocrx_word' id='word_1_237' title='bbox 719 2462 766 2522; x_wconf 87' lang='lat' dir='ltr'>vel</span> <span class='ocrx_word' id='word_1_238' title='bbox 786 2462 948 2539; x_wconf 89' lang='lat' dir='ltr'>prosequi,</span> <span class='ocrx_word' id='word_1_239' title='bbox 984 2462 1032 2525; x_wconf 89' lang='lat' dir='ltr'>vel</span> <span class='ocrx_word' id='word_1_240' title='bbox 1057 2464 1134 2523; x_wconf 86' lang='lat' dir='ltr'>reei-</span> 
     </span>
     <span class='ocr_line' id='line_1_29' title="bbox 121 2545 1133 2626; baseline 0 -16"><span class='ocrx_word' id='word_1_241' title='bbox 121 2558 184 2610; x_wconf 89' lang='lat' dir='ltr'>tare</span> <span class='ocrx_word' id='word_1_242' title='bbox 207 2546 357 2623; x_wconf 84' lang='lat' dir='ltr'>reliquum</span> <span class='ocrx_word' id='word_1_243' title='bbox 393 2545 431 2607; x_wconf 92' lang='lat' dir='ltr'>de</span> <span class='ocrx_word' id='word_1_244' title='bbox 454 2550 576 2626; x_wconf 87' lang='lat' dir='ltr'>proprio</span> <span class='ocrx_word' id='word_1_245' title='bbox 599 2590 608 2619; x_wconf 93' lang='lat'>,</span> <span class='ocrx_word' id='word_1_246' title='bbox 634 2547 685 2607; x_wconf 89' lang='lat' dir='ltr'>sed</span> <span class='ocrx_word' id='word_1_247' title='bbox 717 2545 822 2606; x_wconf 80' lang='lat' dir='ltr'>melius</span> <span class='ocrx_word' id='word_1_248' title='bbox 852 2546 912 2605; x_wconf 88' lang='lat' dir='ltr'>erit</span> <span class='ocrx_word' id='word_1_249' title='bbox 940 2547 1065 2626; x_wconf 85' lang='lat' dir='ltr'>recitare</span> <span class='ocrx_word' id='word_1_250' title='bbox 1093 2548 1133 2610; x_wconf 88' lang='lat' dir='ltr'>de</span> 
     </span>
     <span class='ocr_line' id='line_1_30' title="bbox 121 2628 1133 2714; baseline -0.002 -21"><span class='ocrx_word' id='word_1_251' title='bbox 121 2632 263 2714; x_wconf 82' lang='lat' dir='ltr'>propri03</span> <span class='ocrx_word' id='word_1_252' title='bbox 284 2631 342 2692; x_wconf 89' lang='lat' dir='ltr'>nisi</span> <span class='ocrx_word' id='word_1_253' title='bbox 359 2632 450 2693; x_wconf 84' lang='lat' dir='ltr'>vellet</span> <span class='ocrx_word' id='word_1_254' title='bbox 477 2633 533 2693; x_wconf 84' lang='lat' dir='ltr'>alid</span> <span class='ocrx_word' id='word_1_255' title='bbox 551 2633 600 2693; x_wconf 92' lang='lat' dir='ltr'>dle</span> <span class='ocrx_word' id='word_1_256' title='bbox 622 2650 683 2691; x_wconf 94' lang='lat' dir='ltr'>non</span> <span class='ocrx_word' id='word_1_257' title='bbox 715 2630 857 2709; x_wconf 73' lang='lat' dir='ltr'>impedite</span> <span class='ocrx_word' id='word_1_258' title='bbox 881 2628 1011 2692; x_wconf 87' lang='lat' dir='ltr'>officium</span> <span class='ocrx_word' id='word_1_259' title='bbox 1033 2631 1133 2699; x_wconf 86' lang='lat' dir='ltr'>dicere</span> 
     </span>
     <span class='ocr_line' id='line_1_31' title="bbox 120 2714 1131 2795; baseline -0.003 -15"><span class='ocrx_word' id='word_1_260' title='bbox 120 2720 158 2781; x_wconf 91' lang='lat' dir='ltr'>de</span> <span class='ocrx_word' id='word_1_261' title='bbox 172 2720 277 2777; x_wconf 86' lang='lat' dir='ltr'>Sancto</span> <span class='ocrx_word' id='word_1_262' title='bbox 296 2715 371 2794; x_wconf 85' lang='lat' dir='ltr'>illo;</span> <span class='ocrx_word' id='word_1_263' title='bbox 393 2717 473 2795; x_wconf 92' lang='lat' dir='ltr'>quod</span> <span class='ocrx_word' id='word_1_264' title='bbox 486 2718 557 2777; x_wconf 88' lang='lat' dir='ltr'>satis</span> <span class='ocrx_word' id='word_1_265' title='bbox 573 2714 765 2795; x_wconf 87' lang='lat' dir='ltr'>probabiliter</span> <span class='ocrx_word' id='word_1_266' title='bbox 783 2714 944 2777; x_wconf 87' lang='lat' dir='ltr'>admittunt</span> <span class='ocrx_word' id='word_1_267' title='bbox 952 2716 1052 2793; x_wconf 87' lang='lat' dir='ltr'>plures</span> <span class='ocrx_word' id='word_1_268' title='bbox 1062 2718 1131 2785; x_wconf 87' lang='lat' dir='ltr'>DD.</span> 
     </span>
     <span class='ocr_line' id='line_1_32' title="bbox 121 2798 1132 2882; baseline 0 -19"><span class='ocrx_word' id='word_1_269' title='bbox 121 2801 153 2882; x_wconf 82' lang='lat' dir='ltr'>(l.</span> <span class='ocrx_word' id='word_1_270' title='bbox 169 2804 218 2863; x_wconf 82' lang='lat' dir='ltr'>eit.</span> <span class='ocrx_word' id='word_1_271' title='bbox 239 2817 273 2858; x_wconf 82' lang='lat' dir='ltr'>u.</span> <span class='ocrx_word' id='word_1_272' title='bbox 290 2799 358 2857; x_wconf 87' lang='grc'><strong>161.</strong></span> <span class='ocrx_word' id='word_1_273' title='bbox 380 2801 439 2872; x_wconf 81' lang='lat' dir='ltr'>Qu.</span> <span class='ocrx_word' id='word_1_274' title='bbox 467 2800 528 2877; x_wconf 61' lang='lat' dir='ltr'>tt).</span> <span class='ocrx_word' id='word_1_275' title='bbox 550 2804 593 2859; x_wconf 83' lang='lat' dir='ltr'>Ex</span> <span class='ocrx_word' id='word_1_276' title='bbox 614 2798 828 2861; x_wconf 84' lang='lat' dir='ltr'>consuetudine</span> <span class='ocrx_word' id='word_1_277' title='bbox 846 2807 945 2858; x_wconf 89' lang='lat' dir='ltr'>autem</span> <span class='ocrx_word' id='word_1_278' title='bbox 962 2800 1132 2863; x_wconf 82' lang='lat' dir='ltr'>inuodueta</span> 
     </span>
     <span class='ocr_line' id='line_1_33' title="bbox 120 2882 1132 2967; baseline -0.004 -20"><span class='ocrx_word' id='word_1_279' title='bbox 120 2887 217 2967; x_wconf 82' lang='lat' dir='ltr'>gravis</span> <span class='ocrx_word' id='word_1_280' title='bbox 229 2891 273 2945; x_wconf 87' lang='lat' dir='ltr'>est</span> <span class='ocrx_word' id='word_1_281' title='bbox 286 2882 426 2961; x_wconf 83' lang='lat' dir='ltr'>obligatio</span> <span class='ocrx_word' id='word_1_282' title='bbox 448 2883 592 2942; x_wconf 83' lang='lat' dir='ltr'>recitandi</span> <span class='ocrx_word' id='word_1_283' title='bbox 608 2884 737 2942; x_wconf 88' lang='lat' dir='ltr'>Litanias</span> <span class='ocrx_word' id='word_1_284' title='bbox 750 2884 779 2941; x_wconf 91' lang='lat' dir='ltr'>S.</span> <span class='ocrx_word' id='word_1_285' title='bbox 794 2882 883 2943; x_wconf 82' lang='lat' dir='ltr'>Marci</span> <span class='ocrx_word' id='word_1_286' title='bbox 895 2926 903 2953; x_wconf 94' lang='lat'>,</span> <span class='ocrx_word' id='word_1_287' title='bbox 916 2884 1132 2959; x_wconf 82' lang='lat' dir='ltr'>Rogationem,</span> 
     </span>
     <span class='ocr_line' id='line_1_34' title="bbox 120 2964 1131 3045; baseline 0.002 -14"><span class='ocrx_word' id='word_1_288' title='bbox 120 2992 154 3033; x_wconf 86' lang='lat' dir='ltr'>ae</span> <span class='ocrx_word' id='word_1_289' title='bbox 179 2970 308 3033; x_wconf 83' lang='lat' dir='ltr'>officium</span> <span class='ocrx_word' id='word_1_290' title='bbox 332 2967 540 3031; x_wconf 80' lang='lat' dir='ltr'>detunctorum</span> <span class='ocrx_word' id='word_1_291' title='bbox 559 2966 650 3029; x_wconf 87' lang='lat' dir='ltr'>etiam</span> <span class='ocrx_word' id='word_1_292' title='bbox 675 2967 707 3027; x_wconf 90' lang='lat' dir='ltr'>in</span> <span class='ocrx_word' id='word_1_293' title='bbox 726 2966 842 3045; x_wconf 88' lang='lat' dir='ltr'>privato</span> <span class='ocrx_word' id='word_1_294' title='bbox 863 2964 941 3043; x_wconf 82' lang='lat' dir='ltr'>(Lib.</span> <span class='ocrx_word' id='word_1_295' title='bbox 959 2967 987 3025; x_wconf 80' lang='grc'>6.</span> <span class='ocrx_word' id='word_1_296' title='bbox 1009 2984 1042 3025; x_wconf 83' lang='lat' dir='ltr'>rt.</span> <span class='ocrx_word' id='word_1_297' title='bbox 1059 2969 1131 3037; x_wconf 92' lang='grc'><strong>161.</strong></span> 
     </span>
    </p>

    <p class='ocr_par' dir='ltr' id='par_1_5' title="bbox 151 3056 603 3117">
     <span class='ocr_line' id='line_1_35' title="bbox 151 3056 603 3117; baseline -0.015 -2"><span class='ocrx_word' id='word_1_298' title='bbox 151 3077 180 3115; x_wconf 80' lang='grc' dir='ltr'>ιι.</span> <span class='ocrx_word' id='word_1_299' title='bbox 194 3059 223 3116; x_wconf 90' lang='grc'><strong>1.</strong></span> <span class='ocrx_word' id='word_1_300' title='bbox 237 3064 265 3117; x_wconf 87' lang='lat' dir='ltr'>el</span> <span class='ocrx_word' id='word_1_301' title='bbox 278 3056 348 3115; x_wconf 85' lang='lat'><em>11..</em></span> <span class='ocrx_word' id='word_1_302' title='bbox 600 3101 603 3108; x_wconf 90' lang='lat'><em>.</em></span> 
     </span>
    </p>

    <p class='ocr_par' dir='ltr' id='par_1_6' title="bbox 62 3051 1130 3471">
     <span class='ocr_line' id='line_1_36' title="bbox 62 3051 1128 3217; baseline 0.004 -20"><span class='ocrx_word' id='word_1_303' title='bbox 62 3152 65 3158; x_wconf 88' lang='lat'>·</span> <span class='ocrx_word' id='word_1_304' title='bbox 122 3058 208 3198; x_wconf 73' lang='lat' dir='ltr'><strong><em>Q75.</em></strong></span> <span class='ocrx_word' id='word_1_305' title='bbox 227 3173 267 3184; x_wconf 89' lang='lat'>-</span> <span class='ocrx_word' id='word_1_306' title='bbox 291 3051 412 3216; x_wconf 55' lang='lat' dir='ltr'>quuir.</span> <span class='ocrx_word' id='word_1_307' title='bbox 435 3138 472 3198; x_wconf 92' lang='lat' dir='ltr'>ll.</span> <span class='ocrx_word' id='word_1_308' title='bbox 496 3134 709 3199; x_wconf 80' lang='lat' dir='ltr'>Pronuntiott‘o</span> <span class='ocrx_word' id='word_1_309' title='bbox 728 3132 847 3197; x_wconf 79' lang='lat' dir='ltr'>voculis.</span> <span class='ocrx_word' id='word_1_310' title='bbox 873 3134 926 3197; x_wconf 88' lang='lat' dir='ltr'>llio</span> <span class='ocrx_word' id='word_1_311' title='bbox 951 3134 1128 3217; x_wconf 82' lang='lat' dir='ltr'>dubitatur,</span> 
     </span>
     <span class='ocr_line' id='line_1_37' title="bbox 121 3221 1130 3299; baseline 0.009 -21"><span class='ocrx_word' id='word_1_312' title='bbox 121 3239 154 3279; x_wconf 85' lang='lat' dir='ltr'>ae</span> <span class='ocrx_word' id='word_1_313' title='bbox 165 3222 291 3282; x_wconf 79' lang='lat' dir='ltr'>recitans</span> <span class='ocrx_word' id='word_1_314' title='bbox 305 3224 409 3284; x_wconf 79' lang='lat' dir='ltr'>debmt</span> <span class='ocrx_word' id='word_1_315' title='bbox 421 3240 452 3283; x_wconf 89' lang='lat' dir='ltr'>se</span> <span class='ocrx_word' id='word_1_316' title='bbox 468 3221 598 3283; x_wconf 82' lang='lat' dir='ltr'>audiret</span> <span class='ocrx_word' id='word_1_317' title='bbox 617 3222 676 3281; x_wconf 80' lang='lat' dir='ltr'>Alii</span> <span class='ocrx_word' id='word_1_318' title='bbox 689 3221 839 3283; x_wconf 84' lang='lat' dir='ltr'>affirmant</span> <span class='ocrx_word' id='word_1_319' title='bbox 849 3266 860 3299; x_wconf 91' lang='lat'>,</span> <span class='ocrx_word' id='word_1_320' title='bbox 878 3221 928 3281; x_wconf 86' lang='lat' dir='ltr'>alii</span> <span class='ocrx_word' id='word_1_321' title='bbox 947 3228 1045 3284; x_wconf 88' lang='lat' dir='ltr'>tamen</span> <span class='ocrx_word' id='word_1_322' title='bbox 1068 3244 1130 3289; x_wconf 92' lang='lat' dir='ltr'>non</span> 
     </span>
     <span class='ocr_line' id='line_1_38' title="bbox 119 3302 1128 3387; baseline 0.012 -26"><span class='ocrx_word' id='word_1_323' title='bbox 119 3302 353 3379; x_wconf 87' lang='lat' dir='ltr'>improbabiliter</span> <span class='ocrx_word' id='word_1_324' title='bbox 363 3316 489 3387; x_wconf 82' lang='lat' dir='ltr'>negant,</span> <span class='ocrx_word' id='word_1_325' title='bbox 502 3315 537 3375; x_wconf 86' lang='lat' dir='ltr'>ut</span> <span class='ocrx_word' id='word_1_326' title='bbox 548 3306 733 3368; x_wconf 83' lang='lat' dir='ltr'>doctissimus</span> <span class='ocrx_word' id='word_1_327' title='bbox 745 3302 885 3385; x_wconf 77' lang='lat' dir='ltr'>Splot&#39;tm,</span> <span class='ocrx_word' id='word_1_328' title='bbox 900 3308 1010 3367; x_wconf 84' lang='lat' dir='ltr'>Touro.</span> <span class='ocrx_word' id='word_1_329' title='bbox 1021 3310 1128 3387; x_wconf 76' lang='lat' dir='ltr'>Lapat.</span> 
     </span>
     <span class='ocr_line' id='line_1_39' title="bbox 120 3384 1129 3471; baseline 0.018 -32"><span class='ocrx_word' id='word_1_330' title='bbox 120 3385 199 3443; x_wconf 75' lang='lat' dir='ltr'>tzor</span> <span class='ocrx_word' id='word_1_331' title='bbox 211 3425 219 3454; x_wconf 95' lang='lat'>,</span> <span class='ocrx_word' id='word_1_332' title='bbox 233 3384 320 3460; x_wconf 86' lang='lat' dir='ltr'>Sper.</span> <span class='ocrx_word' id='word_1_333' title='bbox 337 3386 431 3451; x_wconf 80' lang='lat' dir='ltr'>sulm.</span> <span class='ocrx_word' id='word_1_334' title='bbox 458 3390 648 3454; x_wconf 74' lang='lat' dir='ltr'>amttam.</span> <span class='ocrx_word' id='word_1_335' title='bbox 672 3399 699 3452; x_wconf 88' lang='lat' dir='ltr'>et</span> <span class='ocrx_word' id='word_1_336' title='bbox 720 3388 798 3471; x_wconf 76' lang='lat' dir='ltr'>olii,</span> <span class='ocrx_word' id='word_1_337' title='bbox 821 3392 891 3471; x_wconf 87' lang='lat' dir='ltr'>quia</span> <span class='ocrx_word' id='word_1_338' title='bbox 909 3390 940 3450; x_wconf 93' lang='lat' dir='ltr'>in</span> <span class='ocrx_word' id='word_1_339' title='bbox 957 3392 1129 3457; x_wconf 80' lang='lat' dir='ltr'>recitatione</span> 
     </span>
    </p>
   </div>
   <div class='ocr_carea' id='block_1_3' title="bbox 119 3466 1128 3643">
    <p class='ocr_par' dir='ltr' id='par_1_7' title="bbox 119 3466 1128 3643">
     <span class='ocr_line' id='line_1_40' title="bbox 120 3466 1128 3555; baseline 0.024 -35"><span class='ocrx_word' id='word_1_340' title='bbox 120 3466 207 3524; x_wconf 84' lang='lat' dir='ltr'>officii</span> <span class='ocrx_word' id='word_1_341' title='bbox 228 3482 289 3523; x_wconf 93' lang='lat' dir='ltr'>non</span> <span class='ocrx_word' id='word_1_342' title='bbox 304 3466 427 3540; x_wconf 88' lang='lat' dir='ltr'>jubetur</span> <span class='ocrx_word' id='word_1_343' title='bbox 450 3476 585 3550; x_wconf 87' lang='lat' dir='ltr'>auditio,</span> <span class='ocrx_word' id='word_1_344' title='bbox 602 3478 653 3539; x_wconf 92' lang='lat' dir='ltr'>sed</span> <span class='ocrx_word' id='word_1_345' title='bbox 675 3476 897 3555; x_wconf 88' lang='lat' dir='ltr'>pronuntiatio,</span> <span class='ocrx_word' id='word_1_346' title='bbox 915 3477 1051 3555; x_wconf 89' lang='lat' dir='ltr'>adquam</span> <span class='ocrx_word' id='word_1_347' title='bbox 1066 3498 1128 3544; x_wconf 83' lang='lat' dir='ltr'>nou</span> 
     </span>
     <span class='ocr_line' id='line_1_41' title="bbox 119 3547 1128 3643; baseline 0.027 -47"><span class='ocrx_word' id='word_1_348' title='bbox 119 3552 235 3615; x_wconf 85' lang='lat' dir='ltr'>oportet</span> <span class='ocrx_word' id='word_1_349' title='bbox 253 3547 366 3611; x_wconf 76' lang='lat' dir='ltr'>eleuare</span> <span class='ocrx_word' id='word_1_350' title='bbox 385 3568 489 3617; x_wconf 83' lang='lat' dir='ltr'>vocem</span> <span class='ocrx_word' id='word_1_351' title='bbox 502 3566 516 3632; x_wconf 89' lang='lat'>,&#39;</span> <span class='ocrx_word' id='word_1_352' title='bbox 538 3561 590 3623; x_wconf 86' lang='lat' dir='ltr'>sed</span> <span class='ocrx_word' id='word_1_353' title='bbox 610 3561 719 3625; x_wconf 83' lang='lat' dir='ltr'>suffieit</span> <span class='ocrx_word' id='word_1_354' title='bbox 737 3563 866 3625; x_wconf 80' lang='lat' dir='ltr'>formare</span> <span class='ocrx_word' id='word_1_355' title='bbox 883 3562 1010 3643; x_wconf 86' lang='lat' dir='ltr'>aliquem</span> <span class='ocrx_word' id='word_1_356' title='bbox 1031 3572 1128 3627; x_wconf 81' lang='lat' dir='ltr'>euter-</span> 
     </span>
    </p>
   </div>
   <div class='ocr_carea' id='block_1_4' title="bbox 0 0 1242 3975">
    <p class='ocr_par' dir='ltr' id='par_1_8' title="bbox 0 0 1242 3975">
     <span class='ocr_line' id='line_1_42' title="bbox 0 0 1242 3975; baseline 0 1"><span class='ocrx_word' id='word_1_357' title='bbox 0 0 1242 3975; x_wconf 95' lang='lat' dir='ltr'> </span> 
     </span>
    </p>
   </div>
  </div>
 </body>
</html>
