2475 3975
123 128 184 189 tot
311 132 451 213 Epitome
464 135 605 203 doetrim
619 138 741 209 ororalt'a
754 154 783 209 el
797 156 944 219 coaortiece

123 229 240 300 mimo,
263 248 391 310 quarum
412 238 600 303 celebrationi
623 245 769 325 Ecclesia,
793 261 850 315 etc.
872 272 926 333 per
948 269 1141 333 contractum

121 329 185 373 sese
205 313 385 392 obstrinxit,
405 320 461 383 boc
481 326 562 386 eninr
583 338 705 392 cavatur
723 338 864 413 expressis
887 343 985 406 verbis
1004 348 1038 411 in
1056 371 1141 431 pran-

121 400 282 460 memorati
294 404 518 469 Constitutione.
537 410 613 472 ibid.
631 433 664 476 n.
681 418 732 478 ib.
1216 444 1217 513 j

158 484 189 545 st
214 493 335 549 testator
358 492 460 552 missas
478 494 591 575 aliquot
614 518 728 564 annuas
746 524 800 583 pra
820 528 852 572 se
873 514 1029 595 reliquerit
1055 528 1138 591 ccle-
1216 524 1217 559 ³

119 563 264 643 tundis,
277 581 308 631 et
321 574 353 634 in
369 593 438 637 eom
458 577 550 641 linem
562 580 644 645 bunc
661 589 707 648 vel
725 591 810 653 illurn
823 595 949 662 lundum
962 606 1133 690 addixerit,
1216 650 1217 661 ι

119 660 150 713 ct
172 654 281 714 lundus
305 658 356 719 ille
378 661 583 742 diminuatur,
606 680 722 737 utnon
747 678 872 741 sufficiat
894 685 930 746 ad
957 708 1133 763 consuetam

119 738 214 798 ruisse
225 740 461 823 eleemosynam,
476 763 594 815 nonest
611 756 694 821 locus
709 762 894 846 reductioni,
912 774 963 834 sed
981 785 1133 857 cogendus

118 828 162 881 eat
176 820 290 897 horas,
306 835 340 887 ut
352 831 487 909 suppleat
500 839 581 914 quod
598 840 698 920 deest3
708 852 897 924 praesumitur
912 859 990 921 enirn
1005 871 1133 931 testator
1216 874 1217 909 ι

116 924 234 987 semper
252 914 380 977 voluisse
390 916 471 981 bunc
484 921 639 989 missarum
654 950 813 995 numerum
828 938 860 1000 in
876 942 1005 1009 savorem
1019 954 1131 1018 animae
1216 984 1217 1027 t

115 1010 187 1054 sure.
210 996 303 1061 Porrb
323 1003 348 1063 si
372 1006 462 1067 verba
483 1009 683 1088 dispositionis
705 1020 848 1097 incipiant
874 1027 912 1087 ab
938 1033 1130 1111 impositione
1216 1036 1217 1065 ¹

116 1080 234 1154 oneris,
252 1092 282 1143 et
299 1097 398 1163 postea
420 1090 596 1157 descendant
610 1100 647 1159 ad
665 1104 872 1183 assignandum
887 1113 1032 1196 fundum,
1053 1134 1129 1189 tunc

116 1164 220 1243 utique
230 1167 297 1230 crim
309 1174 450 1249 particula
463 1179 517 1239 ista
527 1182 565 1241 sit
576 1182 803 1251 demonstrativa
814 1237 822 1264 ‚
835 1196 943 1259 fundus
953 1204 977 1263 si
987 1205 1125 1285 deficiat,

114 1252 296 1330 supplendus
315 1270 358 1319 cst
378 1261 416 1322 ab
432 1261 559 1326 haerede.
579 1270 609 1329 Si
631 1271 703 1334 verb
720 1274 872 1355 dispositio
891 1284 941 1344 illo
964 1288 1087 1372 incipiat
1106 1298 1124 1361 b
1216 1310 1217 1327 ι

114 1334 316 1416 designatione
329 1345 413 1407 fundi
424 1392 432 1422 ,
443 1359 473 1410 et
487 1352 612 1416 sublati
623 1356 780 1422 descendat
792 1362 829 1425 ad
842 1384 932 1429 onera
945 1375 1123 1459 missarum,

114 1425 187 1479 tunc
211 1425 314 1503 utique
337 1431 557 1512 interpretanda
575 1449 620 1501 est
643 1445 789 1522 locutae,
812 1450 945 1533 adeoquo
968 1460 1050 1524 locus
1076 1482 1124 1534 est
1216 1466 1217 1539 l

113 1505 280 1570 reductioni
291 1555 299 1583 ,
309 1518 368 1575 'nec
379 1521 527 1597 cogendus
542 1535 586 1585 est
602 1525 712 1604 baeres,
731 1542 764 1595 ut
780 1540 923 1617 suppleat.
936 1544 1007 1617 Quae
1021 1558 1122 1619 omnia

111 1592 240 1667 exprimi
259 1596 356 1658 solent
378 1602 409 1657 in
430 1604 640 1684 instructione,
659 1614 698 1673 de
720 1620 779 1701 qut
798 1622 897 1702 supra.
921 1628 997 1691 lbid.
1017 1656 1049 1699 ιι.
1067 1642 1120 1706 52.

133 1674 329 1741 ⁴Si'testator
352 1685 473 1747 mandet
497 1688 630 1769 haeredi,
656 1698 727 1761 darc
752 1704 879 1771 fundum
904 1713 1063 1802 legatario,
1086 1740 1123 1792 ut

111 1776 149 1820 ex
177 1759 242 1838 ejus
269 1765 414 1830 reditibus
443 1774 630 1840 celebrentur
659 1785 778 1866 missae3
807 1790 901 1856 baares
935 1801 1009 1869 tacta
1034 1810 1121 1876 fundi

110 1848 306 1928 assignatione
323 1855 361 1917 ad
380 1856 455 1922 nibil
474 1863 554 1924 aliud
574 1876 710 1945 tenetur,
735 1882 769 1935 ut
787 1895 823 1938 ex
842 1882 906 1943 bl).
921 1895 952 1949 et
966 1889 1121 1965 ‚decisione
1216 1962 1217 1981 2

111 1932 194 1998 licta
221 1937 297 2001 lbid.
325 1958 360 2008 n.
396 1944 445 2006 tt.
468 1948 500 2008 Si
532 1950 603 2013 verb
629 1963 749 2020 testator
781 1964 946 2034 mandasset
977 1974 1118 2062 haeredi,
1216 1984 1217 1988 ’

111 2025 146 2080 ut
170 2030 213 2083 tot
237 2034 390 2103 prestaret
420 2031 532 2094 fructus
554 2038 730 2105 sufficientes
753 2048 791 2108 ad
825 2052 988 2129 injunctam
1022 2069 1120 2144 missae

109 2105 356 2187 celebrationem,
372 2125 402 2175 et
414 2116 476 2205 ipse
497 2119 625 2184 fundum
639 2126 779 2192 idoneum
795 2133 940 2216 dedisset,
961 2148 985 2210 si
1004 2150 1118 2230 fructus

107 2191 159 2254 ille
170 2191 241 2254 dein
254 2214 315 2257 non
329 2201 471 2278 sufficiat,
482 2209 663 2288 supplendus
677 2225 720 2278 ast
731 2219 767 2281 ab
776 2218 902 2286 haerede.
915 2230 990 2292 lbid.

147 2281 182 2340 ln
204 2282 376 2346 reductione
401 2289 558 2368 missarum
582 2309 791 2376 perpetuarum
810 2328 872 2388 per
893 2319 1117 2396 ampliationem

107 2365 229 2425 concilii
251 2368 378 2430 Romani
394 2373 548 2453 facienda,
572 2385 696 2446 stabiliri
722 2391 796 2454 solet
822 2397 1005 2482 eleiimosyna
1031 2429 1119 2474 sexa-

105 2448 186 2527 ginta
201 2459 353 2516 scutorum
366 2469 492 2521 monetae
505 2481 654 2529 romaum:
670 2477 766 2557 quoad
783 2481 884 2542 missas
895 2487 966 2548 verb
982 2500 1116 2562 cantatas
1216 2535 1217 2544 ι

105 2531 278 2611 assignanda
290 2547 335 2614 est
349 2541 534 2624 eleemosyna
552 2565 690 2616 consueta
703 2578 758 2649 pro
774 2563 810 2623 iis
823 2568 918 2630 missis
934 2574 965 2632 in
980 2579 1115 2656 quilibet
1216 2619 1217 2646 1

104 2617 223 2680 dioecesi
240 2621 360 2700 vigans,
373 2636 409 2688 ut
426 2648 466 2703 ex,
478 2631 596 2697 denoto
616 2641 648 2710 S,
659 2643 909 2736 congregationis.
925 2659 1000 2720 lbid.
1014 2683 1045 2724 n.
1061 2669 1112 2730 54.

103 2704 144 2765 At
159 2704 183 2764 si
196 2705 377 2772 celebranda
386 2714 446 2775 sint
459 2717 549 2790 simul
565 2723 677 2804 aliquot
694 2732 789 2792 missas
804 2746 942 2814 cantatae,
955 2755 985 2805 et
997 2750 1114 2828 aliquot
1216 2775 1217 2840 l

103 2786 245 2866 privatae,
260 2809 315 2854 nec
331 2796 479 2871 sufficiant
495 2805 626 2881 reditus,
640 2816 780 2892 erogandi
796 2829 866 2881 sunt
881 2826 924 2887 illi
939 2829 970 2900 in
982 2835 1112 2900 celebra-
1216 2857 1217 2878 ³

104 2872 184 2934 tione
205 2873 362 2940 missarum
386 2883 589 2963 privatarum,
612 2893 710 2965 deleto
736 2918 826 2980 onera
848 2911 944 2986 missae
966 2929 1109 3003 canmtae,

103 2965 137 3019 ut
156 2977 193 3021 ex
210 2961 329 3027 decreto
348 2968 380 3027 S.
397 2970 431 3030 G.
452 2971 529 3042 thiu,
755 3002 759 3008 ·

139 3045 180 3106 At
196 3045 220 3107 si
234 3049 368 3114 reductio
387 3053 440 3118 liat
459 3059 497 3119 ab
509 3063 652 3148 Episcopo
668 3071 771 3160 vigore
786 3077 931 3146 facultatis
949 3089 981 3161 iu
995 3094 1122 3163 lustru·'
1216 3095 1217 3118 ³

99 3131 199 3191 ctione
214 3142 377 3216 contentae,
392 3147 581 3216 statuendum
597 3163 660 3228 est,
675 3168 709 3219 ut
724 3163 820 3225 missae
836 3171 1034 3251 celebrantur,
1045 3201 1108 3248 nou
1216 3179 1217 3196 ¹

98 3214 221 3353 ¹quidem
236 3221 269 3278 ed
283 3222 485 3325 eleimosy‘pd,
500 3252 565 3310 quae
578 3255 617 3340 ιιι
631 3241 747 3306 indulto
757 3249 880 3325 Concilii
894 3258 1018 3333 Romani
1030 3285 1108 3344 prae·
1216 3253 1217 3272 ἶ

110 3316 118 3352 l
