2475 3975
384 153 434 215 Ec
445 150 584 235 optatos
593 150 744 223 Benedicti
755 154 844 217 Xtt.
1061 160 1120 223 tos

152 258 322 319 Sacerdotes
339 256 491 328 saeculares
511 256 544 316 in
562 257 696 316 Ecclesiis
715 258 896 336 regularium
913 258 1033 321 illorum
1048 262 1139 323 mia·-

112 362 175 412 sam
189 344 285 421 legere
303 350 462 415 rotantur,
476 342 527 402 sed
543 342 688 402 utendum
707 352 752 403 cst
770 343 829 402 illis
842 344 973 404 Romano
993 346 1117 425 illissnli,

111 430 154 490 ita
172 436 287 499 tamen,
301 436 336 489 ut
354 428 466 507 possint
480 426 517 487 de
532 434 650 498 sancto,
665 426 774 505 dequo
797 430 945 505 regulares
968 429 1011 490 illi
1029 440 1120 509 agunt

114 513 245 575 officium
257 557 266 584 ‚
280 512 554 587 missamrecture,
568 530 634 574 eam
643 512 823 573 desumendo
832 530 868 573 ex
879 514 1035 575 Communi
1050 518 1120 576 llis·

112 598 182 658 salis
194 599 338 669 Romani,
359 606 393 658 ut
413 616 468 676 pro
488 598 664 678 capellanis,
683 606 713 657 et
742 598 923 659 confessariis
943 601 1119 661 monialium

113 684 246 745 decrevit
260 684 292 743 S.
308 684 520 763 congregatio,
537 681 680 745 Clemente
691 684 743 745 XI
745 727 752 742 .
762 684 914 745 decretum
927 685 1118 765 approbante.

112 770 159 831 Dc
174 769 269 829 sacrif.
284 770 367 830 miss.
378 771 400 830 l.
415 772 445 829 5.
459 789 524 849 cap.
538 772 589 831 15.
602 788 634 831 1.
647 772 677 831 1.
690 772 762 829 lust.
775 772 850 831 Eecl.
867 772 915 830 51.
936 785 967 829 1.
984 772 1036 832 10.

153 854 308 915 Missurum
326 873 416 915 onera
432 854 620 916 ilundatore
636 854 771 915 beneficii
792 856 961 933 praescripta
977 855 1121 919 nonlicet

113 940 261 1018 Episcopo
282 939 471 1011 diminuere,
496 941 614 1019 quoties
640 941 754 1001 fructus
778 940 873 999 relicti
899 939 1120 1002 decrementum

111 1024 283 1102 subierint3
302 1043 363 1085 non
382 1024 463 1086 enim
475 1042 559 1103 posse
570 1024 606 1085 ab
619 1026 763 1103 Episcopo
774 1023 875 1083 reduci
894 1024 994 1083 misam
1005 1042 1122 1102 semper

111 1110 215 1174 renuit
231 1128 311 1170 sacra
325 1112 519 1191 congregatio
537 1110 678 1182 Caecilii,
694 1110 816 1177 facultas
836 1108 909 1171 verd
923 1110 960 1170 ad
979 1108 1036 1171 hoc
1054 1112 1122 1173 data

112 1198 146 1257 11
159 1195 288 1256 1111111111
299 1196 383 1255 Trid.
398 1214 468 1256 sess.
479 1197 530 1256 15.
541 1193 576 1258 de
590 1193 647 1275 ref.
665 1214 730 1273 cap.
748 1196 777 1263 1,.
796 1203 830 1255 nt
848 1194 983 1273 Episcopi
1005 1204 1123 1273 possent

111 1281 217 1344 missas
230 1278 263 1339 in
276 1288 469 1357 testamento,
484 1280 533 1341 rel
554 1280 747 1359 dispositione
765 1281 845 1341 inter
863 1281 946 1339 vivos
965 1282 1124 1359 assignatas

112 1364 256 1428 reducere
272 1365 303 1428 in
320 1364 439 1443 synodo
455 1361 637 1437 diecesani,
651 1372 681 1424 et
694 1366 849 1426 Generalea
864 1364 1004 1426 ordinum
1017 1367 1049 1426 in
1063 1368 1123 1428 suis

112 1448 249 1528 capitulis
271 1450 476 1527 generalibus,
497 1450 675 1529 intelligitur
694 1450 902 1513 tantummodi
922 1451 964 1513 de
984 1452 1124 1513 oneribus

112 1536 271 1597 missarum
279 1535 425 1611 impositis
436 1544 506 1595 ante
522 1536 688 1613 concilium
703 1536 931 1609 Truentinum
945 1545 976 1597 et
990 1536 1027 1597 de
1039 1536 1125 1597 redu·
1215 1570 1218 1575 ·

113 1620 211 1680 ctione
227 1617 359 1679 faciende
382 1619 413 1679 in
431 1619 592 1681 dioecesant
611 1620 751 1700 Synodo,
774 1620 823 1680 vel
840 1620 968 1699 capitula
988 1619 1125 1699 proxim&

113 1712 183 1783 post
197 1703 347 1779 expletum
361 1704 526 1765 Concilium
539 1705 749 1769 Tridentinum
764 1704 928 1781 habendis,
939 1706 1124 1787 ut'esposuit

112 1790 146 1849 S.
163 1789 197 1849 C.
211 1789 256 1847 De
267 1786 378 1865 Synod.
389 1788 505 1847 dioeces.
516 1787 571 1846 lib.
585 1789 635 1846 lt.
648 1806 712 1865 cap.
726 1789 782 1848 ult.
796 1807 828 1847 n.
841 1792 890 1849 18.

153 1870 241 1933 Modo
257 1872 380 1949 insuper
396 1890 457 1937 non
473 1872 542 1951 licet
561 1872 710 1949 Episcopis
730 1881 786 1931 etc.
803 1872 833 1941 id
854 1880 992 1949 praestaro
1010 1874 1042 1935 iu
1064 1874 1125 1935 suis

114 1958 240 2040 Synodis
254 1967 323 2029 etc„
339 1956 411 2035 quia
424 1956 455 2018 id
474 1956 568 2018 vetuit
583 1954 653 2018 Uri.
676 1957 921 2026 1111111111.
936 1958 1014 2019 XII.
1027 1959 1058 2018 in
1072 1958 1126 2025 aut

114 2046 274 2108 constitut.
287 2043 325 2104 de
338 2043 396 2122 qua
412 2043 466 2117 111,
481 2061 518 2104 ex
530 2042 562 2103 vi
576 2060 703 2122 quorum
720 2061 820 2120 neque
835 2043 903 2102 lieet
920 2044 1063 2123 Episcopo
1076 2062 1126 2104 re·

116 2131 225 2192 ducere
238 2131 341 2191 cadem
355 2147 462 2204 onera,
479 2139 638 2207 antequam
658 2137 846 2206 acceptentur
865 2129 902 2189 ab
921 2129 976 2201 iis,
991 2130 1029 2190 ad
1052 2147 1125 2209 quos

116 2220 286 2298 pertinent,
302 2213 348 2276 uti
358 2215 515 2282 definitum
523 2212 591 2274 estd
604 2215 633 2273 S.
644 2214 886 2291 C‘ougrcgatione.
898 2213 974 2275 lbid.
991 2233 1023 2275 n.
1036 2219 1086 2279 19.

156 2300 230 2362 Cium
248 2300 494 2378 daturEpiscopis
509 2299 630 2358 incultas
641 2297 803 2358 reducendi
816 2297 869 2378 pio
884 2296 998 2380 tapete,
1013 2309 1041 2361 et
1054 2300 1133 2366 mis·

115 2405 220 2452 sutum
232 2404 344 2455 111111,
360 2383 456 2445 adhuc
475 2393 576 2447 tamon
593 2402 630 2445 ex
642 2393 779 2445 contextu
794 2385 885 2445 totius
903 2386 1127 2464 dispensationis

116 2479 249 2549 constat,
265 2469 340 2530 nihil
361 2469 419 2529 illis
440 2487 610 2530 concessum
631 2487 694 2529 esse
707 2467 804 2548 quoad
820 2470 935 2549 reliqua
952 2469 1045 2550 legata
1055 2516 1065 2547 ‚
1075 2473 1127 2540 sed

117 2554 234 2618 santium
252 2552 349 2633 quoad
368 2572 457 2615 onena
474 2555 642 2616 missarum.
660 2551 736 2616 lbid.
755 2573 788 2619 n.
804 2556 854 2614 11.

156 2641 187 2703 Si
213 2641 310 2718 aliqua
335 2639 491 2719 dispositio
512 2641 670 2700 missarum
696 2655 807 2716 onera,
830 2646 861 2698 ct
885 2639 941 2706 alia
965 2642 1014 2720 pia
1038 2659 1127 2721 opero

119 2725 367 2804 comprehendat,
392 2733 423 2783 et
447 2725 486 2785 ob
505 2723 680 2784 tenuitatem
703 2724 858 2786 redituum·
877 2723 1013 2788 reductio
1029 2729 1129 2808 alique

117 2810 248 2873 facienda
259 2810 316 2883 sit,
330 2808 495 2870 reducenda
508 2826 570 2868 csse
581 2805 664 2889 priris
678 2807 791 2888 reliqua
803 2827 910 2889 opera,
925 2809 1015 2890 quim
1029 2831 1129 2876 nume·

119 2915 187 2960 rum
204 2894 358 2956 missarum
374 2896 489 2956 censuit
506 2911 585 2955 sacra
596 2895 799 2974 Congregatio.
813 2896 889 2956 lbid.
905 2915 937 2956 n.
955 2900 1004 2958 15.
1018 2899 1128 2974 Quam·

119 2999 208 3059 quam
225 2978 288 3040 haec
302 2997 371 3041 vera
383 2988 453 3040 sunt
464 3025 473 3052 ‚
483 2979 540 3040 nisi
553 2999 589 3041 ex
602 2987 665 3041 toto
680 2989 816 3041 contextu
829 2979 1027 3059 dispositionis
1039 2985 1128 3046 aliam

118 3067 207 3127 tuisse
220 3074 352 3126 mentem
363 3064 529 3126 fundatoris
538 3065 822 3144 deprehenderetur.
833 3065 910 3127 lbid.
921 3067 960 3127 nt
972 3067 995 3127 si
1011 3069 1129 3148 Epiaco·
1160 3061 1163 3066 “

120 3164 231 3228 porum
256 3149 414 3209 auctoritas
437 3149 535 3228 quoad
561 3149 638 3210 hanc
665 3149 868 3213 reductionem
893 3149 1069 3229 profluxesit
1093 3172 1129 3215 ex
1233 3139 1234 3160 ³

120 3232 310 3313 ampliatione
325 3233 436 3294 indulti
457 3232 578 3296 Concilii
593 3235 719 3296 Romani
732 3235 788 3296 sub
801 3233 957 3302 Benedicta
970 3239 1066 3303 XIII.
1082 3240 1129 3300 vol
1200 3249 1203 3256 ⁴
1233 3269 1234 3292 .

121 3334 158 3378 ex
179 3317 374 3378 instructione
395 3318 523 3397 quadam
544 3318 652 3383 traditi
670 3318 686 3380 d
706 3321 737 3380 S.
752 3321 784 3380 C.
800 3327 830 3380 et
846 3339 893 3382 res
912 3321 1081 3398 luerit,'vel
1096 3334 1130 3388 ut
1188 3343 1191 3350 ’

120 3416 265 3462 numerus
286 3403 463 3476 missarum,
483 3403 531 3464 uel
555 3405 612 3466 alia
639 3422 727 3484 opera
751 3406 798 3486 pia
821 3405 881 3466 sint
904 3405 1128 3484 imminuenda,

121 3486 1128 3567 tonepraestatrcaunereads.congregationenconnititlonat.
1233 3501 1234 3532 ³

160 3571 285 3653 Insuper
305 3589 342 3633 cx
363 3572 394 3632 ri
415 3573 609 3634 concessionis
632 3574 779 3652 praedictae
803 3591 864 3635 non
890 3581 1013 3653 possunt
1035 3574 1128 3653 redigi
1233 3581 1234 3658 j
