2475 3975
159 184 198 245 71
287 190 297 199 “
433 179 546 243 Peneis
561 179 744 262 confessarii.
765 180 840 261 Cep.
855 182 887 242 a.

158 284 252 343 sarius
271 282 455 363 adstringere
478 282 565 343 debet
585 282 779 363 paenitentem
801 281 849 342 rel
869 282 906 341 ad
927 282 1172 344 denuntiandum

158 367 405 447 impedimentum
416 412 425 440 ,
436 368 483 429 vel
495 366 531 428 nd
543 367 792 449 dispensationem
805 367 996 428 obtinendam
1007 366 1024 427 d
1034 369 1171 429 Datur-ia.

157 452 187 513 st
206 464 306 517 autem
326 453 572 535 impedimentum
589 462 633 513 est
646 452 795 513 affinitatis
810 471 846 513 ex
863 454 967 532 eopnla
982 453 1084 516 illicita
1097 472 1171 514 eum

158 540 371 619 consanguinea
399 556 513 617 sponsoe
536 555 631 615 usque
652 537 690 597 ad
713 538 876 597 seeundum
900 538 1049 616 0000000,
1075 539 1173 601 modd

157 622 284 685 adsuerit
296 626 398 703 copula
411 632 612 683 consummata
624 640 692 682 curn
702 623 895 682 seminatione
908 624 1035 701 perlecta
1047 623 1171 701 (10.0.

158 726 190 767 0.
207 710 293 771 1050.
308 708 449 785 011075.)
468 716 519 767 001
532 714 578 767 est
591 707 839 785 impedimentum
855 707 1007 781 criminis,
1021 708 1173 769 nimirdm

157 789 309 853 homicidii
330 792 463 871 conjugis
475 792 601 868 utreque
616 800 701 870 parte
717 792 927 869 conspirante,
944 802 997 851 aut
1014 791 1173 854 homicidii

157 894 224 937 cum
245 878 411 955 adulterio,
429 886 481 939 aut
497 876 636 937 adulterii
654 895 723 938 cum
744 876 804 937 lide
823 878 1024 950 matrimonii,
1038 888 1091 938 aut
1104 900 1173 941 ma·

157 963 291 1023 trimnnii
306 964 462 1036 attentati,
473 972 569 1047 prout
581 962 645 1024 rust
663 963 843 1025 declaratum
858 965 943 1023 estin
955 964 1122 1044 librauit.
1138 971 1170 1029 o.

152 1063 189 1111 11.
205 1048 305 1128 1055.)
315 1072 327 1129 ,·
339 1051 371 1109 in
380 1048 426 1110 his
437 1047 568 1120 casibus,
582 1066 745 1126 semperne
758 1047 1006 1125 impedimentum
1020 1059 1064 1109 est
1074 1054 1174 1113 oeenl

150 1142 239 1205 tum,
253 1134 437 1213 impetranda
450 1142 493 1192 est
509 1130 717 1211 dispensatiod
733 1133 764 1192 S.
781 1132 1009 1193 Paenitentiaria.
1025 1134 1174 1215 idemque

157 1220 272 1289 eurrlt',
296 1217 490 1295 si'poenitens
509 1215 757 1294 impedimentum
779 1215 886 1277 lrabeat
905 1218 988 1288 voti,
1008 1220 1172 1294 castitatis,

151 1313 208 1364 aut
226 1304 388 1383 religionis.
403 1302 433 1363 Si
451 1299 521 1363 00οὸ
543 1302 642 1381 aliqua
664 1302 870 1381 urgentissima
894 1303 1008 1364 adesset
1027 1324 1118 1369 musa
1139 1310 1174 1371 in

152 1388 257 1465 aliquo
281 1406 348 1448 nasu
369 1406 459 1459 raro,
481 1406 588 1467 nempe
610 1387 762 1459 scandali,
786 1389 942 1460 rixarum,
967 1400 1019 1451 aut
1039 1392 1175 1456 infamioe

149 1472 361 1548 imminentis,
378 1483 408 1535 et
421 1484 539 1554 tempus
554 1482 605 1534 aut
622 1474 728 1538 modus
739 1469 852 1535 0000001
868 1476 1041 1537 recurrendi
1057 1479 1095 1539 ad
1108 1482 1176 1543 Poe-

157 1560 379 1631 alternantem,
402 1566 499 1638 posset
518 1560 608 1619 etiam
630 1567 702 1618 tune
722 1560 881 1638 Episcopus
903 1560 1174 1647 dispensantis.

155 1642 408 1720 0110201110
433 1648 530 1721 neque
553 1642 666 1703 adesset
689 1645 797 1704 modus
819 1646 948 1706 adeundi
966 1648 1172 1727 Episcopum,

156 1730 280 1793 observa
292 1727 372 1807 quod
384 1726 497 1789 dictum
512 1728 600 1789 estin
612 1729 701 1789 libro
715 1728 793 1807 (tit.
807 1731 838 1790 0.
852 1748 885 1790 0.
899 1733 969 1792 010.
981 1750 1010 1792 0.
1025 1733 1084 1795 Sed
1095 1733 1174 1819 100.)

157 1823 186 1875 01
202 1812 290 1892 suprd
307 1832 339 1873 0.
357 1814 386 1872 8.
460 1826 464 1835 ·
506 1820 509 1827 ’
558 1838 561 1845 ’
858 1816 874 1837 ·’
1227 1853 1228 1896 3

194 1901 241 1961 85.
255 1900 397 1962 Sieutem
414 1898 561 1977 poenitens
568 1897 632 1975 jam
643 1898 837 1960 contraxisset
849 1901 1075 1963 matrimonium
1088 1904 1174 1968 iuva·

155 1984 250 2048 lidum
270 1984 309 2048 ob
328 1984 576 2063 impedimentum
599 1984 761 2056 dirimens,
781 1995 854 2048 tuuc
874 1986 898 2047 si
917 1988 1174 2065 impedimentum

156 2072 293 2154 provenit
314 2089 350 2132 cx
372 2071 477 2149 copula
499 2071 601 2143 licita,
625 2071 716 2130 etiam
739 2070 940 2134 observandus
962 2084 1005 2134 est
1026 2075 1117 2138 liber
1138 2083 1171 2141 0.

155 2180 188 2222 0.
208 2149 317 2234 illim
337 2156 361 2217 si
382 2164 482 2216 nutem
503 2172 540 2216 ex
562 2155 670 2234 copula
689 2156 813 2228 illicita,
834 2168 887 2218 aut
906 2165 944 2218 'ei
965 2160 1112 2234 erimine,
1140 2177 1173 2227 et

83 2245 86 2252 ’
155 2246 301 2323 paenitens
321 2247 366 2302 est
383 2242 510 2304 100000
527 2241 603 2314 lide,
622 2249 652 2300 01
669 2240 771 2303 eontra
783 2242 895 2303 adesset
908 2245 1074 2323 perieulum
1089 2265 1173 2311 mor·

155 2329 214 2399 tis,
233 2327 381 2397 scandali,
402 2335 453 2384 aut
474 2327 718 2400 incontinentiae,
737 2328 762 2388 si
786 2329 841 2406 ipsi
860 2331 1097 2390 manifestaretur
1115 2335 1173 2396 im·

155 2412 375 2492 pedimentum,
387 2425 423 2468 eo
434 2425 500 2467 casu
512 2411 704 2470 confessarius
717 2411 964 2490 impedimentum
977 2415 1005 2474 ci
1018 2416 1174 2482 occultare

155 2496 259 2566 debet,
279 2501 309 2553 01
328 2492 449 2552 interim
470 2509 632 2569 procurare
651 2492 667 2554 0
687 2497 717 2555 S.
733 2497 951 2560 Paenitentiaria
973 2501 1173 2579 dispensatio·

156 2599 243 2652 nem,
263 2579 320 2657 000
339 2575 479 2650 obtenti,
497 2576 585 2639 debet
603 2581 764 2658 0010100000
785 2583 1049 2664 impedimentum,
1067 2588 1172 2652 debet·

155 2685 212 2746 000
232 2675 301 2726 1000
318 2663 475 2748 diligenter
495 2681 595 2724 secum
612 2667 765 2726 consulere
783 2667 820 2726 de
839 2669 928 2730 modo
945 2687 1005 2748 qun
1024 2689 1171 2734 reconva-

154 2753 257 2816 lidatio
278 2749 460 2808 matrimonii
478 2748 607 2811 iacienda
624 2752 739 2812 001.Αο
759 2750 836 2812 hane
853 2763 951 2814 autem
968 2757 1171 2819 reconvalida·

155 2841 265 2900 tionem
275 2852 334 2894 non
344 2833 464 2914 quidem
472 2839 681 2896 estnecessaria
690 2838 850 2898 assistentia
861 2837 978 2918 parochi
986 2841 1166 2919 streniam,

155 2932 187 2984 ut
203 2920 424 3000 probatum'est
443 2917 488 2998 [L.
503 2937 527 2979 0.
541 2937 572 2978 0.
590 2921 710 3000 1110.);
727 2922 777 2982 sed
795 2931 829 2982 ut
843 2923 972 2984 diximus
985 2924 1063 3003 (eit.
1081 2929 1112 2987 0.
1131 2948 1167 2989 0.

154 3007 254 3086 1115.)
266 3050 275 3078 ,
289 3013 406 3066 tenetur
420 3003 488 3082 pars'
504 3005 617 3064 conscia
636 3007 840 3086 impedimenti
863 3009 984 3069 alteram
1004 3012 1168 3074 certiorare

153 3092 190 3151 de
212 3092 348 3152 nullitate
371 3089 573 3160 matrimonii,
592 3089 678 3167 justa
699 3093 815 3165 solitam
838 3093 996 3153 clausulam
1018 3095 1049 3152 S.
1066 3097 1169 3158 Poeni·

153 3175 317 3236 tentiarinac
333 3175 371 3236 tit
385 3172 464 3240 dicto
479 3169 600 3234 muliere
616 3174 651 3236 de
665 3173 802 3237 00101010
813 3176 925 3258 prioris
937 3181 1094 3242 0000000010
1106 3201 1167 3244 cer·

153 3257 280 3328 eierato,
294 3266 346 3318 010.
362 3261 397 3318 Et
415 3258 481 3320 ided
497 3276 551 3336 per
562 3277 593 3319 se
610 3261 759 3339 loquendo
778 3262 815 3322 ad
837 3261 913 3322 hane
926 3263 1086 3324 clausulam
1100 3285 1167 3329 exe·

152 3340 315 3417 quendam,
333 3357 392 3399 non
410 3343 516 3403 sufficit
533 3343 564 3402 id
585 3339 1037 3422 00000100010030010111001,
1052 3352 1166 3416 seilicet

153 3423 272 3480 dicere:
289 3420 324 3482 st
341 3438 386 3478 nee
401 3441 460 3484 000
482 3424 636 3499 desistes,
655 3427 771 3490 duceres
790 3432 962 3491 nuneldut
975 3431 1163 3512 silicerni,
1225 3428 1226 3491 t

155 3507 180 3558 te
203 3501 277 3562 eolo.
295 3503 378 3564 Aut:
398 3505 458 3564 Pro
482 3525 547 3568 nien
572 3510 768 3572 consolatione
790 3531 960 3576 0000000000
977 3533 1163 3582 consensum.
1225 3572 1226 3575 ,

151 3581 271 3656 Semper
285 3584 364 3644 enim
377 3585 442 3646 talis
453 3605 609 3654 consensus
624 3605 668 3657 est
686 3591 854 3677 dependens
873 3598 891 3660 d
906 3601 1019 3680 priori,
1038 3605 1091 3682 qui
1105 3603 1165 3667 suit
