2475 3975
366 245 417 309 Ex
429 244 568 327 operatus(
578 240 730 318 Benedicti
749 242 800 305 XI
804 242 838 307 V.
1043 246 1102 309 did

493 432 710 496 POENITENS.

136 607 303 677 Posuimus,
313 604 360 664 vel
373 603 552 681 quicumque
567 603 663 675 alius,
679 602 728 681 qui
746 600 818 673 iano
831 600 1046 663 denuntiaverit
1054 597 1103 677 ju·

96 694 211 755 dicibus
235 689 456 760 ecelesiasticis,
479 706 511 747 se
537 705 600 760 esse
624 687 661 747 ab
685 688 783 765 aliquo
806 686 979 749 confessario
1000 685 1104 747 sollici·

97 788 218 849 tatum,
240 776 368 837 incurrit
388 773 617 845 reservationem
640 773 806 855 apostolica
826 772 894 846 dedi
912 780 1102 845 reservatam.

20 900 26 909 ·
97 861 182 924 Bulla
197 866 412 929 undamentum
423 856 613 941 penitentie.

323 1028 580 1091 autumnum
593 1027 886 1091 sacramentum

138 1201 260 1265 Attritio
278 1199 317 1261 de
330 1197 457 1280 peccatis
469 1196 576 1259 sufficit
585 1197 707 1276 quidem
719 1215 755 1260 ex
766 1206 866 1259 mente
881 1197 1050 1275 Tridentini
1068 1200 1106 1265 ad

100 1288 317 1369 disponendum
336 1285 555 1365 poenitentem,
575 1294 609 1343 ut
635 1285 688 1343 Dei
712 1285 844 1361 ,gratiam
868 1284 901 1345 in
925 1295 1106 1363 sacramento

99 1374 284 1444 Poenitentiae
310 1371 458 1441 obtineat,
477 1368 531 1448 sed
549 1386 685 1446 quaenam
703 1370 741 1427 sit
760 1368 815 1427 ista
836 1369 947 1432 attritio
963 1372 1108 1431 nonsatis

99 1460 215 1537 liquet,
236 1462 331 1535 potest
344 1454 425 1514 enim
446 1470 514 1513 esse
531 1471 599 1513 cum
624 1452 724 1530 aliquo
744 1453 798 1512 Dei
812 1472 912 1514 amore
930 1454 1106 1532 conjuncta,

99 1543 151 1605 scd
167 1541 275 1614 debili,
291 1540 374 1603 tenui
387 1583 397 1611 ‚
409 1546 440 1599 et
449 1538 581 1605 remisso.
597 1538 696 1597 Potest
711 1538 800 1598 etiarn
817 1556 879 1599 esse
891 1539 977 1601 dolor
989 1537 1109 1619 propter

98 1630 216 1706 Deum,
239 1644 300 1690 uon
326 1621 471 1703 quatenus
493 1630 538 1681 est
558 1620 679 1681 summe
699 1621 815 1695 bonus,
832 1622 884 1683 sed
906 1622 1049 1701 quaternis
1066 1633 1110 1687 est

99 1713 197 1787 honus
220 1710 329 1785 nobis3
353 1717 450 1783 potest
469 1708 590 1784 insuper
613 1723 677 1765 esse
704 1706 791 1766 dolor
814 1706 999 1785 depereatis
1023 1710 1109 1773 unici

100 1801 259 1872 conceptus
277 1798 400 1871 propter
421 1807 525 1850 eorum
543 1788 785 1867 turpitudinem,
808 1798 860 1850 aut
881 1792 977 1851 solum
997 1803 1109 1854 metum

99 1896 285 1962 paenarum,
316 1882 349 1940 et
374 1873 537 1953 gehennas,
554 1874 665 1951 absque
690 1873 749 1934 ulli
774 1873 1017 1937 Dei²dileetione
1044 1880 1111 1939 Haec

100 1975 202 2030 tamon
226 1968 373 2044 postrema
400 1960 511 2020 auritio
532 1967 628 2039 potest
645 1958 734 2018 etiam
756 1958 875 2034 excitari
901 1977 936 2020 cx
963 1970 1043 2021 metu
1060 1980 1111 2041 ge-

102 2047 227 2120 hennae,
243 2055 277 2108 ut
295 2044 491 2124 conjungatur
515 2062 584 2105 cum
599 2044 699 2122 aliquo
715 2043 768 2103 Dei
783 2063 888 2106 amoro
899 2045 1023 2119 initiali,
1039 2065 1112 2124 qua-

103 2131 190 2194 tenirs
205 2133 246 2192 ita
269 2138 385 2210 peccata
399 2130 468 2190 odiu
488 2128 636 2189 habentur
653 2137 774 2207 propter
791 2129 952 2208 supplicia,
968 2140 1001 2189 ut
1023 2131 1111 2192 simul

103 2219 221 2278 animus
237 2217 350 2278 seratur
369 2215 400 2275 in
426 2216 521 2275 Deum
537 2223 572 2273 ut
589 2212 737 2290 objectum
749 2212 902 2291 diligibile.
919 2215 1046 2286 Quaestio
1068 2225 1112 2278 est

103 2321 210 2381 anceps
227 2301 306 2363 iuter
317 2299 501 2378 strennos,
523 2297 597 2359 nium
614 2297 745 2366 sufficiat,
756 2297 868 2359 attritio
886 2299 1022 2373 servilis,
1044 2319 1111 2380 quae

103 2387 221 2448 elicitur
245 2403 282 2450 ex
299 2385 388 2444 unico
405 2392 487 2443 metu
506 2382 673 2463 gehennae,
700 2392 731 2442 et
754 2400 929 2463 pennarum,
955 2386 1038 2448 nullo
1065 2387 1112 2446 rel

103 2471 211 2534 initiali
222 2471 276 2531 Dei
288 2485 390 2530 amore
407 2467 548 2545 adjuncto
562 2487 570 2526 a
584 2467 632 2527 vel
643 2467 814 2546 requiratur
826 2469 928 2529 saitem
940 2471 1113 2549 conjunctus
1200 2520 1206 2532 ,

104 2573 189 2617 amor
204 2554 258 2616 Dei
279 2552 412 2615 initialis.
432 2553 468 2625 ln
490 2549 551 2615 hcc
573 2553 735 2632 quaestione
762 2551 837 2613 nihil
861 2554 1113 2632 decidendumab

104 2641 249 2719 Episcopo
269 2639 301 2698 in
320 2635 441 2717 Syuudo
453 2636 507 2697 sui
528 2645 629 2698 mouet
651 2637 804 2714 Pontifex3
826 2637 928 2698 suadet
945 2647 1062 2714 tamen,
1080 2647 1114 2700 ut

106 2725 266 2796 doceantur
286 2719 480 2798 confessarii,
501 2739 622 2798 aequum
642 2737 705 2780 esse
735 2720 849 2784 hortari
876 2721 1054 2802 poenitentes
1076 2726 1114 2786 ad

105 2827 207 2869 reram
223 2817 254 2869 et
267 2807 426 2887 perfectam
442 2807 652 2877 contritionem
667 2849 676 2880 ,
690 2805 769 2884 quod
790 2816 821 2868 et
846 2806 879 2868 in
899 2809 1008 2869 Rituali
1030 2808 1115 2887 jussu

25 2895 30 2903 '
106 2891 202 2956 Ponti
221 2894 258 2956 V·-
279 2891 358 2965 edito
371 2899 522 2960 mouetur.
546 2892 590 2952 De
610 2878 684 2970 Syn.
705 2892 793 2954 dioec.
807 2892 829 2954 l.
844 2891 872 2952 7.
886 2911 912 2952 c.
929 2894 976 2953 t'o'.
992 2911 1044 2972 per
1058 2903 1113 2956 tot.

145 2977 345 3051 tinniturum,
370 2977 447 3056 qui,
474 2985 633 3054 antequam
656 2976 766 3037 incidat
785 2976 900 3037 subitus
932 2979 1115 3056 aegritudinis

106 3061 204 3142 gnaris
221 3079 324 3137 casas,
343 3060 424 3140 signa
446 3061 632 3122 contritionis
656 3059 814 3133 exhibuit,
834 3068 865 3124 et
888 3069 1043 3142 postquam
1066 3081 1116 3125 su·

107 3145 245 3228 pervenit
257 3143 448 3206 confessarius
461 3188 470 3220 ‚
485 3144 569 3206 nullo
590 3150 713 3207 externo
732 3145 816 3224 signo
839 3143 915 3207 hanc
932 3148 1116 3216 voluntatem

107 3230 237 3292 ostendit
251 3273 260 3302 ‚
272 3228 368 3294 adhuc
383 3238 482 3291 tamen
499 3229 612 3291 absolvi
628 3247 712 3308 posse
728 3229 823 3292 multo
839 3231 938 3302 verior
951 3239 980 3292 et
995 3239 1056 3292 tuta
1073 3239 1117 3292 est

108 3315 220 3396 opinio.
241 3315 268 3376 N
306 3332 344 3375 ue
355 3312 405 3376 hic
422 3315 521 3376 locum
541 3314 631 3376 habet
646 3313 843 3377 controversia
857 3359 865 3387 ,
879 3313 952 3389 adm
971 3315 1115 3376 absolutio

108 3397 283 3461 conterenda
315 3399 339 3459 it
356 3398 412 3460 sub
432 3400 622 3472 conditione,
638 3417 677 3460 an
700 3397 857 3477 ahsoluteq
875 3398 938 3460 haec
953 3399 1033 3460 euim
1050 3407 1116 3458 tan·

108 3477 175 3546 tium
186 3482 265 3544 valet
283 3482 315 3542 in
334 3500 420 3556 casu,
433 3501 492 3561 quo
508 3484 672 3544 moriturus
684 3483 772 3556 dubia
785 3482 905 3560 prorsus
928 3488 959 3541 et
980 3478 1116 3560 ambigua

110 3565 297 3634 contritionis
308 3567 390 3647 signa
405 3567 542 3646 praebun.
556 3568 600 3627 De
618 3567 691 3660 Syn.
711 3567 797 3628 dioec.
809 3566 830 3624 l.
846 3566 874 3627 7.
886 3583 912 3624 e.
928 3566 977 3624 ut.
994 3581 1025 3623 n.
1047 3566 1076 3624 8.

148 3653 179 3712 Si
198 3653 272 3738 reri
288 3671 324 3714 ex
345 3653 428 3716 nullo
444 3653 613 3715 testimonio
636 3657 773 3726 constet,
791 3651 876 3711 illum
893 3655 993 3788 ‚pssante
1015 3661 1114 3708 casum

898 3750 915 3792 a
938 3771 957 3792 ..
