2475 3975
261 165 334 243 Cap.
347 164 376 224 2.
390 163 628 225 Desocraanento
639 157 752 222 ordinis
766 160 799 219 in
805 176 916 242 panaro
1035 165 1095 227 205

87 272 185 324 autom
208 272 417 336 mortuorum,
443 271 476 324 ut
501 264 687 343 baptismus,
712 269 743 323 et
768 262 962 341 poenitentia,
987 282 1041 344 per
1064 284 1096 326 sc

86 349 198 409 hahent
216 366 335 410 causare
354 349 485 426 primam
502 348 638 427 gratiam.
653 347 717 407 ntia
731 346 804 408 vero
816 357 1013 420 sacramenta,
1029 368 1096 428 quac

86 442 158 495 sunt
174 435 331 505 vivorum,
349 432 466 495 tantum
484 440 676 512 augmentum
695 432 798 510 gratiae
818 441 938 492 causant
952 453 960 492 ε
974 432 1026 494 sed
1041 436 1094 495 ali·

86 517 207 596 quando
226 519 258 578 in
278 519 409 593 attritis,
423 519 473 597 qui
488 525 628 596 rcputant
646 535 677 576 se
695 517 854 587 contritos,
868 526 987 578 causant
1004 517 1094 578 ctiam

86 604 215 681 primam
229 605 389 682 gratiam,
414 614 448 663 ut
472 603 557 665 docet
575 604 617 663 D.
641 600 695 662 Th.
719 601 757 661 de
778 601 980 674 Eucharistia‚
1003 611 1033 662 et
1057 603 1095 662 dc

85 689 387 762 extrema-unctione,
403 698 432 749 ct
443 696 609 768 sequuntur
619 686 696 750 Gon.
712 687 798 748 cunc.
811 690 902 752 Rone-
912 687 1002 752 suar.
1016 689 1092 748 Euat.

84 769 180 833 Sulm.
194 779 245 832 etc.
261 771 309 849 (t.
323 773 353 832 6.
367 792 399 833 n.
414 773 470 852 6.).

124 859 175 918 et.
192 888 231 902 -
250 858 334 917 Alter
355 857 475 918 eiiectus
500 865 751 920 sacramentorum
773 865 817 919 cst
841 858 999 920 character.
1018 856 1093 919 cha·

83 953 182 1004 racter
201 950 301 1003 autem
318 951 364 1003 est
382 943 539 1018 Qaroddom
557 940 744 1026 signaculum
755 940 911 1022 spirituale
926 939 1093 1013 indelebile,

83 1027 262 1110 impressum
284 1027 396 1089 anime
416 1028 605 1110 ausnpientis
626 1035 871 1090 sacramentum.-
892 1028 966 1087 iilud
989 1027 1095 1104 impri-

84 1115 181 1174 mitur
203 1113 320 1176 tanthm
343 1114 376 1173 in
401 1114 571 1192 baptismo,
592 1113 839 1183 confirmatione,
862 1119 893 1173 et
915 1111 1045 1172 ordino:
1065 1120 1096 1172 ct

83 1198 233 1278 significat
255 1208 449 1278 potestatem,
468 1201 531 1262 sive
554 1200 729 1278 dignitatem
753 1217 789 1259 err
809 1194 979 1275 hujusmodi
1000 1213 1096 1255 sacra·

83 1284 196 1344 mcntis
221 1295 417 1364 susceptam:
441 1286 474 1345 in
500 1286 647 1363 baptismo
677 1285 758 1346 onim
783 1291 827 1344 est
851 1284 969 1362 signum
996 1280 1096 1342 ocium

82 1369 214 1446 Christi,
240 1387 300 1448 quo
325 1370 427 1430 fideles
450 1371 621 1431 efficiuntur
645 1369 744 1450 idonei
772 1369 809 1430 ad
836 1370 892 1428 alia
916 1375 1095 1428 sacramenta

82 1455 278 1535 recipienda:
298 1457 330 1517 in
355 1456 582 1518 confirmatione
605 1465 649 1517 est
671 1457 789 1534 signum
812 1450 944 1514 militum
965 1451 1094 1524 Christi,

83 1562 147 1622 quo
160 1543 221 1604 vim
233 1542 381 1621 accipiunt
393 1543 430 1603 ad
441 1543 530 1603 iidem
543 1551 708 1604 constanter
720 1540 936 1621 profitendam:
949 1538 1095 1599 inordina

82 1639 129 1690 est
139 1628 257 1706 signum
272 1625 478 1690 ministrorum
486 1627 592 1689 Christi
600 1674 610 1706 ,
626 1645 685 1707 quo
699 1637 874 1708 potestatem
887 1625 1045 1704 acquirunt
1057 1623 1095 1684 ad

82 1721 266 1776 sacramenta
287 1713 423 1773 fidelihus
439 1715 647 1774 ministranda.
660 1714 846 1792 imprimitur
865 1722 963 1772 autem
977 1709 1095 1771 charac-

82 1808 132 1860 ter
153 1801 243 1859 ctiam
262 1798 295 1856 in
312 1807 495 1858 sacramento
513 1798 615 1858 illicite
628 1805 762 1876 suscepto
777 1822 785 1855 ε
803 1815 858 1856 nec
876 1797 1024 1856 amittitur
1041 1811 1095 1873 pcr

82 1890 249 1963 peccatum.
264 1881 432 1941 Notandum
450 1882 590 1958 insuper,
607 1881 687 1959 qudd
708 1899 744 1941 ex
761 1880 928 1958 baptismo,
942 1889 973 1938 et
987 1877 1094 1940 confir-

83 1967 218 2031 matione
234 1965 331 2027 oritur
350 1967 426 2027 alius
445 1966 586 2041 effectus,
606 1983 713 2045 nempe
732 1964 977 2044 impedimentum
995 1981 1096 2041 cogna-

84 2055 175 2116 tionis
194 2052 456 2133 spiritualiquuoe
475 2052 591 2113 dirimit
610 2052 835 2113 matrimonium
852 2050 930 2110 inter
950 2048 1097 2126 baptizan-

83 2149 146 2200 tem
168 2146 199 2197 ct
221 2138 424 2213 baptizatum,
450 2136 650 2215 baptizatique
673 2146 787 2214 patrem
809 2141 839 2193 ct
862 2143 999 2194 matrem.
1020 2135 1094 2195 Item

84 2224 164 2283 inter
182 2230 383 2297 susceptorem
395 2222 469 2297 (sivo
486 2221 649 2300 patrinum)
664 2230 695 2283 ct
713 2226 897 2297 susceptum,
911 2220 1095 2299 susceptique

83 2315 201 2386 patrem
220 2311 251 2363 et
269 2312 408 2375 matrem.

504 2476 628 2540 caput
641 2478 681 2539 11.

236 2642 293 2721 Dc
316 2651 543 2723 sacramento
570 2646 709 2725 ordinis
731 2646 771 2723 in
794 2647 937 2748 gencrc'.

86 2844 160 2911 Quid
175 2844 211 2898 rit
224 2846 309 2899 ordo.
321 2844 363 2897 25.
377 2843 451 2911 Quid
469 2844 621 2899 ordinatio.
638 2846 679 2899 26.
699 2849 772 2914 Quot
788 2846 844 2901 sint
863 2846 993 2907 cratian,-
1008 2850 1035 2900 ot
1054 2858 1093 2898 on

116 2918 303 2986 Episcopatus
324 2918 360 2971 sit
381 2918 451 2971 ordo
474 2919 631 2973 distinctas.
652 2922 693 2973 it.
712 2926 755 2974 Aa
774 2920 880 2988 siapuii
903 2920 1015 2973 ordines
1036 2918 1093 2971 sint

117 2998 306 3046 sacramento.
317 2995 359 3045 28.
372 2994 507 3057 monum
524 2994 643 3047 materia
657 3000 682 3047 ct
697 2996 790 3063 [ormo
803 2993 922 3052 ordinis:
933 2998 959 3045 ct
971 2992 1004 3044 dc
1016 2995 1093 3044 tactu

116 3066 250 3133 physico,
269 3073 295 3119 ct
309 3065 486 3120 aimultonco.
500 3069 542 3119 29.
559 3067 627 3132 Quis
643 3067 777 3120 minister.
793 3068 835 3119 30.
851 3065 978 3133 Effectus.
991 3068 1033 3118 51.
1050 3080 1093 3119 rc·

118 3138 242 3206 quisito,
260 3144 292 3191 ut
310 3139 372 3207 poia
389 3138 481 3193 ualidi
499 3140 654 3193 ordinetur.
671 3142 712 3194 32.
728 3144 760 3195 Ut
779 3144 874 3193 cutem
894 3138 982 3201 liciti,
999 3140 1092 3207 requi·

6 3215 7 3218 ’
118 3211 194 3263 riter
209 3215 232 3263 1.
245 3212 436 3279 confirmatio.
450 3216 488 3264 11.
501 3215 533 3265 ut
546 3226 604 3265 noo
617 3212 654 3267 ait
666 3212 797 3282 insumis,
811 3216 862 3263 etc.
871 3216 914 3263 An
927 3213 1091 3279 protestatio

118 3283 264 3352 Episcopi,
280 3285 523 3338 ceritaniam
543 3286 703 3339 clericandi.
715 3290 730 3337 i
734 3287 762 3339 V.
777 3286 810 3335 tu
824 3282 859 3335 oh
872 3286 1006 3353 Episcopo
1023 3301 1093 3355 pro·

119 3357 202 3424 prio,
213 3359 317 3409 ataid.
330 3358 397 3423 Quin
408 3358 445 3411 ait
453 3358 607 3427 Episcopus
617 3358 760 3425 proprius.
770 3355 920 3425 Reputans
932 3358 950 3411 d
961 3373 1031 3427 quo,
1041 3366 1094 3411 etc.
1127 3355 1131 3363 '

120 3432 266 3483 remissive.
279 3433 321 3483 ut.
333 3434 365 3484 V.
377 3432 508 3485 scientie.
520 3436 553 3485 ³3
564 3438 589 3485 ct
600 3432 642 3483 36.
658 3434 702 3484 Vt.
715 3430 839 3493 Titutua3
851 3435 875 3485 at
887 3431 1040 3501 quotuptac
1057 3430 1093 3481 sit

122 3502 232 3556 titulus.
245 3506 279 3556 3¹1
290 3508 315 3557 ct
328 3507 370 3557 58.
384 3508 423 3557 De
436 3504 610 3572 patrimonio
628 3505 703 3570 pcto.
720 3506 763 3558 59.
780 3508 835 3558 ΥΠ.
852 3508 884 3556 tJt
896 3504 964 3557 ordo
975 3501 1093 3567 inferior

120 3576 292 3643 suscipiatur
309 3582 375 3645 erote
387 3577 567 3647 superiorem.
585 3574 662 3633 Vm.
670 3580 783 3647 Tempus
795 3578 923 3633 debitum.
936 3576 978 3628 4⁰.
990 3576 1036 3626 ix.
1049 3576 1095 3624 tn·

133 3652 216 3712 Tota.
229 3651 290 3713 IX.
905 3648 943 3707 18
