2475 3975
280 187 307 268 ς.
324 190 363 249 ll.
374 190 421 251 De
433 188 564 250 oratione
578 186 833 270 contemplationis
844 233 852 263 ‚
865 201 917 257 etc.
1056 196 1113 257 tta

99 310 227 357 eernere
239 307 287 352 res
303 285 359 349 sibi
373 296 616 369 repraesentatas,
632 290 692 349 nisi
706 290 739 369 in
754 294 925 371 apparentia
947 309 1085 374 corporea
1098 342 1109 375 ,

97 375 219 441 etiamsi
238 382 334 437 essent
351 374 521 435 substantiae
542 374 733 453 spirituales;
754 372 889 437 econtm
907 376 1049 441 beneflcio
1064 380 1111 440 in·

97 460 237 526 telleetvis
257 477 304 520 res
326 469 490 520 cernuntur
510 453 628 520 tantdm
655 461 847 539 spirituales,
866 461 979 523 etiamsi
1000 460 1110 523 luerint

97 545 269 610 materiales
284 566 293 621 3
307 542 354 604 vel
371 552 404 605 ut
417 534 523 603 melida
539 543 656 615 dicam,
671 556 854 621 noscuntur,
870 562 932 608 non
950 543 1108 619 videntur,

97 630 152 694 sed
171 635 335 691 noscuntur
348 626 435 707 longe
451 624 557 689 melicis
574 620 663 705 qulm
683 627 708 689 si
730 630 822 691 oeulis
834 640 1039 693 cernerentur.

139 718 209 778 rao.
224 711 446 775 advertendum
458 718 557 773 tamen
571 710 621 773 bio
639 721 702 785 est,
721 715 801 793 qubd
818 716 946 778 visiones
961 717 1031 778 istas
1049 723 1110 777 tarn

96 802 200 873 Deus,
224 796 313 879 quim
325 798 459 859 diabolus
477 799 569 877 possit
588 800 704 879 operari
715 820 725 876 3
737 800 817 879 quod
831 801 1109 883 estintelligendum

96 889 190 949 etiam
210 886 248 948 de
267 880 535 955 intellectualibus,
552 893 587 945 ut
606 885 726 944 videtur
748 886 874 947 innuere
893 890 924 950 S.
938 888 1110 951 loonncsd

99 972 210 1042 Cruoe,
228 964 337 1049 (Solita
352 966 373 1031 l.
392 972 422 1032 2.
441 988 467 1030 er
482 966 545 1046 Ἧι.)
562 976 664 1029 contra
688 968 720 1028 id
741 969 821 1048 quod
836 973 926 1034 sentit
940 970 1111 1033 cardinatis

97 1056 271 1120 Pctrrcer'us
280 1100 290 1134 ,
308 1054 444 1134 quamvis
464 1051 560 1115 multd
576 1049 691 1113 iacilivis
706 1055 891 1134 corporales,
906 1075 972 1135 qun
988 1067 1021 1116 ut
1043 1058 1110 1135 plu·

96 1140 212 1205 rimtirn
225 1185 234 1212 ,
247 1150 277 1202 et
289 1138 437 1220 praecipue
454 1140 485 1200 in
500 1138 646 1211 foeminis,
662 1137 699 1198 ab
717 1139 779 1218 ipsa
796 1139 947 1218 phantasia
958 1140 1112 1203 efformar-

96 1237 162 1288 tur.
176 1225 266 1305 Signa
279 1224 317 1285 ad
336 1224 558 1303 distinguendas
578 1242 662 1283 voras
675 1218 692 1284 d
706 1224 786 1285 tarsis
801 1234 890 1285 sunt:
907 1227 936 1286 t.
947 1227 979 1287 Si
991 1227 1111 1288 veniant

96 1330 136 1371 ex
149 1309 313 1390 improviso
329 1310 394 1371 sine
415 1311 475 1369 ulla
496 1308 674 1387 praecedenti
694 1310 801 1373 animoe
818 1310 1003 1390 cogitatione.
1026 1312 1058 1374 2.
1076 1312 1108 1373 Si

97 1394 138 1457 ab
163 1394 250 1457 initio
276 1392 400 1455 afferant
432 1395 656 1465 confusionem,
675 1405 707 1456 et
731 1404 904 1469 terrorem,
930 1398 983 1458 sed
1007 1405 1109 1476 postea

96 1481 270 1559 relinquant
283 1479 414 1539 animam
434 1480 466 1539 in
484 1497 565 1559 paee.
583 1481 613 1540 5.
627 1481 659 1540 Si
673 1480 733 1540 sint
744 1497 841 1552 rarae,
857 1482 926 1559 quia
938 1482 1108 1560 frequentes

95 1574 169 1628 sunt
196 1563 282 1625 valde
301 1573 452 1643 suspectae.
467 1564 497 1625 le.
511 1564 540 1625 Si
561 1562 668 1644 partim
686 1564 813 1639 durent,
828 1568 989 1643 quoniam,
1010 1567 1109 1647 inquit

95 1654 131 1715 S.
157 1648 296 1725 Therasia
315 1649 428 1731 (Mona.
450 1650 504 1712 VI.
527 1667 552 1711 o.
576 1650 620 1729 9.)
641 1650 760 1730 quando
782 1651 881 1712 anima
904 1653 1109 1731 intueturper

95 1738 222 1817 longum
240 1743 358 1815 tompus
375 1753 440 1796 rem
469 1735 526 1795 sibi
548 1745 812 1814 representatum,
830 1738 949 1815 signum
965 1747 1009 1798 est
1028 1735 1109 1816 qudd

94 1822 137 1883 sit
155 1818 253 1900 potibs
265 1829 346 1879 actus
366 1816 539 1899 phantasiae.
551 1820 633 1880 Visio
650 1820 750 1881 divina
770 1829 804 1879 ut
820 1820 984 1899 plurimdm
1001 1824 1109 1883 transit

96 1906 135 1967 sd
167 1905 260 1965 instar
286 1902 438 1984 fulguris,
459 1901 512 1965 sed
535 1912 671 1964 remanet
705 1902 777 1964 inde
801 1903 996 1967 immobiliter
1014 1907 1108 1967 menti

95 1991 201 2055 infixa.
227 1991 257 2052 5.
272 1989 349 2049 Vera
366 1989 441 2050 visio
460 1989 605 2068 relinquit
623 1990 753 2052 animam
775 1989 808 2050 in
830 2008 947 2052 summa
969 2010 1059 2072 paee,
1078 2001 1109 2053 et

93 2076 197 2141 vivida
214 2075 382 2154 cognitione
406 2076 532 2136 miseriae
549 2092 632 2150 suae,
653 2091 716 2138 non
736 2077 801 2137 sine
822 2073 935 2157 ingenti
963 2077 1109 2138 desiderio

93 2159 309 2246 perfectionis3
331 2158 368 2218 ad
387 2159 585 2220 differentiam
606 2161 758 2220 visionum
787 2160 1021 2234 diabolicamm,
1043 2179 1109 2240 quae

93 2244 206 2329 partim
219 2251 375 2302 remanent
391 2243 541 2322 impressae
551 2287 559 2316 ,
571 2252 602 2304 et
613 2245 791 2321 relinquunt
801 2245 929 2304 animam
939 2243 971 2304 in
983 2247 1108 2325 quadam

94 2331 249 2401 siccitate,
273 2326 519 2405 perturbatione,
542 2329 673 2388 motibus
696 2329 826 2409 proprie
840 2331 1062 2404 estimationis,
1077 2344 1108 2396 et

94 2438 166 2482 cum
184 2415 263 2478 same
282 2411 415 2473 sensibili
431 2411 538 2474 harum
556 2417 731 2493 gratiarum.
744 2414 855 2476 Verdm
874 2435 942 2478 cum
968 2420 1107 2483 omnibus

95 2501 188 2583 signis
211 2495 348 2577 superbis
361 2499 549 2569 memoratis,
562 2500 661 2578 inquit
672 2501 704 2562 S.
719 2498 980 2582 Thermantia),
992 2506 1106 2567 nullam

97 2597 207 2650 certam
220 2583 322 2645 baberi
337 2600 422 2662 posse
439 2584 651 2661 securitatem,
671 2585 813 2660 quoniam
828 2588 977 2648 multoties
989 2588 1106 2651 demon

97 2673 166 2736 lecit
190 2670 330 2732 simulare
348 2668 498 2747 quictem,
518 2672 710 2750 cogitationes
738 2668 937 2744 humilitatis,
962 2673 1105 2734 desideria

98 2752 283 2838 perfectiouis
294 2775 303 2830 3
316 2771 382 2832 quae
396 2755 495 2814 omnia
514 2755 663 2818 incertum
676 2764 721 2816 est
734 2751 750 2813 d
763 2773 824 2835 quo
839 2756 999 2835 procedant
1009 2779 1018 2834 3
1030 2774 1105 2836 quo·

99 2841 180 2902 niam
203 2837 280 2917 saepe
300 2838 364 2917 ipse
385 2836 526 2917 daemon,
550 2848 585 2901 ut
608 2841 636 2902 ei
655 2840 729 2901 tides
753 2851 927 2920 prestetur,
945 2843 1020 2902 solet
1043 2842 1105 2903 bace

98 2926 265 2998 insinuare,
280 2932 314 2983 ut
334 2923 454 2985 tandem
475 2926 559 2987 illum
582 2926 727 3006 percipiat
742 2927 873 2988 fructum
888 2971 897 3000 ,
910 2936 942 2987 et
959 2927 1105 3008 deceptio·

98 3029 167 3084 nes,
187 3027 260 3088 quas
289 3005 429 3069 intendit.
447 3009 532 3072 Unde
557 3011 709 3086 director,
731 3011 909 3091 regulariter
931 3011 1102 3089 loquendo,

99 3112 160 3156 non
191 3091 346 3173 probibeat
371 3094 479 3156 animae
503 3113 642 3157 enarrare
669 3097 726 3158 sibi
750 3093 923 3172 hujusmodi
952 3096 1101 3173 visiones,

0 3224 3 3235 .
98 3177 159 3240 imd
179 3179 311 3258 imponat
322 3177 384 3252 illi,
400 3186 434 3239 ut
447 3181 613 3242 manifestet
625 3198 818 3262 quaecumque
836 3181 918 3241 videt
934 3226 942 3255 ,
956 3182 1018 3245 sive
1034 3203 1102 3246 vera

98 3283 131 3325 oa
145 3263 221 3338 sint,
242 3263 304 3325 sive
328 3263 398 3324 salsa
416 3308 425 3332 .
443 3275 477 3326 ut
496 3267 580 3329 docet
595 3269 628 3328 S.
648 3265 786 3328 Therasia
807 3265 921 3344 (Meas.
941 3269 976 3330 V.
999 3287 1025 3331 e.
1047 3271 1101 3350 9.),

97 3348 147 3410 sed
162 3346 179 3408 d
197 3348 343 3412 contrario
366 3349 478 3412 nullam
501 3352 637 3412 ostendat
650 3351 848 3411 curiositatem
865 3353 976 3417 sciendi
998 3352 1102 3431 hujus·

99 3433 178 3496 modi
193 3433 338 3512 visiones,
361 3453 457 3515 nequo
479 3437 515 3498 de
526 3435 573 3497 bis
584 3435 699 3497 minute
711 3437 839 3496 animam
852 3437 1032 3517 interroget:
1049 3456 1103 3498 nce

98 3518 257 3600 praeveniat
273 3518 398 3580 dicendo
412 3541 420 3579 ε
436 3521 505 3584 Non
517 3520 580 3600 fuit
599 3521 667 3582 sic?
685 3515 829 3581 Vidistine
847 3519 916 3599 hoc,
939 3518 985 3582 oel
1003 3517 1102 3581 illud?

97 3603 166 3682 quia
178 3613 250 3666 tunc
262 3603 346 3666 facile
357 3604 455 3667 anima
467 3604 626 3684 respondet
643 3605 816 3669 affirmative
828 3615 879 3667 aut
900 3623 935 3667 es
947 3624 999 3666 sua
1017 3605 1101 3666 mali·
