<?xml version="1.0" encoding="UTF-8"?>
<!DOCTYPE html PUBLIC "-//W3C//DTD XHTML 1.0 Transitional//EN"
    "http://www.w3.org/TR/xhtml1/DTD/xhtml1-transitional.dtd">
<html xmlns="http://www.w3.org/1999/xhtml" xml:lang="en" lang="en">
 <head>
  <title>
</title>
<meta http-equiv="Content-Type" content="text/html;charset=utf-8" />
  <meta name='ocr-system' content='tesseract 3.04.00' />
  <meta name='ocr-capabilities' content='ocr_page ocr_carea ocr_par ocr_line ocrx_word'/>
</head>
<body>
  <div class='ocr_page' id='page_1' title='image "./theologiamorali04heilgoog_0215.png"; bbox 0 0 2475 3975; ppageno 0'>
   <div class='ocr_carea' id='block_1_1' title="bbox 330 176 1099 256">
    <p class='ocr_par' dir='ltr' id='par_1_1' title="bbox 330 176 1099 256">
     <span class='ocr_line' id='line_1_1' title="bbox 330 176 1099 256; baseline 0.009 -20"><span class='ocrx_word' id='word_1_1' title='bbox 330 177 401 256; x_wconf 82' lang='lat' dir='ltr'><strong>Cap.</strong></span> <span class='ocrx_word' id='word_1_2' title='bbox 415 176 872 256; x_wconf 64' lang='lat' dir='ltr'><strong>murmuraremusnequiere.</strong></span> <span class='ocrx_word' id='word_1_3' title='bbox 1020 183 1099 246; x_wconf 79' lang='lat' dir='ltr'><strong>,loa</strong></span> 
     </span>
    </p>
   </div>
   <div class='ocr_carea' id='block_1_2' title="bbox 87 278 1099 784">
    <p class='ocr_par' dir='ltr' id='par_1_2' title="bbox 89 278 1098 526">
     <span class='ocr_line' id='line_1_2' title="bbox 90 278 1098 345; baseline 0.002 -5"><span class='ocrx_word' id='word_1_4' title='bbox 90 278 259 341; x_wconf 87' lang='lat' dir='ltr'><strong>dillcrentia</strong></span> <span class='ocrx_word' id='word_1_5' title='bbox 275 279 350 340; x_wconf 90' lang='lat' dir='ltr'><strong>circa</strong></span> <span class='ocrx_word' id='word_1_6' title='bbox 370 278 508 338; x_wconf 85' lang='lat' dir='ltr'><strong>materias</strong></span> <span class='ocrx_word' id='word_1_7' title='bbox 530 286 560 345; x_wconf 83' lang='lat' dir='ltr'><strong>et</strong></span> <span class='ocrx_word' id='word_1_8' title='bbox 583 278 711 345; x_wconf 82' lang='lat' dir='ltr'><strong>formas.</strong></span> <span class='ocrx_word' id='word_1_9' title='bbox 736 279 861 339; x_wconf 88' lang='lat' dir='ltr'><strong>mutatio</strong></span> <span class='ocrx_word' id='word_1_10' title='bbox 886 280 935 338; x_wconf 89' lang='lat' dir='ltr'><strong>illa</strong></span> <span class='ocrx_word' id='word_1_11' title='bbox 963 288 1098 342; x_wconf 87' lang='lat' dir='ltr'><strong>censetur</strong></span> 
     </span>
     <span class='ocr_line' id='line_1_3' title="bbox 89 361 1098 444; baseline 0.002 -19"><span class='ocrx_word' id='word_1_12' title='bbox 89 363 208 426; x_wconf 81' lang='lat' dir='ltr'><strong>tantbm</strong></span> <span class='ocrx_word' id='word_1_13' title='bbox 230 362 426 423; x_wconf 89' lang='lat' dir='ltr'><strong>accidentalis.</strong></span> <span class='ocrx_word' id='word_1_14' title='bbox 452 361 540 440; x_wconf 86' lang='lat' dir='ltr'><strong>(Vide</strong></span> <span class='ocrx_word' id='word_1_15' title='bbox 562 361 639 422; x_wconf 82' lang='lat' dir='ltr'><strong>bane</strong></span> <span class='ocrx_word' id='word_1_16' title='bbox 668 361 860 444; x_wconf 76' lang='lat' dir='ltr'><strong>qaaestionem</strong></span> <span class='ocrx_word' id='word_1_17' title='bbox 885 361 925 424; x_wconf 84' lang='lat' dir='ltr'><strong>ad</strong></span> <span class='ocrx_word' id='word_1_18' title='bbox 951 364 1098 426; x_wconf 77' lang='lat' dir='ltr'><strong><em>trutinam</em></strong></span> 
     </span>
     <span class='ocr_line' id='line_1_4' title="bbox 89 446 514 526; baseline -0.012 -16"><span class='ocrx_word' id='word_1_19' title='bbox 89 457 257 512; x_wconf 80' lang='lat' dir='ltr'><strong>recusatam</strong></span> <span class='ocrx_word' id='word_1_20' title='bbox 269 447 333 509; x_wconf 80' lang='lat' dir='ltr'><strong>bib.</strong></span> <span class='ocrx_word' id='word_1_21' title='bbox 345 450 376 508; x_wconf 87' lang='lat'><strong>6.</strong></span> <span class='ocrx_word' id='word_1_22' title='bbox 389 465 423 506; x_wconf 84' lang='lat' dir='ltr'><strong>a.</strong></span> <span class='ocrx_word' id='word_1_23' title='bbox 439 446 514 526; x_wconf 65' lang='lat' dir='ltr'><strong>lh).</strong></span> 
     </span>
    </p>

    <p class='ocr_par' dir='ltr' id='par_1_3' title="bbox 87 531 1099 784">
     <span class='ocr_line' id='line_1_5' title="bbox 119 531 1097 612; baseline 0.003 -18"><span class='ocrx_word' id='word_1_24' title='bbox 119 534 159 594; x_wconf 82' lang='grc'><strong>’9.</strong></span> <span class='ocrx_word' id='word_1_25' title='bbox 172 531 347 594; x_wconf 83' lang='lat' dir='ltr'><strong>-Demirm</strong></span> <span class='ocrx_word' id='word_1_26' title='bbox 368 531 405 592; x_wconf 95' lang='lat' dir='ltr'><strong>ad</strong></span> <span class='ocrx_word' id='word_1_27' title='bbox 427 532 582 594; x_wconf 81' lang='lat' dir='ltr'><strong>essentiam</strong></span> <span class='ocrx_word' id='word_1_28' title='bbox 601 532 775 593; x_wconf 76' lang='lat' dir='ltr'><strong>sacramenti</strong></span> <span class='ocrx_word' id='word_1_29' title='bbox 793 533 959 612; x_wconf 77' lang='lat' dir='ltr'>requiritur</span> <span class='ocrx_word' id='word_1_30' title='bbox 974 534 1097 598; x_wconf 81' lang='lat' dir='ltr'><strong>irrteatio</strong></span> 
     </span>
     <span class='ocr_line' id='line_1_6' title="bbox 87 616 1099 695; baseline 0.001 -15"><span class='ocrx_word' id='word_1_31' title='bbox 87 618 237 691; x_wconf 88' lang='lat' dir='ltr'><strong>ministri,</strong></span> <span class='ocrx_word' id='word_1_32' title='bbox 263 616 431 695; x_wconf 87' lang='lat' dir='ltr'><strong>etquidem</strong></span> <span class='ocrx_word' id='word_1_33' title='bbox 453 619 576 677; x_wconf 85' lang='lat' dir='ltr'><strong>actualis</strong></span> <span class='ocrx_word' id='word_1_34' title='bbox 602 617 650 676; x_wconf 83' lang='lat' dir='ltr'><strong>vel</strong></span> <span class='ocrx_word' id='word_1_35' title='bbox 676 616 779 676; x_wconf 84' lang='lat' dir='ltr'><strong>saltem</strong></span> <span class='ocrx_word' id='word_1_36' title='bbox 800 618 945 678; x_wconf 86' lang='lat' dir='ltr'><strong>virtualis.</strong></span> <span class='ocrx_word' id='word_1_37' title='bbox 970 621 1099 681; x_wconf 82' lang='lat' dir='ltr'><strong>Intentio</strong></span> 
     </span>
     <span class='ocr_line' id='line_1_7' title="bbox 87 700 1099 784; baseline 0 -18"><span class='ocrx_word' id='word_1_38' title='bbox 87 700 216 766; x_wconf 56' lang='lat' dir='ltr'><strong>actitabis</strong></span> <span class='ocrx_word' id='word_1_39' title='bbox 239 710 283 762; x_wconf 90' lang='lat' dir='ltr'><strong>est</strong></span> <span class='ocrx_word' id='word_1_40' title='bbox 303 719 354 777; x_wconf 84' lang='lat' dir='ltr'><strong>es,</strong></span> <span class='ocrx_word' id='word_1_41' title='bbox 377 721 443 780; x_wconf 87' lang='lat' dir='ltr'><strong>quae</strong></span> <span class='ocrx_word' id='word_1_42' title='bbox 462 712 528 762; x_wconf 89' lang='lat' dir='ltr'><strong>actu</strong></span> <span class='ocrx_word' id='word_1_43' title='bbox 553 701 692 763; x_wconf 89' lang='lat' dir='ltr'><strong>habetur.</strong></span> <span class='ocrx_word' id='word_1_44' title='bbox 725 701 871 765; x_wconf 75' lang='lat' dir='ltr'><strong>Victualis</strong></span> <span class='ocrx_word' id='word_1_45' title='bbox 896 712 1013 778; x_wconf 87' lang='lat' dir='ltr'><strong>autem,</strong></span> <span class='ocrx_word' id='word_1_46' title='bbox 1032 725 1099 784; x_wconf 76' lang='lat' dir='ltr'><strong>quae</strong></span> 
     </span>
    </p>
   </div>
   <div class='ocr_carea' id='block_1_3' title="bbox 81 787 1101 1795">
    <p class='ocr_par' dir='ltr' id='par_1_4' title="bbox 81 787 1101 1795">
     <span class='ocr_line' id='line_1_8' title="bbox 87 787 1098 868; baseline 0.003 -21"><span class='ocrx_word' id='word_1_47' title='bbox 87 795 242 868; x_wconf 88' lang='lat' dir='ltr'><strong>permanet</strong></span> <span class='ocrx_word' id='word_1_48' title='bbox 264 787 296 846; x_wconf 90' lang='lat' dir='ltr'><strong>in</strong></span> <span class='ocrx_word' id='word_1_49' title='bbox 321 789 431 847; x_wconf 89' lang='lat' dir='ltr'><strong>virtute</strong></span> <span class='ocrx_word' id='word_1_50' title='bbox 452 788 593 860; x_wconf 89' lang='lat' dir='ltr'><strong>actionis,</strong></span> <span class='ocrx_word' id='word_1_51' title='bbox 613 805 703 866; x_wconf 90' lang='lat' dir='ltr'><strong>quam</strong></span> <span class='ocrx_word' id='word_1_52' title='bbox 727 787 862 848; x_wconf 87' lang='lat' dir='ltr'><strong>minister</strong></span> <span class='ocrx_word' id='word_1_53' title='bbox 880 791 1037 868; x_wconf 80' lang='lat' dir='ltr'><strong>exequitur</strong></span> <span class='ocrx_word' id='word_1_54' title='bbox 1062 807 1098 850; x_wconf 86' lang='lat' dir='ltr'><strong>ex</strong></span> 
     </span>
     <span class='ocr_line' id='line_1_9' title="bbox 84 870 1098 949; baseline 0.003 -17"><span class='ocrx_word' id='word_1_55' title='bbox 84 873 253 933; x_wconf 88' lang='lat' dir='ltr'><strong>intentione</strong></span> <span class='ocrx_word' id='word_1_56' title='bbox 270 871 376 931; x_wconf 85' lang='lat' dir='ltr'><strong>actuali</strong></span> <span class='ocrx_word' id='word_1_57' title='bbox 395 871 480 949; x_wconf 80' lang='lat' dir='ltr'><strong>prius</strong></span> <span class='ocrx_word' id='word_1_58' title='bbox 499 870 619 945; x_wconf 81' lang='lat' dir='ltr'><strong>habita3</strong></span> <span class='ocrx_word' id='word_1_59' title='bbox 641 871 678 930; x_wconf 93' lang='lat' dir='ltr'><strong>ad</strong></span> <span class='ocrx_word' id='word_1_60' title='bbox 698 871 898 932; x_wconf 74' lang='lat' dir='ltr'><strong>differentiam</strong></span> <span class='ocrx_word' id='word_1_61' title='bbox 924 874 1098 935; x_wconf 86' lang='lat' dir='ltr'><strong>intentionis</strong></span> 
     </span>
     <span class='ocr_line' id='line_1_10' title="bbox 85 955 1099 1035; baseline 0.001 -17"><span class='ocrx_word' id='word_1_62' title='bbox 85 955 268 1028; x_wconf 74' lang='lat' dir='ltr'><strong>habitualis,</strong></span> <span class='ocrx_word' id='word_1_63' title='bbox 282 974 348 1035; x_wconf 88' lang='lat' dir='ltr'><strong>quae</strong></span> <span class='ocrx_word' id='word_1_64' title='bbox 365 957 526 1035; x_wconf 88' lang='lat' dir='ltr'><strong>aliquando</strong></span> <span class='ocrx_word' id='word_1_65' title='bbox 540 963 586 1015; x_wconf 90' lang='lat' dir='ltr'><strong>est</strong></span> <span class='ocrx_word' id='word_1_66' title='bbox 601 955 723 1027; x_wconf 88' lang='lat' dir='ltr'><strong>habita,</strong></span> <span class='ocrx_word' id='word_1_67' title='bbox 745 963 775 1014; x_wconf 90' lang='lat' dir='ltr'><strong>et</strong></span> <span class='ocrx_word' id='word_1_68' title='bbox 796 973 857 1016; x_wconf 88' lang='lat' dir='ltr'><strong>non</strong></span> <span class='ocrx_word' id='word_1_69' title='bbox 877 965 921 1016; x_wconf 89' lang='lat' dir='ltr'><strong>est</strong></span> <span class='ocrx_word' id='word_1_70' title='bbox 943 967 1099 1019; x_wconf 84' lang='lat' dir='ltr'><strong>retractata</strong></span> 
     </span>
     <span class='ocr_line' id='line_1_11' title="bbox 84 1039 1098 1122; baseline 0.002 -20"><span class='ocrx_word' id='word_1_71' title='bbox 84 1043 120 1122; x_wconf 92' lang='grc'><strong>(1.</strong></span> <span class='ocrx_word' id='word_1_72' title='bbox 134 1061 159 1103; x_wconf 87' lang='lat' dir='ltr'><strong>a.</strong></span> <span class='ocrx_word' id='word_1_73' title='bbox 171 1061 205 1102; x_wconf 85' lang='lat' dir='ltr'><strong>a.</strong></span> <span class='ocrx_word' id='word_1_74' title='bbox 220 1042 293 1120; x_wconf 71' lang='grc'><strong>15).</strong></span> <span class='ocrx_word' id='word_1_75' title='bbox 312 1043 380 1102; x_wconf 83' lang='lat' dir='ltr'><strong>llaec</strong></span> <span class='ocrx_word' id='word_1_76' title='bbox 399 1050 498 1100; x_wconf 86' lang='lat' dir='ltr'><strong>autern</strong></span> <span class='ocrx_word' id='word_1_77' title='bbox 512 1039 671 1100; x_wconf 76' lang='lat' dir='ltr'><strong>habitualis</strong></span> <span class='ocrx_word' id='word_1_78' title='bbox 687 1057 748 1099; x_wconf 91' lang='lat' dir='ltr'><strong>non</strong></span> <span class='ocrx_word' id='word_1_79' title='bbox 764 1039 872 1100; x_wconf 87' lang='lat' dir='ltr'><strong>sufficit</strong></span> <span class='ocrx_word' id='word_1_80' title='bbox 896 1041 929 1100; x_wconf 88' lang='lat' dir='ltr'><strong>in</strong></span> <span class='ocrx_word' id='word_1_81' title='bbox 943 1043 1098 1114; x_wconf 87' lang='lat' dir='ltr'><strong>ministro,</strong></span> 
     </span>
     <span class='ocr_line' id='line_1_12' title="bbox 83 1125 1100 1204; baseline 0.001 -17"><span class='ocrx_word' id='word_1_82' title='bbox 83 1127 136 1187; x_wconf 89' lang='lat' dir='ltr'><strong>sed</strong></span> <span class='ocrx_word' id='word_1_83' title='bbox 150 1125 226 1187; x_wconf 78' lang='lat' dir='ltr'><strong>beni</strong></span> <span class='ocrx_word' id='word_1_84' title='bbox 236 1126 342 1186; x_wconf 87' lang='lat' dir='ltr'><strong>suffieit</strong></span> <span class='ocrx_word' id='word_1_85' title='bbox 358 1126 390 1186; x_wconf 93' lang='lat' dir='ltr'><strong>in</strong></span> <span class='ocrx_word' id='word_1_86' title='bbox 406 1125 632 1204; x_wconf 78' lang='lat' dir='ltr'><strong>suscipientibus</strong></span> <span class='ocrx_word' id='word_1_87' title='bbox 644 1132 824 1184; x_wconf 81' lang='lat' dir='ltr'><strong>sacramenta</strong></span> <span class='ocrx_word' id='word_1_88' title='bbox 835 1145 844 1200; x_wconf 81' lang='lat'>3</span> <span class='ocrx_word' id='word_1_89' title='bbox 855 1132 943 1203; x_wconf 89' lang='lat' dir='ltr'><strong>atque</strong></span> <span class='ocrx_word' id='word_1_90' title='bbox 958 1125 988 1184; x_wconf 92' lang='lat' dir='ltr'><strong>in</strong></span> <span class='ocrx_word' id='word_1_91' title='bbox 1002 1144 1100 1188; x_wconf 89' lang='lat' dir='ltr'><strong>neces-</strong></span> 
     </span>
     <span class='ocr_line' id='line_1_13' title="bbox 84 1209 1100 1289; baseline 0.001 -19"><span class='ocrx_word' id='word_1_92' title='bbox 84 1212 172 1270; x_wconf 84' lang='lat' dir='ltr'><strong>sitate</strong></span> <span class='ocrx_word' id='word_1_93' title='bbox 182 1211 270 1270; x_wconf 88' lang='lat' dir='ltr'><strong>ctiam</strong></span> <span class='ocrx_word' id='word_1_94' title='bbox 288 1209 312 1270; x_wconf 89' lang='lat' dir='ltr'><strong>si</strong></span> <span class='ocrx_word' id='word_1_95' title='bbox 328 1210 385 1289; x_wconf 89' lang='lat' dir='ltr'><strong>ipsi</strong></span> <span class='ocrx_word' id='word_1_96' title='bbox 400 1212 461 1270; x_wconf 91' lang='lat' dir='ltr'><strong>sint</strong></span> <span class='ocrx_word' id='word_1_97' title='bbox 478 1211 680 1281; x_wconf 80' lang='lat' dir='ltr'><strong>dormientes,</strong></span> <span class='ocrx_word' id='word_1_98' title='bbox 696 1218 748 1270; x_wconf 91' lang='lat' dir='ltr'><strong>aut</strong></span> <span class='ocrx_word' id='word_1_99' title='bbox 768 1209 862 1282; x_wconf 83' lang='lat' dir='ltr'><strong>ebrii,</strong></span> <span class='ocrx_word' id='word_1_100' title='bbox 876 1219 928 1270; x_wconf 89' lang='lat' dir='ltr'><strong>aut</strong></span> <span class='ocrx_word' id='word_1_101' title='bbox 941 1211 1100 1272; x_wconf 90' lang='lat' dir='ltr'><strong>ceciderint</strong></span> 
     </span>
     <span class='ocr_line' id='line_1_14' title="bbox 84 1293 1101 1374; baseline 0.002 -20"><span class='ocrx_word' id='word_1_102' title='bbox 84 1295 116 1354; x_wconf 91' lang='lat' dir='ltr'><strong>in</strong></span> <span class='ocrx_word' id='word_1_103' title='bbox 134 1296 296 1356; x_wconf 86' lang='lat' dir='ltr'><strong>amentiam</strong></span> <span class='ocrx_word' id='word_1_104' title='bbox 315 1303 470 1374; x_wconf 85' lang='lat' dir='ltr'><strong>postquam</strong></span> <span class='ocrx_word' id='word_1_105' title='bbox 483 1293 546 1372; x_wconf 87' lang='lat' dir='ltr'><strong>jam</strong></span> <span class='ocrx_word' id='word_1_106' title='bbox 558 1293 717 1356; x_wconf 89' lang='lat' dir='ltr'><strong>habuerint</strong></span> <span class='ocrx_word' id='word_1_107' title='bbox 731 1294 930 1355; x_wconf 89' lang='lat' dir='ltr'><strong>intentionem</strong></span> <span class='ocrx_word' id='word_1_108' title='bbox 947 1294 996 1355; x_wconf 89' lang='lat' dir='ltr'><strong>illa</strong></span> <span class='ocrx_word' id='word_1_109' title='bbox 1009 1297 1101 1356; x_wconf 89' lang='lat' dir='ltr'><strong>susci·</strong></span> 
     </span>
     <span class='ocr_line' id='line_1_15' title="bbox 83 1375 1099 1459; baseline 0.002 -21"><span class='ocrx_word' id='word_1_110' title='bbox 83 1380 207 1458; x_wconf 89' lang='lat' dir='ltr'><strong>piendi,</strong></span> <span class='ocrx_word' id='word_1_111' title='bbox 223 1388 258 1439; x_wconf 92' lang='lat' dir='ltr'><strong>ut</strong></span> <span class='ocrx_word' id='word_1_112' title='bbox 271 1378 511 1439; x_wconf 63' lang='lat' dir='ltr'><strong>communissima}</strong></span> <span class='ocrx_word' id='word_1_113' title='bbox 529 1380 637 1440; x_wconf 91' lang='lat' dir='ltr'><strong>docent</strong></span> <span class='ocrx_word' id='word_1_114' title='bbox 650 1380 725 1459; x_wconf 80' lang='lat' dir='ltr'><strong>bap.</strong></span> <span class='ocrx_word' id='word_1_115' title='bbox 746 1381 882 1458; x_wconf 85' lang='lat' dir='ltr'><strong>Castrop.</strong></span> <span class='ocrx_word' id='word_1_116' title='bbox 894 1375 988 1440; x_wconf 77' lang='lat' dir='ltr'><strong>Sulca.</strong></span> <span class='ocrx_word' id='word_1_117' title='bbox 1006 1389 1036 1441; x_wconf 89' lang='lat' dir='ltr'><strong>et</strong></span> <span class='ocrx_word' id='word_1_118' title='bbox 1049 1381 1099 1440; x_wconf 89' lang='lat' dir='ltr'><strong>alii</strong></span> 
     </span>
     <span class='ocr_line' id='line_1_16' title="bbox 82 1461 1099 1544; baseline 0.002 -20"><span class='ocrx_word' id='word_1_119' title='bbox 82 1467 185 1544; x_wconf 91' lang='lat' dir='ltr'><strong>plures</strong></span> <span class='ocrx_word' id='word_1_120' title='bbox 203 1482 272 1524; x_wconf 89' lang='lat' dir='ltr'><strong>cum</strong></span> <span class='ocrx_word' id='word_1_121' title='bbox 288 1466 330 1524; x_wconf 83' lang='lat' dir='ltr'><strong>D.</strong></span> <span class='ocrx_word' id='word_1_122' title='bbox 346 1467 402 1524; x_wconf 83' lang='lat' dir='ltr'><strong>Tb.</strong></span> <span class='ocrx_word' id='word_1_123' title='bbox 415 1463 460 1542; x_wconf 81' lang='lat' dir='ltr'><strong>(in</strong></span> <span class='ocrx_word' id='word_1_124' title='bbox 476 1464 508 1523; x_wconf 80' lang='grc'><strong>1.</strong></span> <span class='ocrx_word' id='word_1_125' title='bbox 519 1461 588 1524; x_wconf 87' lang='lat' dir='ltr'><strong>dist.</strong></span> <span class='ocrx_word' id='word_1_126' title='bbox 606 1467 637 1524; x_wconf 89' lang='grc'><strong>6.</strong></span> <span class='ocrx_word' id='word_1_127' title='bbox 659 1481 689 1543; x_wconf 89' lang='lat' dir='ltr'><strong>q.</strong></span> <span class='ocrx_word' id='word_1_128' title='bbox 709 1466 738 1522; x_wconf 92' lang='grc'><strong>1.</strong></span> <span class='ocrx_word' id='word_1_129' title='bbox 755 1472 814 1522; x_wconf 90' lang='lat' dir='ltr'><strong>art.</strong></span> <span class='ocrx_word' id='word_1_130' title='bbox 829 1465 892 1541; x_wconf 75' lang='grc'><strong>2.),</strong></span> <span class='ocrx_word' id='word_1_131' title='bbox 908 1472 938 1522; x_wconf 91' lang='lat' dir='ltr'><strong>et</strong></span> <span class='ocrx_word' id='word_1_132' title='bbox 953 1472 1050 1541; x_wconf 90' lang='lat' dir='ltr'><strong>patet,</strong></span> <span class='ocrx_word' id='word_1_133' title='bbox 1064 1482 1099 1526; x_wconf 85' lang='lat' dir='ltr'><strong>ex</strong></span> 
     </span>
     <span class='ocr_line' id='line_1_17' title="bbox 81 1545 1100 1630; baseline 0.002 -21"><span class='ocrx_word' id='word_1_134' title='bbox 81 1568 108 1609; x_wconf 86' lang='lat' dir='ltr'><strong>c.</strong></span> <span class='ocrx_word' id='word_1_135' title='bbox 121 1547 270 1630; x_wconf 68' lang='lat' dir='ltr'><strong>Maiores,</strong></span> <span class='ocrx_word' id='word_1_136' title='bbox 283 1546 310 1630; x_wconf 67' lang='lat' dir='ltr'><strong>S.</strong></span> <span class='ocrx_word' id='word_1_137' title='bbox 328 1548 454 1620; x_wconf 86' lang='lat' dir='ltr'><strong>Veram,</strong></span> <span class='ocrx_word' id='word_1_138' title='bbox 466 1545 502 1608; x_wconf 82' lang='lat' dir='ltr'><strong>de</strong></span> <span class='ocrx_word' id='word_1_139' title='bbox 519 1547 672 1629; x_wconf 75' lang='lat' dir='ltr'><strong>baptism,</strong></span> <span class='ocrx_word' id='word_1_140' title='bbox 690 1557 720 1608; x_wconf 91' lang='lat' dir='ltr'><strong>et</strong></span> <span class='ocrx_word' id='word_1_141' title='bbox 737 1549 827 1608; x_wconf 86' lang='lat' dir='ltr'><strong>etiam</strong></span> <span class='ocrx_word' id='word_1_142' title='bbox 844 1567 879 1608; x_wconf 85' lang='lat' dir='ltr'><strong>ex</strong></span> <span class='ocrx_word' id='word_1_143' title='bbox 900 1549 1043 1610; x_wconf 71' lang='lat' dir='ltr'><strong>Instruit.</strong></span> <span class='ocrx_word' id='word_1_144' title='bbox 1065 1549 1100 1611; x_wconf 86' lang='lat' dir='ltr'><strong>de</strong></span> 
     </span>
     <span class='ocr_line' id='line_1_18' title="bbox 81 1630 1098 1714; baseline 0 -20"><span class='ocrx_word' id='word_1_145' title='bbox 81 1630 224 1714; x_wconf 83' lang='lat' dir='ltr'><strong>baptism.</strong></span> <span class='ocrx_word' id='word_1_146' title='bbox 248 1632 314 1692; x_wconf 88' lang='lat' dir='ltr'><strong>data</strong></span> <span class='ocrx_word' id='word_1_147' title='bbox 336 1631 353 1692; x_wconf 80' lang='lat' dir='ltr'><strong>h</strong></span> <span class='ocrx_word' id='word_1_148' title='bbox 374 1631 484 1693; x_wconf 87' lang='lat' dir='ltr'><strong>Beaed.</strong></span> <span class='ocrx_word' id='word_1_149' title='bbox 504 1634 594 1694; x_wconf 89' lang='lat' dir='ltr'><strong>XIV.</strong></span> <span class='ocrx_word' id='word_1_150' title='bbox 617 1634 800 1712; x_wconf 88' lang='lat' dir='ltr'><strong>incipiente,</strong></span> <span class='ocrx_word' id='word_1_151' title='bbox 822 1635 974 1694; x_wconf 83' lang='lat' dir='ltr'><strong>Postremo</strong></span> <span class='ocrx_word' id='word_1_152' title='bbox 990 1651 1098 1695; x_wconf 76' lang='lat' dir='ltr'><strong>amam.</strong></span> 
     </span>
     <span class='ocr_line' id='line_1_19' title="bbox 82 1717 1098 1795; baseline 0.003 -18"><span class='ocrx_word' id='word_1_153' title='bbox 82 1717 150 1778; x_wconf 85' lang='lat' dir='ltr'><strong>lmb</strong></span> <span class='ocrx_word' id='word_1_154' title='bbox 170 1717 268 1795; x_wconf 91' lang='lat' dir='ltr'><strong>quoad</strong></span> <span class='ocrx_word' id='word_1_155' title='bbox 291 1725 452 1777; x_wconf 80' lang='lat' dir='ltr'><strong>extremam</strong></span> <span class='ocrx_word' id='word_1_156' title='bbox 472 1718 661 1790; x_wconf 87' lang='lat' dir='ltr'><strong>unctionem,</strong></span> <span class='ocrx_word' id='word_1_157' title='bbox 681 1728 712 1778; x_wconf 86' lang='lat' dir='ltr'><strong>et</strong></span> <span class='ocrx_word' id='word_1_158' title='bbox 729 1719 819 1778; x_wconf 89' lang='lat' dir='ltr'><strong>etiam</strong></span> <span class='ocrx_word' id='word_1_159' title='bbox 841 1717 1098 1780; x_wconf 87' lang='lat' dir='ltr'><strong>confirmationem</strong></span> 
     </span>
    </p>
   </div>
   <div class='ocr_carea' id='block_1_4' title="bbox 81 1800 1193 1880">
    <p class='ocr_par' dir='ltr' id='par_1_5' title="bbox 81 1800 1193 1880">
     <span class='ocr_line' id='line_1_20' title="bbox 81 1800 1193 1880; baseline -0.001 -17"><span class='ocrx_word' id='word_1_160' title='bbox 81 1803 155 1864; x_wconf 84' lang='lat' dir='ltr'><strong>satis</strong></span> <span class='ocrx_word' id='word_1_161' title='bbox 175 1810 219 1860; x_wconf 81' lang='lat' dir='ltr'><strong>est</strong></span> <span class='ocrx_word' id='word_1_162' title='bbox 237 1819 293 1877; x_wconf 89' lang='lat' dir='ltr'><strong>pro</strong></span> <span class='ocrx_word' id='word_1_163' title='bbox 317 1802 543 1879; x_wconf 85' lang='lat' dir='ltr'><strong>suscipientibus</strong></span> <span class='ocrx_word' id='word_1_164' title='bbox 567 1801 663 1862; x_wconf 88' lang='lat' dir='ltr'><strong>adhuc</strong></span> <span class='ocrx_word' id='word_1_165' title='bbox 681 1800 927 1880; x_wconf 62' lang='lat' dir='ltr'><strong>inclamatoque,</strong></span> <span class='ocrx_word' id='word_1_166' title='bbox 943 1802 974 1863; x_wconf 91' lang='lat' dir='ltr'><strong>id</strong></span> <span class='ocrx_word' id='word_1_167' title='bbox 999 1812 1043 1864; x_wconf 89' lang='lat' dir='ltr'><strong>est</strong></span> <span class='ocrx_word' id='word_1_168' title='bbox 1065 1821 1098 1862; x_wconf 90' lang='lat' dir='ltr'><strong>ea</strong></span> <span class='ocrx_word' id='word_1_169' title='bbox 1191 1844 1193 1850; x_wconf 40' lang='grc' dir='ltr'><strong>ι</strong></span> 
     </span>
    </p>
   </div>
   <div class='ocr_carea' id='block_1_5' title="bbox 81 1884 1150 3677">
    <p class='ocr_par' dir='ltr' id='par_1_6' title="bbox 81 1884 1098 2049">
     <span class='ocr_line' id='line_1_21' title="bbox 81 1884 1098 1963; baseline 0.007 -20"><span class='ocrx_word' id='word_1_170' title='bbox 81 1903 176 1963; x_wconf 90' lang='lat' dir='ltr'><strong>qnam</strong></span> <span class='ocrx_word' id='word_1_171' title='bbox 198 1884 358 1961; x_wconf 89' lang='lat' dir='ltr'><strong>suscipiens</strong></span> <span class='ocrx_word' id='word_1_172' title='bbox 380 1884 545 1944; x_wconf 87' lang='lat' dir='ltr'><strong>nonhabet</strong></span> <span class='ocrx_word' id='word_1_173' title='bbox 562 1904 663 1956; x_wconf 91' lang='lat' dir='ltr'><strong>nune,</strong></span> <span class='ocrx_word' id='word_1_174' title='bbox 680 1903 735 1946; x_wconf 89' lang='lat' dir='ltr'><strong>nee</strong></span> <span class='ocrx_word' id='word_1_175' title='bbox 756 1903 888 1963; x_wconf 87' lang='lat' dir='ltr'><strong>unquam</strong></span> <span class='ocrx_word' id='word_1_176' title='bbox 906 1885 1030 1962; x_wconf 87' lang='lat' dir='ltr'><strong>habuit,</strong></span> <span class='ocrx_word' id='word_1_177' title='bbox 1046 1889 1098 1950; x_wconf 87' lang='lat' dir='ltr'><strong>sed</strong></span> 
     </span>
     <span class='ocr_line' id='line_1_22' title="bbox 81 1967 726 2049; baseline -0.005 -17"><span class='ocrx_word' id='word_1_178' title='bbox 81 1970 208 2032; x_wconf 88' lang='lat' dir='ltr'><strong>haberet</strong></span> <span class='ocrx_word' id='word_1_179' title='bbox 221 1969 244 2029; x_wconf 91' lang='lat' dir='ltr'><strong>si</strong></span> <span class='ocrx_word' id='word_1_180' title='bbox 259 1988 323 2030; x_wconf 88' lang='lat' dir='ltr'><strong>rem</strong></span> <span class='ocrx_word' id='word_1_181' title='bbox 334 1968 500 2030; x_wconf 90' lang='lat' dir='ltr'><strong>adverteret</strong></span> <span class='ocrx_word' id='word_1_182' title='bbox 513 1967 545 2049; x_wconf 91' lang='grc'><strong>(1.</strong></span> <span class='ocrx_word' id='word_1_183' title='bbox 559 1989 584 2031; x_wconf 87' lang='lat' dir='ltr'><strong>c.</strong></span> <span class='ocrx_word' id='word_1_184' title='bbox 598 1990 631 2030; x_wconf 84' lang='lat' dir='ltr'><strong>rr.</strong></span> <span class='ocrx_word' id='word_1_185' title='bbox 649 1971 683 2031; x_wconf 88' lang='lat' dir='ltr'><strong>8l</strong></span> <span class='ocrx_word' id='word_1_186' title='bbox 692 1970 726 2049; x_wconf 80' lang='grc'><strong>.(.</strong></span> 
     </span>
    </p>

    <p class='ocr_par' dir='ltr' id='par_1_7' title="bbox 81 2054 1101 2727">
     <span class='ocr_line' id='line_1_23' title="bbox 122 2054 1098 2131; baseline 0 -14"><span class='ocrx_word' id='word_1_187' title='bbox 122 2058 173 2117; x_wconf 88' lang='grc'><strong>10.</strong></span> <span class='ocrx_word' id='word_1_188' title='bbox 187 2088 227 2100; x_wconf 94' lang='lat'>-</span> <span class='ocrx_word' id='word_1_189' title='bbox 239 2054 337 2129; x_wconf 87' lang='lat' dir='ltr'><strong>Quaer.</strong></span> <span class='ocrx_word' id='word_1_190' title='bbox 351 2057 391 2115; x_wconf 91' lang='lat' dir='ltr'><strong>ll.</strong></span> <span class='ocrx_word' id='word_1_191' title='bbox 408 2054 481 2129; x_wconf 87' lang='lat' dir='ltr'><strong>Quis</strong></span> <span class='ocrx_word' id='word_1_192' title='bbox 495 2057 534 2115; x_wconf 88' lang='lat' dir='ltr'><strong>sit</strong></span> <span class='ocrx_word' id='word_1_193' title='bbox 552 2054 689 2116; x_wconf 88' lang='lat' dir='ltr'><strong>minister</strong></span> <span class='ocrx_word' id='word_1_194' title='bbox 706 2061 981 2117; x_wconf 76' lang='lat' dir='ltr'><strong>sacramentorum?</strong></span> <span class='ocrx_word' id='word_1_195' title='bbox 995 2057 1098 2131; x_wconf 82' lang='lat' dir='ltr'><strong>Quoad</strong></span> 
     </span>
     <span class='ocr_line' id='line_1_24' title="bbox 82 2138 1099 2219; baseline -0.002 -16"><span class='ocrx_word' id='word_1_196' title='bbox 82 2142 221 2204; x_wconf 88' lang='lat' dir='ltr'><strong>ordinem</strong></span> <span class='ocrx_word' id='word_1_197' title='bbox 233 2142 313 2200; x_wconf 87' lang='lat' dir='ltr'><strong>solus</strong></span> <span class='ocrx_word' id='word_1_198' title='bbox 324 2142 484 2219; x_wconf 85' lang='lat' dir='ltr'><strong>Episcopus</strong></span> <span class='ocrx_word' id='word_1_199' title='bbox 494 2149 539 2199; x_wconf 86' lang='lat' dir='ltr'><strong>cst</strong></span> <span class='ocrx_word' id='word_1_200' title='bbox 550 2141 685 2199; x_wconf 89' lang='lat' dir='ltr'><strong>minister</strong></span> <span class='ocrx_word' id='word_1_201' title='bbox 701 2138 735 2216; x_wconf 91' lang='grc'><strong>(1.</strong></span> <span class='ocrx_word' id='word_1_202' title='bbox 750 2142 825 2199; x_wconf 73' lang='grc'><strong>611.</strong></span> <span class='ocrx_word' id='word_1_203' title='bbox 841 2142 893 2199; x_wconf 86' lang='grc'><strong>761</strong></span> <span class='ocrx_word' id='word_1_204' title='bbox 903 2140 922 2216; x_wconf 82' lang='grc'><strong>.)</strong></span> <span class='ocrx_word' id='word_1_205' title='bbox 936 2164 947 2199; x_wconf 91' lang='grc'><strong>.·</strong></span> <span class='ocrx_word' id='word_1_206' title='bbox 963 2150 992 2200; x_wconf 88' lang='lat' dir='ltr'><strong>et</strong></span> <span class='ocrx_word' id='word_1_207' title='bbox 1003 2142 1099 2219; x_wconf 91' lang='lat' dir='ltr'><strong>quoad</strong></span> 
     </span>
     <span class='ocr_line' id='line_1_25' title="bbox 82 2224 1101 2299; baseline -0.003 -11"><span class='ocrx_word' id='word_1_208' title='bbox 82 2225 343 2297; x_wconf 81' lang='lat' dir='ltr'><strong>confirmationem</strong></span> <span class='ocrx_word' id='word_1_209' title='bbox 358 2226 421 2299; x_wconf 88' lang='lat' dir='ltr'><strong>ipse</strong></span> <span class='ocrx_word' id='word_1_210' title='bbox 437 2232 482 2283; x_wconf 90' lang='lat' dir='ltr'><strong>est</strong></span> <span class='ocrx_word' id='word_1_211' title='bbox 498 2224 636 2282; x_wconf 88' lang='lat' dir='ltr'><strong>minister</strong></span> <span class='ocrx_word' id='word_1_212' title='bbox 652 2224 839 2297; x_wconf 87' lang='lat' dir='ltr'><strong>ordinarius,</strong></span> <span class='ocrx_word' id='word_1_213' title='bbox 853 2240 922 2281; x_wconf 90' lang='lat' dir='ltr'><strong>nam</strong></span> <span class='ocrx_word' id='word_1_214' title='bbox 941 2226 1101 2285; x_wconf 82' lang='lat' dir='ltr'><strong>extraordi-</strong></span> 
     </span>
     <span class='ocr_line' id='line_1_26' title="bbox 81 2304 1097 2388; baseline -0.004 -16"><span class='ocrx_word' id='word_1_215' title='bbox 81 2310 163 2373; x_wconf 89' lang='lat' dir='ltr'><strong>narii</strong></span> <span class='ocrx_word' id='word_1_216' title='bbox 181 2314 305 2387; x_wconf 88' lang='lat' dir='ltr'><strong>possunt</strong></span> <span class='ocrx_word' id='word_1_217' title='bbox 325 2324 387 2367; x_wconf 88' lang='lat' dir='ltr'><strong>csse</strong></span> <span class='ocrx_word' id='word_1_218' title='bbox 408 2308 498 2367; x_wconf 88' lang='lat' dir='ltr'><strong>etiam</strong></span> <span class='ocrx_word' id='word_1_219' title='bbox 520 2308 668 2385; x_wconf 89' lang='lat' dir='ltr'><strong>simplices</strong></span> <span class='ocrx_word' id='word_1_220' title='bbox 690 2305 855 2367; x_wconf 89' lang='lat' dir='ltr'><strong>sacerdotes</strong></span> <span class='ocrx_word' id='word_1_221' title='bbox 868 2304 901 2384; x_wconf 92' lang='grc'><strong>(1.</strong></span> <span class='ocrx_word' id='word_1_222' title='bbox 918 2326 944 2369; x_wconf 89' lang='lat' dir='ltr'><strong>e.</strong></span> <span class='ocrx_word' id='word_1_223' title='bbox 958 2328 990 2368; x_wconf 84' lang='lat' dir='ltr'><strong>a.</strong></span> <span class='ocrx_word' id='word_1_224' title='bbox 1005 2310 1097 2388; x_wconf 78' lang='lat' dir='ltr'><strong>l70.}.</strong></span> 
     </span>
     <span class='ocr_line' id='line_1_27' title="bbox 83 2392 1096 2467; baseline 0 -12"><span class='ocrx_word' id='word_1_225' title='bbox 83 2396 222 2455; x_wconf 79' lang='lat' dir='ltr'><strong>Aliorum</strong></span> <span class='ocrx_word' id='word_1_226' title='bbox 244 2401 344 2451; x_wconf 90' lang='lat' dir='ltr'><strong>autem</strong></span> <span class='ocrx_word' id='word_1_227' title='bbox 366 2400 617 2452; x_wconf 89' lang='lat' dir='ltr'><strong>sacramentorum</strong></span> <span class='ocrx_word' id='word_1_228' title='bbox 635 2393 715 2453; x_wconf 91' lang='lat' dir='ltr'><strong>solus</strong></span> <span class='ocrx_word' id='word_1_229' title='bbox 734 2392 868 2453; x_wconf 88' lang='lat' dir='ltr'><strong>sacerdos</strong></span> <span class='ocrx_word' id='word_1_230' title='bbox 881 2402 925 2455; x_wconf 91' lang='lat' dir='ltr'><strong>est</strong></span> <span class='ocrx_word' id='word_1_231' title='bbox 942 2396 1096 2467; x_wconf 90' lang='lat' dir='ltr'><strong>minister,</strong></span> 
     </span>
     <span class='ocr_line' id='line_1_28' title="bbox 84 2474 1098 2557; baseline 0.002 -18"><span class='ocrx_word' id='word_1_232' title='bbox 84 2486 205 2556; x_wconf 81' lang='lat' dir='ltr'><strong>excepto</strong></span> <span class='ocrx_word' id='word_1_233' title='bbox 220 2478 411 2538; x_wconf 88' lang='lat' dir='ltr'><strong>matrimonio</strong></span> <span class='ocrx_word' id='word_1_234' title='bbox 425 2474 457 2554; x_wconf 93' lang='grc'><strong>(1.</strong></span> <span class='ocrx_word' id='word_1_235' title='bbox 467 2494 492 2537; x_wconf 83' lang='lat' dir='ltr'><strong>a.</strong></span> <span class='ocrx_word' id='word_1_236' title='bbox 503 2496 536 2535; x_wconf 87' lang='lat' dir='ltr'><strong>a.</strong></span> <span class='ocrx_word' id='word_1_237' title='bbox 547 2478 687 2556; x_wconf 72' lang='lat' dir='ltr'><strong>8⁹7.),et</strong></span> <span class='ocrx_word' id='word_1_238' title='bbox 699 2478 788 2538; x_wconf 87' lang='lat' dir='ltr'><strong>etiam</strong></span> <span class='ocrx_word' id='word_1_239' title='bbox 799 2476 946 2557; x_wconf 88' lang='lat' dir='ltr'><strong>baptismo</strong></span> <span class='ocrx_word' id='word_1_240' title='bbox 959 2482 991 2541; x_wconf 92' lang='lat' dir='ltr'><strong>in</strong></span> <span class='ocrx_word' id='word_1_241' title='bbox 1003 2500 1098 2542; x_wconf 88' lang='lat' dir='ltr'><strong>neces·</strong></span> 
     </span>
     <span class='ocr_line' id='line_1_29' title="bbox 85 2562 1098 2643; baseline 0.004 -20"><span class='ocrx_word' id='word_1_242' title='bbox 85 2566 185 2640; x_wconf 81' lang='lat' dir='ltr'><strong>sitate3</strong></span> <span class='ocrx_word' id='word_1_243' title='bbox 197 2564 229 2622; x_wconf 92' lang='lat' dir='ltr'><strong>in</strong></span> <span class='ocrx_word' id='word_1_244' title='bbox 245 2580 278 2623; x_wconf 92' lang='lat' dir='ltr'><strong>ea</strong></span> <span class='ocrx_word' id='word_1_245' title='bbox 301 2563 381 2623; x_wconf 89' lang='lat' dir='ltr'><strong>enim</strong></span> <span class='ocrx_word' id='word_1_246' title='bbox 400 2570 522 2643; x_wconf 90' lang='lat' dir='ltr'><strong>possunt</strong></span> <span class='ocrx_word' id='word_1_247' title='bbox 534 2562 626 2625; x_wconf 87' lang='lat' dir='ltr'><strong>etiam</strong></span> <span class='ocrx_word' id='word_1_248' title='bbox 643 2564 726 2637; x_wconf 86' lang='lat' dir='ltr'><strong>laici,</strong></span> <span class='ocrx_word' id='word_1_249' title='bbox 743 2572 774 2623; x_wconf 88' lang='lat' dir='ltr'><strong>et</strong></span> <span class='ocrx_word' id='word_1_250' title='bbox 790 2562 1033 2629; x_wconf 80' lang='lat' dir='ltr'><strong>adhuchaercctci</strong></span> <span class='ocrx_word' id='word_1_251' title='bbox 1046 2568 1098 2629; x_wconf 84' lang='lat' dir='ltr'><strong>ba·</strong></span> 
     </span>
     <span class='ocr_line' id='line_1_30' title="bbox 86 2644 435 2727; baseline 0 -19"><span class='ocrx_word' id='word_1_252' title='bbox 86 2650 196 2727; x_wconf 86' lang='lat' dir='ltr'><strong>ptizare</strong></span> <span class='ocrx_word' id='word_1_253' title='bbox 210 2644 243 2725; x_wconf 81' lang='lat' dir='ltr'><strong>(l.</strong></span> <span class='ocrx_word' id='word_1_254' title='bbox 257 2666 282 2707; x_wconf 86' lang='lat' dir='ltr'><strong>c.</strong></span> <span class='ocrx_word' id='word_1_255' title='bbox 296 2666 329 2722; x_wconf 79' lang='lat' dir='ltr'><strong>a.</strong></span> <span class='ocrx_word' id='word_1_256' title='bbox 340 2648 435 2727; x_wconf 87' lang='grc'><strong>115).</strong></span> 
     </span>
    </p>

    <p class='ocr_par' dir='ltr' id='par_1_8' title="bbox 86 2732 1150 3677">
     <span class='ocr_line' id='line_1_31' title="bbox 108 2732 1099 2807; baseline 0.005 -14"><span class='ocrx_word' id='word_1_257' title='bbox 108 2758 111 2766; x_wconf 64' lang='lat'><strong><em>¹</em></strong></span> <span class='ocrx_word' id='word_1_258' title='bbox 124 2734 173 2793; x_wconf 91' lang='grc'><strong>11.</strong></span> <span class='ocrx_word' id='word_1_259' title='bbox 185 2765 226 2777; x_wconf 93' lang='lat'>-</span> <span class='ocrx_word' id='word_1_260' title='bbox 244 2732 290 2793; x_wconf 83' lang='lat' dir='ltr'><strong>Ad</strong></span> <span class='ocrx_word' id='word_1_261' title='bbox 305 2732 402 2795; x_wconf 76' lang='lat' dir='ltr'><strong>valide</strong></span> <span class='ocrx_word' id='word_1_262' title='bbox 418 2740 517 2793; x_wconf 86' lang='lat' dir='ltr'><strong>autem</strong></span> <span class='ocrx_word' id='word_1_263' title='bbox 537 2734 733 2794; x_wconf 87' lang='lat' dir='ltr'><strong>ministranda</strong></span> <span class='ocrx_word' id='word_1_264' title='bbox 752 2742 961 2807; x_wconf 86' lang='lat' dir='ltr'><strong>sacramenta,</strong></span> <span class='ocrx_word' id='word_1_265' title='bbox 975 2752 1035 2795; x_wconf 91' lang='lat' dir='ltr'><strong>non</strong></span> <span class='ocrx_word' id='word_1_266' title='bbox 1054 2747 1099 2798; x_wconf 90' lang='lat' dir='ltr'><strong>est</strong></span> 
     </span>
     <span class='ocr_line' id='line_1_32' title="bbox 86 2819 1097 2898; baseline 0.003 -20"><span class='ocrx_word' id='word_1_267' title='bbox 86 2834 178 2896; x_wconf 89' lang='lat' dir='ltr'><strong>opus,</strong></span> <span class='ocrx_word' id='word_1_268' title='bbox 191 2826 227 2879; x_wconf 87' lang='lat' dir='ltr'><strong>ut</strong></span> <span class='ocrx_word' id='word_1_269' title='bbox 241 2819 376 2882; x_wconf 87' lang='lat' dir='ltr'><strong>minister</strong></span> <span class='ocrx_word' id='word_1_270' title='bbox 395 2819 433 2878; x_wconf 88' lang='lat' dir='ltr'><strong>sit</strong></span> <span class='ocrx_word' id='word_1_271' title='bbox 451 2820 483 2877; x_wconf 91' lang='lat' dir='ltr'><strong>in</strong></span> <span class='ocrx_word' id='word_1_272' title='bbox 498 2823 612 2897; x_wconf 78' lang='lat' dir='ltr'><strong>gratia,</strong></span> <span class='ocrx_word' id='word_1_273' title='bbox 629 2837 698 2879; x_wconf 87' lang='lat' dir='ltr'><strong>nam</strong></span> <span class='ocrx_word' id='word_1_274' title='bbox 712 2828 878 2898; x_wconf 86' lang='lat' dir='ltr'><strong>peccatores</strong></span> <span class='ocrx_word' id='word_1_275' title='bbox 892 2820 982 2880; x_wconf 90' lang='lat' dir='ltr'><strong>etiam</strong></span> <span class='ocrx_word' id='word_1_276' title='bbox 1002 2821 1097 2881; x_wconf 82' lang='lat' dir='ltr'><strong>validi·</strong></span> 
     </span>
     <span class='ocr_line' id='line_1_33' title="bbox 86 2902 1097 2976; baseline 0.002 -11"><span class='ocrx_word' id='word_1_277' title='bbox 86 2906 267 2965; x_wconf 89' lang='lat' dir='ltr'><strong>ministrant.</strong></span> <span class='ocrx_word' id='word_1_278' title='bbox 288 2906 355 2964; x_wconf 77' lang='lat' dir='ltr'><strong>lion</strong></span> <span class='ocrx_word' id='word_1_279' title='bbox 377 2902 449 2965; x_wconf 88' lang='lat' dir='ltr'><strong>verb</strong></span> <span class='ocrx_word' id='word_1_280' title='bbox 468 2902 618 2976; x_wconf 76' lang='lat' dir='ltr'><strong>haretici,</strong></span> <span class='ocrx_word' id='word_1_281' title='bbox 642 2922 696 2965; x_wconf 88' lang='lat' dir='ltr'><strong>nec</strong></span> <span class='ocrx_word' id='word_1_282' title='bbox 718 2906 965 2965; x_wconf 85' lang='lat' dir='ltr'><strong>excommunicati</strong></span> <span class='ocrx_word' id='word_1_283' title='bbox 984 2906 1097 2967; x_wconf 90' lang='lat' dir='ltr'><strong>vitandi</strong></span> 
     </span>
     <span class='ocr_line' id='line_1_34' title="bbox 86 2986 1096 3068; baseline 0.002 -21"><span class='ocrx_word' id='word_1_284' title='bbox 86 2995 219 3067; x_wconf 85' lang='lat' dir='ltr'><strong>respectu</strong></span> <span class='ocrx_word' id='word_1_285' title='bbox 236 2986 274 3047; x_wconf 89' lang='lat' dir='ltr'><strong>ad</strong></span> <span class='ocrx_word' id='word_1_286' title='bbox 295 2996 513 3049; x_wconf 87' lang='lat' dir='ltr'><strong>sacramentum</strong></span> <span class='ocrx_word' id='word_1_287' title='bbox 536 2990 730 3068; x_wconf 74' lang='lat' dir='ltr'><strong>penitentia.</strong></span> <span class='ocrx_word' id='word_1_288' title='bbox 757 2990 828 3053; x_wconf 84' lang='lat' dir='ltr'><strong>Vide</strong></span> <span class='ocrx_word' id='word_1_289' title='bbox 844 2988 924 3051; x_wconf 85' lang='lat' dir='ltr'><strong>dicta</strong></span> <span class='ocrx_word' id='word_1_290' title='bbox 946 2986 998 3050; x_wconf 86' lang='lat' dir='ltr'><strong>lib.</strong></span> <span class='ocrx_word' id='word_1_291' title='bbox 1014 2992 1044 3049; x_wconf 86' lang='grc'><strong>11.</strong></span> <span class='ocrx_word' id='word_1_292' title='bbox 1064 3010 1096 3051; x_wconf 84' lang='lat' dir='ltr'><strong>a.</strong></span> 
     </span>
     <span class='ocr_line' id='line_1_35' title="bbox 88 3072 1097 3155; baseline 0.005 -21"><span class='ocrx_word' id='word_1_293' title='bbox 88 3076 154 3135; x_wconf 76' lang='lat' dir='ltr'><strong>too.</strong></span> <span class='ocrx_word' id='word_1_294' title='bbox 165 3074 211 3134; x_wconf 82' lang='lat' dir='ltr'><strong>Ad</strong></span> <span class='ocrx_word' id='word_1_295' title='bbox 226 3072 306 3135; x_wconf 74' lang='lat' dir='ltr'><strong>licite</strong></span> <span class='ocrx_word' id='word_1_296' title='bbox 319 3082 420 3134; x_wconf 86' lang='lat' dir='ltr'><strong>tamen</strong></span> <span class='ocrx_word' id='word_1_297' title='bbox 434 3075 667 3136; x_wconf 89' lang='lat' dir='ltr'><strong>ministrandum</strong></span> <span class='ocrx_word' id='word_1_298' title='bbox 688 3077 855 3155; x_wconf 90' lang='lat' dir='ltr'><strong>requiritur</strong></span> <span class='ocrx_word' id='word_1_299' title='bbox 874 3084 967 3135; x_wconf 87' lang='lat' dir='ltr'><strong>status</strong></span> <span class='ocrx_word' id='word_1_300' title='bbox 980 3079 1097 3153; x_wconf 82' lang='lat' dir='ltr'><strong>gratiae3</strong></span> 
     </span>
     <span class='ocr_line' id='line_1_36' title="bbox 87 3159 1098 3239; baseline 0.005 -21"><span class='ocrx_word' id='word_1_301' title='bbox 87 3159 185 3219; x_wconf 87' lang='lat' dir='ltr'><strong>sedin</strong></span> <span class='ocrx_word' id='word_1_302' title='bbox 203 3168 333 3219; x_wconf 82' lang='lat' dir='ltr'><strong>extrema</strong></span> <span class='ocrx_word' id='word_1_303' title='bbox 348 3159 538 3231; x_wconf 76' lang='lat' dir='ltr'><strong>necessitate,</strong></span> <span class='ocrx_word' id='word_1_304' title='bbox 555 3161 579 3219; x_wconf 92' lang='lat' dir='ltr'><strong>si</strong></span> <span class='ocrx_word' id='word_1_305' title='bbox 599 3162 737 3221; x_wconf 87' lang='lat' dir='ltr'><strong>minister</strong></span> <span class='ocrx_word' id='word_1_306' title='bbox 757 3178 817 3221; x_wconf 92' lang='lat' dir='ltr'><strong>non</strong></span> <span class='ocrx_word' id='word_1_307' title='bbox 835 3169 933 3239; x_wconf 88' lang='lat' dir='ltr'><strong>posset</strong></span> <span class='ocrx_word' id='word_1_308' title='bbox 960 3169 1020 3221; x_wconf 89' lang='lat' dir='ltr'><strong>tam</strong></span> <span class='ocrx_word' id='word_1_309' title='bbox 1040 3162 1098 3225; x_wconf 87' lang='lat' dir='ltr'><strong>citb</strong></span> 
     </span>
     <span class='ocr_line' id='line_1_37' title="bbox 87 3241 1098 3322; baseline 0.006 -19"><span class='ocrx_word' id='word_1_310' title='bbox 87 3244 199 3305; x_wconf 89' lang='lat' dir='ltr'><strong>conteri</strong></span> <span class='ocrx_word' id='word_1_311' title='bbox 212 3288 221 3314; x_wconf 95' lang='lat'><strong>,</strong></span> <span class='ocrx_word' id='word_1_312' title='bbox 234 3243 429 3321; x_wconf 88' lang='lat' dir='ltr'><strong>probabiliter</strong></span> <span class='ocrx_word' id='word_1_313' title='bbox 446 3241 463 3303; x_wconf 79' lang='lat' dir='ltr'><strong>i</strong></span> <span class='ocrx_word' id='word_1_314' title='bbox 483 3245 569 3322; x_wconf 89' lang='lat' dir='ltr'><strong>culpa</strong></span> <span class='ocrx_word' id='word_1_315' title='bbox 584 3254 740 3306; x_wconf 81' lang='lat' dir='ltr'><strong>excusatur</strong></span> <span class='ocrx_word' id='word_1_316' title='bbox 756 3246 779 3305; x_wconf 90' lang='lat' dir='ltr'><strong>si</strong></span> <span class='ocrx_word' id='word_1_317' title='bbox 800 3245 971 3322; x_wconf 78' lang='lat' dir='ltr'><strong>ministrat3</strong></span> <span class='ocrx_word' id='word_1_318' title='bbox 986 3248 1025 3307; x_wconf 85' lang='lat' dir='ltr'><strong>ita</strong></span> <span class='ocrx_word' id='word_1_319' title='bbox 1044 3248 1098 3309; x_wconf 87' lang='lat' dir='ltr'><strong>So-</strong></span> 
     </span>
     <span class='ocr_line' id='line_1_38' title="bbox 90 3326 1096 3409; baseline 0.005 -22"><span class='ocrx_word' id='word_1_320' title='bbox 90 3336 155 3400; x_wconf 85' lang='lat' dir='ltr'><strong>tas,</strong></span> <span class='ocrx_word' id='word_1_321' title='bbox 172 3329 263 3387; x_wconf 84' lang='lat' dir='ltr'><strong>Suur.</strong></span> <span class='ocrx_word' id='word_1_322' title='bbox 282 3326 372 3388; x_wconf 86' lang='lat' dir='ltr'><strong>Tolet.</strong></span> <span class='ocrx_word' id='word_1_323' title='bbox 387 3326 453 3409; x_wconf 77' lang='lat' dir='ltr'><strong>Coj.</strong></span> <span class='ocrx_word' id='word_1_324' title='bbox 466 3328 574 3389; x_wconf 71' lang='lat' dir='ltr'><strong>drmit.</strong></span> <span class='ocrx_word' id='word_1_325' title='bbox 591 3327 987 3408; x_wconf 65' lang='grc' dir='ltr'><strong>1161611.Αηαο1.(1’11161.6.</strong></span> <span class='ocrx_word' id='word_1_326' title='bbox 1002 3351 1034 3391; x_wconf 86' lang='lat' dir='ltr'><strong>u.</strong></span> <span class='ocrx_word' id='word_1_327' title='bbox 1048 3331 1096 3393; x_wconf 91' lang='grc'><strong>55.</strong></span> 
     </span>
     <span class='ocr_line' id='line_1_39' title="bbox 88 3409 1097 3492; baseline 0.003 -21"><span class='ocrx_word' id='word_1_328' title='bbox 88 3419 114 3471; x_wconf 86' lang='lat' dir='ltr'><strong>rt</strong></span> <span class='ocrx_word' id='word_1_329' title='bbox 133 3410 260 3473; x_wconf 80' lang='lat' dir='ltr'><strong>Gabria.</strong></span> <span class='ocrx_word' id='word_1_330' title='bbox 275 3414 345 3473; x_wconf 81' lang='lat' dir='ltr'><strong>lae.</strong></span> <span class='ocrx_word' id='word_1_331' title='bbox 359 3409 471 3474; x_wconf 86' lang='lat' dir='ltr'><strong>Morul.</strong></span> <span class='ocrx_word' id='word_1_332' title='bbox 483 3433 515 3492; x_wconf 89' lang='lat' dir='ltr'><strong>p.</strong></span> <span class='ocrx_word' id='word_1_333' title='bbox 527 3416 557 3474; x_wconf 73' lang='lat'><strong>2.</strong></span> <span class='ocrx_word' id='word_1_334' title='bbox 573 3421 612 3473; x_wconf 84' lang='lat' dir='ltr'><strong>tr.</strong></span> <span class='ocrx_word' id='word_1_335' title='bbox 624 3418 674 3475; x_wconf 83' lang='grc'><strong>11.</strong></span> <span class='ocrx_word' id='word_1_336' title='bbox 687 3432 720 3475; x_wconf 83' lang='lat' dir='ltr'><strong>a.</strong></span> <span class='ocrx_word' id='word_1_337' title='bbox 736 3415 808 3492; x_wconf 76' lang='grc'><strong>56).</strong></span> <span class='ocrx_word' id='word_1_338' title='bbox 822 3417 981 3492; x_wconf 89' lang='lat' dir='ltr'><strong>Nunquam</strong></span> <span class='ocrx_word' id='word_1_339' title='bbox 999 3425 1097 3474; x_wconf 87' lang='lat' dir='ltr'><strong>autem</strong></span> 
     </span>
     <span class='ocr_line' id='line_1_40' title="bbox 90 3497 1098 3576; baseline 0 -21"><span class='ocrx_word' id='word_1_340' title='bbox 90 3506 247 3557; x_wconf 83' lang='lat' dir='ltr'><strong>excusatur</strong></span> <span class='ocrx_word' id='word_1_341' title='bbox 271 3497 436 3576; x_wconf 87' lang='lat' dir='ltr'><strong>parochus,</strong></span> <span class='ocrx_word' id='word_1_342' title='bbox 461 3507 513 3558; x_wconf 89' lang='lat' dir='ltr'><strong>aut</strong></span> <span class='ocrx_word' id='word_1_343' title='bbox 536 3516 707 3559; x_wconf 86' lang='lat' dir='ltr'><strong>oeconomus</strong></span> <span class='ocrx_word' id='word_1_344' title='bbox 723 3519 731 3556; x_wconf 75' lang='grc' dir='ltr'><strong>ε</strong></span> <span class='ocrx_word' id='word_1_345' title='bbox 749 3498 781 3557; x_wconf 93' lang='lat' dir='ltr'><strong>hi</strong></span> <span class='ocrx_word' id='word_1_346' title='bbox 805 3500 885 3559; x_wconf 88' lang='lat' dir='ltr'><strong>enim</strong></span> <span class='ocrx_word' id='word_1_347' title='bbox 903 3500 1013 3559; x_wconf 89' lang='lat' dir='ltr'><strong>debent</strong></span> <span class='ocrx_word' id='word_1_348' title='bbox 1037 3516 1098 3556; x_wconf 89' lang='lat' dir='ltr'><strong>esse</strong></span> 
     </span>
     <span class='ocr_line' id='line_1_41' title="bbox 89 3574 1150 3677; baseline -0.003 -38"><span class='ocrx_word' id='word_1_349' title='bbox 89 3599 204 3660; x_wconf 84' lang='lat' dir='ltr'><strong>semper</strong></span> <span class='ocrx_word' id='word_1_350' title='bbox 220 3583 314 3662; x_wconf 86' lang='lat' dir='ltr'><strong>parati</strong></span> <span class='ocrx_word' id='word_1_351' title='bbox 327 3582 364 3641; x_wconf 90' lang='lat' dir='ltr'><strong>ad</strong></span> <span class='ocrx_word' id='word_1_352' title='bbox 385 3583 625 3643; x_wconf 90' lang='lat' dir='ltr'><strong>ministrandum.</strong></span> <span class='ocrx_word' id='word_1_353' title='bbox 640 3582 911 3643; x_wconf 78' lang='lat' dir='ltr'><strong>celebrans-autem</strong></span> <span class='ocrx_word' id='word_1_354' title='bbox 928 3584 959 3639; x_wconf 89' lang='lat' dir='ltr'><strong>in</strong></span> <span class='ocrx_word' id='word_1_355' title='bbox 981 3574 1098 3639; x_wconf 84' lang='lat' dir='ltr'><strong>mortali</strong></span> <span class='ocrx_word' id='word_1_356' title='bbox 1145 3662 1150 3677; x_wconf 36' lang='grc' dir='ltr'>Ι</span> 
     </span>
    </p>
   </div>
   <div class='ocr_carea' id='block_1_6' title="bbox 0 0 1245 3975">
    <p class='ocr_par' dir='ltr' id='par_1_9' title="bbox 0 0 1245 3975">
     <span class='ocr_line' id='line_1_42' title="bbox 0 0 1245 3975; baseline 0 0"><span class='ocrx_word' id='word_1_357' title='bbox 0 0 1245 3975; x_wconf 95' lang='lat' dir='ltr'><strong> </strong></span> 
     </span>
    </p>
   </div>
  </div>
 </body>
</html>
