2475 3975
135 151 194 214 9118
328 146 467 230 Epitooae
479 147 618 210 doctrine
633 143 794 208 caecutiret
807 145 954 208 conciliem

136 262 201 313 rato
216 249 381 324 babentes,
404 251 514 312 debent
527 250 631 328 jurare
652 250 686 311 in
707 248 842 312 manibus
864 247 989 326 alicujus
1009 248 1146 330 Episcopi

135 353 188 396 scu
201 337 300 397 nuntii
319 336 470 414 apostolici
485 345 538 396 aut
554 335 643 413 legati
656 357 670 406 ,·
681 352 786 396 corum
804 333 928 394 arbitrio
946 333 1075 412 eligendi
1090 379 1099 407 ‚
1114 353 1146 396 se

134 419 305 483 visitaturos
319 439 399 482 sacra
413 420 517 480 limina
528 420 739 498 Apostolorum
752 419 947 498 personaliter
958 437 992 478 ac
1010 437 1064 498 por
1073 420 1148 498 seip-

135 521 201 577 sos,
217 515 306 584 atque
323 505 455 565 nomano
476 505 611 564 Pontifici
635 503 811 566 relationem
830 503 937 564 alierrc
948 505 1146 564 Ecclesiaruru

135 607 269 650 suarum.
285 591 327 650 lix
340 587 386 648 bis
404 586 476 648 verb
491 589 545 666 qui
567 589 633 648 ltali
649 589 762 649 fuerint
781 588 830 649 vel
849 588 1012 649 insularum
1029 590 1144 660 ltaliae,

136 675 225 734 tertio
249 690 367 751 quoque
379 689 476 748 aanor
492 672 602 751 reliqui
618 672 690 734 verb
709 674 815 752 quinto
833 689 952 752 quoque
970 673 1077 734 annod
1099 675 1150 734 die

135 765 227 834 captae
246 756 447 834 possessionis.
460 757 494 817 ld
507 756 580 818 verb
595 757 619 817 si
644 775 680 818 ex
701 756 835 836 legitimo
855 758 1068 836 impedimento
1085 778 1147 819 nori

133 841 247 918 possint
267 858 322 919 per
334 859 389 914 se,
405 837 547 902 tenentur
569 860 623 920 per
640 843 761 903 nuntios
783 851 933 921 praestare.
946 843 989 902 lta
1008 843 1040 902 in
1062 844 1147 904 Bullai

136 923 223 1000 Quod
233 924 346 986 Sancto
358 945 392 987 n.
403 926 472 986 Vll.
489 927 519 986 Si
536 925 608 987 verb
627 935 696 987 ante
709 926 937 1004 publicationem
950 924 1039 1002 hujus
1055 927 1148 988 Bullae

132 1011 257 1090 signatae
274 1030 345 1073 anu.
358 1014 447 1073 1711).
456 1012 505 1073 die
519 1029 601 1073 nono
612 1013 680 1073 Kal.
697 1011 834 1072 Deccmb.
846 1012 1059 1090 possessionem
1070 1015 1148 1092 paci·

135 1097 222 1158 ficum
246 1097 366 1160 illarum
385 1097 579 1160 Eccleslarum
591 1096 654 1174 jam
680 1095 865 1172 habuissent,
887 1097 1146 1171 intraannum,si

134 1183 246 1243 luerint
258 1183 291 1242 in
304 1182 388 1242 tulit
404 1190 435 1242 ct
451 1182 574 1258 insulis,
599 1181 678 1241 intra
699 1181 854 1241 biennium
871 1180 942 1242 verd
964 1182 988 1241 si
1012 1181 1147 1253 extrd‚d

134 1266 184 1326 ‹lie
195 1269 261 1328 latae
274 1267 493 1328 constitutionis
512 1275 727 1328 tenentuream
740 1267 911 1328 relationem
925 1267 1043 1328 mittere
1055 1289 1064 1343 3
1076 1268 1146 1329 dein

134 1351 259 1429 singulis
272 1352 409 1413 trienniis
424 1351 461 1412 ad
476 1353 580 1413 limina
590 1371 622 1412 se
635 1353 778 1414 conterre.
795 1353 862 1412 lloec
875 1352 975 1412 omnia
986 1353 1009 1412 si
1025 1363 1147 1430 praster-

135 1435 291 1508 miserint,
304 1437 370 1513 ipso
389 1438 465 1498 iacto
485 1438 524 1497 ab
547 1439 681 1515 ingressu
701 1437 835 1498 Ecclesiae
852 1437 1044 1498 interdictum
1058 1451 1089 1500 et
1108 1441 1146 1501 ab

133 1517 389 1579 administratione
402 1531 462 1581 tarn
478 1521 679 1598 spiritualium
696 1521 785 1598 quam
801 1523 1010 1599 temporalium
1021 1541 1145 1602 suspen·

133 1602 245 1662 sionem
260 1603 438 1674 incurrunt,
463 1610 528 1662 tum
548 1605 638 1663 ctiam
652 1606 843 1682 perceptione
854 1606 1004 1666 fructuum
1024 1609 1145 1684 privan-

133 1695 182 1745 tur
194 1705 202 1743 s
214 1686 267 1764 qui
279 1685 391 1746 tructus
408 1686 513 1748 cedant
526 1689 670 1775 Episcopo
681 1689 819 1752 viciniori
833 1688 867 1758 in
889 1708 986 1755 sacros
999 1709 1068 1752 usus
1079 1691 1146 1771 ejus

134 1767 259 1832 arbitrio
278 1770 432 1849 erogandi.
443 1771 521 1835 lbid.
534 1792 567 1835 sa.
578 1775 610 1834 a.

515 1945 634 2007 actus
649 1946 761 2007 FlDEl.

171 2118 260 2177 dctus
271 2115 340 2177 ildei
350 2113 505 2179 noudebet
515 2112 763 2193 comprehendere
772 2113 888 2177 tantbm
902 2116 933 2177 in
942 2132 1050 2195 genere
1059 2121 1147 2197 quid·

134 2204 207 2278 quid
220 2200 293 2263 fides
307 2202 418 2273 dictat,
434 2200 490 2278 sed
505 2201 615 2261 debent
628 2202 719 2266 etiam
734 2201 814 2264 credi
837 2202 974 2281 explicite
985 2222 1019 2267 ea
1032 2213 1144 2289 myste-

132 2286 197 2360 ria,
211 2304 279 2362 quas
290 2287 365 2345 scire
377 2286 587 2353 debentem.
599 2284 680 2348 Ecct.
694 2288 744 2351 72.

512 2456 752 2519 invocares.
816 2446 820 2455 '

171 2625 338 2706 Rescripta,
353 2635 384 2688 et
399 2626 501 2687 brevia
516 2645 570 2706 pro
583 2626 747 2689 exercendo
758 2629 890 2692 advocati
901 2638 1031 2693 munere*
1041 2649 1143 2699 mona-

132 2710 211 2785 cbis,
232 2712 321 2772 etiarn
338 2714 486 2774 canomais
499 2714 707 2793 regularibus,
727 2734 893 2796 numquam
916 2718 1141 2789 conceduntur,

131 2796 211 2877 quod
228 2796 379 2857 conforme
399 2806 443 2857 est
455 2798 582 2877 canoni,
596 2801 646 2859 Ea
656 2808 742 2879 purte
756 2792 829 2875 tuo,
844 2801 883 2861 de
894 2802 1082 2879 postulando,
1094 2804 1142 2866 De
1226 2890 1227 2899 ἵ

131 2886 204 2964 Syn.
221 2883 313 2943 Dices.
331 2879 352 2944 l.
366 2883 416 2944 15.
429 2901 455 2943 c.
470 2884 520 2941 10.
536 2902 569 2943 n.
584 2886 634 2945 12.

170 2968 363 3030 Saecularibus
378 2967 450 3030 verb
463 2968 595 3041 clericis,
610 2970 700 3030 etiam
714 2968 913 3044 beneficiatis,
928 2968 994 3032 tum
1008 2980 1038 3033 et
1051 2976 1142 3043 sacris

131 3054 286 3115 ordinibus
309 3054 432 3115 initiatis
448 3052 637 3126 conceditur,
659 3062 693 3115 ut
712 3053 917 3115 advocaturam
936 3065 1091 3119 exerceant
1109 3060 1141 3121 in

130 3137 330 3199 tribunalibus
342 3138 561 3209 ecclesiasticis,
575 3138 608 3199 in
630 3138 796 3216 laicalibus,
810 3148 840 3199 et
852 3132 951 3203 coram
966 3138 1068 3223 judice
1086 3160 1141 3203 sac·

131 3220 244 3291 calari,
263 3220 331 3281 crim
351 3225 479 3301 agitatur
498 3237 582 3283 eausa
605 3224 726 3303 propria
749 3224 903 3301 ipsorum,
930 3224 978 3286 vel
1005 3227 1140 3307 Ecclesiae
1226 3256 1227 3261 ¹

129 3319 205 3393 span,
221 3304 267 3359 vel
291 3306 506 3386 miserabilium
525 3308 928 3387 personarquuamqunm
942 3311 975 3370 in
997 3311 1139 3373 Brevibus

128 3380 223 3477 bbere
233 3384 406 3479 conceditur
423 3393 567 3453 sacerdoti
586 3393 717 3454 saeculari
731 3392 854 3473 pauperi
868 3438 876 3467 ‚
890 3403 923 3454 ut
937 3395 1030 3458 libere
1041 3416 1138 3459 causas

128 3464 228 3559 civiles
240 3473 271 3558 ct
283 3469 451 3565 criminales
464 3486 547 3555 agat,
572 3478 736 3542 dummodd
755 3480 787 3539 in
801 3481 1003 3550 criminalibus
1013 3492 1139 3545 tantuma

107 3591 108 3594 ,
127 3540 215 3597 modo
229 3560 287 3601 reis
297 3556 503 3621 patrocinetur·
514 3582 524 3636 5
535 3564 609 3639 quin
627 3574 658 3625 et
668 3560 780 3627 tamdiu
793 3582 902 3626 munus
915 3565 989 3633 illud
1002 3584 1138 3631 exercerc
