<?xml version="1.0" encoding="UTF-8"?>
<!DOCTYPE html PUBLIC "-//W3C//DTD XHTML 1.0 Transitional//EN"
    "http://www.w3.org/TR/xhtml1/DTD/xhtml1-transitional.dtd">
<html xmlns="http://www.w3.org/1999/xhtml" xml:lang="en" lang="en">
 <head>
  <title>
</title>
<meta http-equiv="Content-Type" content="text/html;charset=utf-8" />
  <meta name='ocr-system' content='tesseract 3.04.00' />
  <meta name='ocr-capabilities' content='ocr_page ocr_carea ocr_par ocr_line ocrx_word'/>
</head>
<body>
  <div class='ocr_page' id='page_1' title='image "./theologiamorali04heilgoog_0113.png"; bbox 0 0 2475 3975; ppageno 0'>
   <div class='ocr_carea' id='block_1_1' title="bbox 315 188 1087 275">
    <p class='ocr_par' dir='ltr' id='par_1_1' title="bbox 315 188 1087 275">
     <span class='ocr_line' id='line_1_1' title="bbox 315 188 1087 275; baseline 0.003 -20"><span class='ocrx_word' id='word_1_1' title='bbox 315 194 342 275; x_wconf 68' lang='grc' dir='ltr'>ς.</span> <span class='ocrx_word' id='word_1_2' title='bbox 358 194 424 255; x_wconf 84' lang='lat' dir='ltr'>vlt.</span> <span class='ocrx_word' id='word_1_3' title='bbox 441 195 486 255; x_wconf 85' lang='lat' dir='ltr'>De</span> <span class='ocrx_word' id='word_1_4' title='bbox 505 188 656 274; x_wconf 71' lang='lat' dir='ltr'>infestatio</span> <span class='ocrx_word' id='word_1_5' title='bbox 671 189 841 255; x_wconf 78' lang='lat' dir='ltr'>ddoearaae.</span> <span class='ocrx_word' id='word_1_6' title='bbox 1048 195 1087 257; x_wconf 77' lang='grc'>99</span> 
     </span>
    </p>
   </div>
   <div class='ocr_carea' id='block_1_2' title="bbox 23 292 1091 2243">
    <p class='ocr_par' dir='ltr' id='par_1_2' title="bbox 23 292 1091 2243">
     <span class='ocr_line' id='line_1_2' title="bbox 93 292 1087 372; baseline -0.009 -8"><span class='ocrx_word' id='word_1_7' title='bbox 93 299 220 365; x_wconf 69' lang='lat' dir='ltr'>medaba</span> <span class='ocrx_word' id='word_1_8' title='bbox 241 296 279 359; x_wconf 88' lang='lat' dir='ltr'>ab</span> <span class='ocrx_word' id='word_1_9' title='bbox 297 295 353 359; x_wconf 86' lang='lat' dir='ltr'>baa</span> <span class='ocrx_word' id='word_1_10' title='bbox 366 302 504 356; x_wconf 85' lang='lat' dir='ltr'>creatura</span> <span class='ocrx_word' id='word_1_11' title='bbox 522 292 591 355; x_wconf 86' lang='lat' dir='ltr'>Dei.</span> <span class='ocrx_word' id='word_1_12' title='bbox 609 292 723 353; x_wconf 83' lang='lat' dir='ltr'><strong>Deinde</strong></span> <span class='ocrx_word' id='word_1_13' title='bbox 742 294 934 372; x_wconf 72' lang='lat' dir='ltr'>penitentem</span> <span class='ocrx_word' id='word_1_14' title='bbox 958 295 1087 356; x_wconf 88' lang='lat' dir='ltr'>interro·</span> 
     </span>
     <span class='ocr_line' id='line_1_3' title="bbox 93 379 1088 467; baseline -0.004 -20"><span class='ocrx_word' id='word_1_15' title='bbox 93 396 152 467; x_wconf 83' lang='lat' dir='ltr'>got,</span> <span class='ocrx_word' id='word_1_16' title='bbox 164 404 200 445; x_wconf 91' lang='lat' dir='ltr'>an</span> <span class='ocrx_word' id='word_1_17' title='bbox 215 399 348 461; x_wconf 83' lang='lat' dir='ltr'>uuquam</span> <span class='ocrx_word' id='word_1_18' title='bbox 365 379 481 442; x_wconf 87' lang='lat' dir='ltr'>bostem</span> <span class='ocrx_word' id='word_1_19' title='bbox 501 380 702 450; x_wconf 77' lang='lat' dir='ltr'>invocaverit,</span> <span class='ocrx_word' id='word_1_20' title='bbox 713 388 743 441; x_wconf 91' lang='lat' dir='ltr'>et</span> <span class='ocrx_word' id='word_1_21' title='bbox 755 397 823 441; x_wconf 89' lang='lat' dir='ltr'>cum</span> <span class='ocrx_word' id='word_1_22' title='bbox 839 398 875 441; x_wconf 91' lang='lat' dir='ltr'>ea</span> <span class='ocrx_word' id='word_1_23' title='bbox 887 380 1007 457; x_wconf 78' lang='lat' dir='ltr'><strong>aliquod</strong></span> <span class='ocrx_word' id='word_1_24' title='bbox 1017 381 1088 443; x_wconf 79' lang='lat' dir='ltr'>iaie</span> 
     </span>
     <span class='ocr_line' id='line_1_4' title="bbox 92 464 1087 551; baseline -0.005 -19"><span class='ocrx_word' id='word_1_25' title='bbox 92 474 126 533; x_wconf 86' lang='lat' dir='ltr'>rit</span> <span class='ocrx_word' id='word_1_26' title='bbox 143 472 281 551; x_wconf 78' lang='lat' dir='ltr'>pactum?</span> <span class='ocrx_word' id='word_1_27' title='bbox 294 486 333 527; x_wconf 89' lang='lat' dir='ltr'>an</span> <span class='ocrx_word' id='word_1_28' title='bbox 352 464 510 544; x_wconf 88' lang='lat' dir='ltr'>aliquanda</span> <span class='ocrx_word' id='word_1_29' title='bbox 522 464 612 527; x_wconf 89' lang='lat' dir='ltr'>fidem</span> <span class='ocrx_word' id='word_1_30' title='bbox 627 466 797 543; x_wconf 71' lang='lat' dir='ltr'><strong>negaverit,</strong></span> <span class='ocrx_word' id='word_1_31' title='bbox 813 473 866 526; x_wconf 88' lang='lat' dir='ltr'>aut</span> <span class='ocrx_word' id='word_1_32' title='bbox 876 474 978 526; x_wconf 89' lang='lat' dir='ltr'>contra</span> <span class='ocrx_word' id='word_1_33' title='bbox 994 466 1087 544; x_wconf 88' lang='lat' dir='ltr'>ipsam</span> 
     </span>
     <span class='ocr_line' id='line_1_5' title="bbox 93 545 1088 632; baseline -0.005 -16"><span class='ocrx_word' id='word_1_34' title='bbox 93 564 179 617; x_wconf 85' lang='lat' dir='ltr'>aetum</span> <span class='ocrx_word' id='word_1_35' title='bbox 198 555 330 632; x_wconf 85' lang='lat' dir='ltr'>aliquem</span> <span class='ocrx_word' id='word_1_36' title='bbox 352 551 537 612; x_wconf 85' lang='lat' dir='ltr'>exercuerit?</span> <span class='ocrx_word' id='word_1_37' title='bbox 556 545 738 629; x_wconf 80' lang='lat' dir='ltr'>interroget,</span> <span class='ocrx_word' id='word_1_38' title='bbox 750 550 809 628; x_wconf 81' lang='lat' dir='ltr'>qul</span> <span class='ocrx_word' id='word_1_39' title='bbox 829 550 926 611; x_wconf 80' lang='lat' dir='ltr'>formal</span> <span class='ocrx_word' id='word_1_40' title='bbox 946 550 1001 629; x_wconf 87' lang='lat' dir='ltr'>ipsi</span> <span class='ocrx_word' id='word_1_41' title='bbox 1027 550 1088 611; x_wconf 76' lang='lat' dir='ltr'>dre-</span> 
     </span>
     <span class='ocr_line' id='line_1_6' title="bbox 91 634 1086 719; baseline -0.009 -18"><span class='ocrx_word' id='word_1_42' title='bbox 91 658 151 701; x_wconf 89' lang='lat' dir='ltr'>mon</span> <span class='ocrx_word' id='word_1_43' title='bbox 161 645 316 719; x_wconf 75' lang='lat' dir='ltr'>appareat,</span> <span class='ocrx_word' id='word_1_44' title='bbox 330 652 367 697; x_wconf 87' lang='lat' dir='ltr'>an</span> <span class='ocrx_word' id='word_1_45' title='bbox 379 634 508 695; x_wconf 84' lang='lat' dir='ltr'>hominis</span> <span class='ocrx_word' id='word_1_46' title='bbox 518 678 526 705; x_wconf 97' lang='lat'>,</span> <span class='ocrx_word' id='word_1_47' title='bbox 537 634 689 706; x_wconf 84' lang='lat' dir='ltr'>mulieris,</span> <span class='ocrx_word' id='word_1_48' title='bbox 701 642 753 695; x_wconf 89' lang='lat' dir='ltr'>aut</span> <span class='ocrx_word' id='word_1_49' title='bbox 764 634 880 696; x_wconf 78' lang='lat' dir='ltr'>bellua.</span> <span class='ocrx_word' id='word_1_50' title='bbox 895 636 979 695; x_wconf 85' lang='lat' dir='ltr'>Tunc</span> <span class='ocrx_word' id='word_1_51' title='bbox 994 634 1086 705; x_wconf 87' lang='lat' dir='ltr'>enim,</span> 
     </span>
     <span class='ocr_line' id='line_1_7' title="bbox 91 718 1088 797; baseline -0.008 -12"><span class='ocrx_word' id='word_1_52' title='bbox 91 725 110 785; x_wconf 81' lang='lat' dir='ltr'>ai</span> <span class='ocrx_word' id='word_1_53' title='bbox 125 742 189 785; x_wconf 90' lang='lat' dir='ltr'>eum</span> <span class='ocrx_word' id='word_1_54' title='bbox 206 724 261 785; x_wconf 91' lang='lat' dir='ltr'>illo</span> <span class='ocrx_word' id='word_1_55' title='bbox 278 722 356 792; x_wconf 88' lang='lat' dir='ltr'>coit,</span> <span class='ocrx_word' id='word_1_56' title='bbox 373 727 479 797; x_wconf 76' lang='lat' dir='ltr'>praeter</span> <span class='ocrx_word' id='word_1_57' title='bbox 493 729 646 797; x_wconf 87' lang='lat' dir='ltr'>peecatum</span> <span class='ocrx_word' id='word_1_58' title='bbox 666 730 768 780; x_wconf 88' lang='lat' dir='ltr'>contra</span> <span class='ocrx_word' id='word_1_59' title='bbox 780 721 958 791; x_wconf 72' lang='lat' dir='ltr'>castitatem,</span> <span class='ocrx_word' id='word_1_60' title='bbox 973 726 1005 778; x_wconf 90' lang='lat' dir='ltr'>ct</span> <span class='ocrx_word' id='word_1_61' title='bbox 1016 718 1088 779; x_wconf 89' lang='lat' dir='ltr'>reli·</span> 
     </span>
     <span class='ocr_line' id='line_1_8' title="bbox 24 804 1091 885; baseline -0.003 -19"><span class='ocrx_word' id='word_1_62' title='bbox 24 842 25 881; x_wconf 65' lang='lat'>,</span> <span class='ocrx_word' id='word_1_63' title='bbox 90 808 213 885; x_wconf 88' lang='lat' dir='ltr'>glanem,</span> <span class='ocrx_word' id='word_1_64' title='bbox 237 824 307 867; x_wconf 88' lang='lat' dir='ltr'>rcus</span> <span class='ocrx_word' id='word_1_65' title='bbox 327 804 385 865; x_wconf 88' lang='lat' dir='ltr'>erit</span> <span class='ocrx_word' id='word_1_66' title='bbox 409 804 518 882; x_wconf 88' lang='lat' dir='ltr'>peceati</span> <span class='ocrx_word' id='word_1_67' title='bbox 549 804 767 879; x_wconf 76' lang='lat' dir='ltr'>iot-nicationis,</span> <span class='ocrx_word' id='word_1_68' title='bbox 782 814 835 867; x_wconf 86' lang='lat' dir='ltr'>aut</span> <span class='ocrx_word' id='word_1_69' title='bbox 856 804 1017 875; x_wconf 80' lang='lat' dir='ltr'>sodomiae,</span> <span class='ocrx_word' id='word_1_70' title='bbox 1035 810 1091 863; x_wconf 84' lang='lat' dir='ltr'>aut</span> 
     </span>
     <span class='ocr_line' id='line_1_9' title="bbox 24 887 1087 970; baseline -0.004 -19"><span class='ocrx_word' id='word_1_71' title='bbox 24 932 25 937; x_wconf 20' lang='grc' dir='ltr'><strong>κ</strong></span> <span class='ocrx_word' id='word_1_72' title='bbox 89 892 206 953; x_wconf 83' lang='lat' dir='ltr'>incestria</span> <span class='ocrx_word' id='word_1_73' title='bbox 230 890 375 970; x_wconf 81' lang='lat' dir='ltr'>(intellige</span> <span class='ocrx_word' id='word_1_74' title='bbox 401 887 558 966; x_wconf 80' lang='lat' dir='ltr'>effectivi),</span> <span class='ocrx_word' id='word_1_75' title='bbox 580 889 740 959; x_wconf 86' lang='lat' dir='ltr'>adulterii,</span> <span class='ocrx_word' id='word_1_76' title='bbox 760 899 812 949; x_wconf 86' lang='lat' dir='ltr'>aut</span> <span class='ocrx_word' id='word_1_77' title='bbox 834 889 988 967; x_wconf 86' lang='lat' dir='ltr'>sacrilegii.</span> <span class='ocrx_word' id='word_1_78' title='bbox 1012 889 1087 948; x_wconf 90' lang='lat' dir='ltr'>item</span> 
     </span>
     <span class='ocr_line' id='line_1_10' title="bbox 24 970 1088 1053; baseline -0.005 -19"><span class='ocrx_word' id='word_1_79' title='bbox 24 1014 25 1023; x_wconf 13' lang='grc' dir='ltr'>ἦ</span> <span class='ocrx_word' id='word_1_80' title='bbox 89 977 259 1053; x_wconf 86' lang='lat' dir='ltr'>interroget,</span> <span class='ocrx_word' id='word_1_81' title='bbox 272 992 333 1052; x_wconf 88' lang='lat' dir='ltr'>quo</span> <span class='ocrx_word' id='word_1_82' title='bbox 349 973 412 1035; x_wconf 87' lang='lat' dir='ltr'>loco</span> <span class='ocrx_word' id='word_1_83' title='bbox 426 982 457 1033; x_wconf 90' lang='lat' dir='ltr'>et</span> <span class='ocrx_word' id='word_1_84' title='bbox 476 980 607 1050; x_wconf 89' lang='lat' dir='ltr'>tempore</span> <span class='ocrx_word' id='word_1_85' title='bbox 628 970 686 1033; x_wconf 90' lang='lat' dir='ltr'>boe</span> <span class='ocrx_word' id='word_1_86' title='bbox 701 974 912 1033; x_wconf 86' lang='lat' dir='ltr'>commercium</span> <span class='ocrx_word' id='word_1_87' title='bbox 929 972 1088 1033; x_wconf 76' lang='lat' dir='ltr'>habuerit?</span> 
     </span>
     <span class='ocr_line' id='line_1_11' title="bbox 24 1057 1090 1138; baseline -0.004 -19"><span class='ocrx_word' id='word_1_88' title='bbox 24 1070 25 1095; x_wconf 65' lang='lat'>¹</span> <span class='ocrx_word' id='word_1_89' title='bbox 88 1060 216 1122; x_wconf 83' lang='lat' dir='ltr'>Ostendat</span> <span class='ocrx_word' id='word_1_90' title='bbox 230 1060 257 1121; x_wconf 92' lang='lat' dir='ltr'>ei</span> <span class='ocrx_word' id='word_1_91' title='bbox 269 1068 369 1138; x_wconf 85' lang='lat' dir='ltr'>pastea</span> <span class='ocrx_word' id='word_1_92' title='bbox 381 1057 552 1135; x_wconf 75' lang='lat' dir='ltr'>huiusmodi</span> <span class='ocrx_word' id='word_1_93' title='bbox 563 1057 698 1117; x_wconf 89' lang='lat' dir='ltr'>criminis</span> <span class='ocrx_word' id='word_1_94' title='bbox 713 1057 948 1126; x_wconf 80' lang='lat' dir='ltr'>immanitatem,</span> <span class='ocrx_word' id='word_1_95' title='bbox 963 1064 1090 1134; x_wconf 85' lang='lat' dir='ltr'>quaerat·</span> 
     </span>
     <span class='ocr_line' id='line_1_12' title="bbox 24 1140 1088 1221; baseline -0.007 -15"><span class='ocrx_word' id='word_1_96' title='bbox 24 1170 26 1221; x_wconf 58' lang='lat' dir='ltr'>i</span> <span class='ocrx_word' id='word_1_97' title='bbox 90 1162 218 1221; x_wconf 88' lang='lat' dir='ltr'>quacum</span> <span class='ocrx_word' id='word_1_98' title='bbox 239 1144 382 1209; x_wconf 80' lang='lat' dir='ltr'>imiuccre</span> <span class='ocrx_word' id='word_1_99' title='bbox 398 1143 435 1203; x_wconf 86' lang='lat' dir='ltr'>ad</span> <span class='ocrx_word' id='word_1_100' title='bbox 459 1159 559 1203; x_wconf 87' lang='lat' dir='ltr'>veram</span> <span class='ocrx_word' id='word_1_101' title='bbox 576 1142 798 1203; x_wconf 80' lang='lat' dir='ltr'>conversionem</span> <span class='ocrx_word' id='word_1_102' title='bbox 810 1186 819 1215; x_wconf 91' lang='lat'><strong>‚</strong></span> <span class='ocrx_word' id='word_1_103' title='bbox 830 1150 861 1203; x_wconf 90' lang='lat' dir='ltr'>et</span> <span class='ocrx_word' id='word_1_104' title='bbox 878 1140 1088 1203; x_wconf 74' lang='lat' dir='ltr'>consessionem</span> 
     </span>
     <span class='ocr_line' id='line_1_13' title="bbox 23 1224 1089 1307; baseline -0.006 -20"><span class='ocrx_word' id='word_1_105' title='bbox 23 1303 24 1307; x_wconf 7' lang='grc' dir='ltr'><strong>Ἰ</strong></span> <span class='ocrx_word' id='word_1_106' title='bbox 89 1228 224 1306; x_wconf 80' lang='lat' dir='ltr'>integram</span> <span class='ocrx_word' id='word_1_107' title='bbox 241 1228 423 1303; x_wconf 71' lang='lat' dir='ltr'>laciendum3</span> <span class='ocrx_word' id='word_1_108' title='bbox 437 1227 486 1288; x_wconf 90' lang='lat' dir='ltr'>isti</span> <span class='ocrx_word' id='word_1_109' title='bbox 505 1228 584 1287; x_wconf 90' lang='lat' dir='ltr'>enim</span> <span class='ocrx_word' id='word_1_110' title='bbox 600 1228 707 1307; x_wconf 90' lang='lat' dir='ltr'>perditi</span> <span class='ocrx_word' id='word_1_111' title='bbox 718 1225 875 1299; x_wconf 83' lang='lat' dir='ltr'>homines,</span> <span class='ocrx_word' id='word_1_112' title='bbox 888 1224 1004 1286; x_wconf 89' lang='lat' dir='ltr'>etiamsi</span> <span class='ocrx_word' id='word_1_113' title='bbox 1019 1238 1089 1283; x_wconf 93' lang='lat' dir='ltr'>can·</span> 
     </span>
     <span class='ocr_line' id='line_1_14' title="bbox 91 1308 1090 1389; baseline -0.006 -17"><span class='ocrx_word' id='word_1_114' title='bbox 91 1311 240 1384; x_wconf 86' lang='lat' dir='ltr'>lilcantur,</span> <span class='ocrx_word' id='word_1_115' title='bbox 254 1311 291 1373; x_wconf 89' lang='lat' dir='ltr'>dc</span> <span class='ocrx_word' id='word_1_116' title='bbox 304 1312 380 1371; x_wconf 82' lang='lat' dir='ltr'>lucili</span> <span class='ocrx_word' id='word_1_117' title='bbox 402 1320 518 1389; x_wconf 86' lang='lat' dir='ltr'>peecata</span> <span class='ocrx_word' id='word_1_118' title='bbox 530 1314 731 1373; x_wconf 86' lang='lat' dir='ltr'>committunt.</span> <span class='ocrx_word' id='word_1_119' title='bbox 743 1313 851 1373; x_wconf 83' lang='lat' dir='ltr'>Eadem</span> <span class='ocrx_word' id='word_1_120' title='bbox 864 1308 986 1371; x_wconf 84' lang='lat' dir='ltr'>demdm</span> <span class='ocrx_word' id='word_1_121' title='bbox 997 1323 1090 1367; x_wconf 87' lang='lat' dir='ltr'>reme·</span> 
     </span>
     <span class='ocr_line' id='line_1_15' title="bbox 90 1393 1088 1474; baseline -0.004 -17"><span class='ocrx_word' id='word_1_122' title='bbox 90 1394 131 1457; x_wconf 87' lang='lat' dir='ltr'>dia</span> <span class='ocrx_word' id='word_1_123' title='bbox 143 1394 231 1474; x_wconf 72' lang='lat' dir='ltr'>supra</span> <span class='ocrx_word' id='word_1_124' title='bbox 253 1404 391 1457; x_wconf 77' lang='lat' dir='ltr'>annatma</span> <span class='ocrx_word' id='word_1_125' title='bbox 405 1398 448 1456; x_wconf 92' lang='lat' dir='ltr'>illi</span> <span class='ocrx_word' id='word_1_126' title='bbox 468 1396 659 1474; x_wconf 79' lang='lat' dir='ltr'>praescribat,</span> <span class='ocrx_word' id='word_1_127' title='bbox 673 1414 780 1474; x_wconf 80' lang='lat' dir='ltr'>nempe</span> <span class='ocrx_word' id='word_1_128' title='bbox 796 1406 830 1457; x_wconf 90' lang='lat' dir='ltr'>ut</span> <span class='ocrx_word' id='word_1_129' title='bbox 846 1414 924 1473; x_wconf 80' lang='lat' dir='ltr'>sepe</span> <span class='ocrx_word' id='word_1_130' title='bbox 942 1393 980 1453; x_wconf 88' lang='lat' dir='ltr'>ud</span> <span class='ocrx_word' id='word_1_131' title='bbox 992 1395 1088 1453; x_wconf 87' lang='lat' dir='ltr'>Deum</span> 
     </span>
     <span class='ocr_line' id='line_1_16' title="bbox 90 1477 1088 1559; baseline -0.004 -19"><span class='ocrx_word' id='word_1_132' title='bbox 90 1482 155 1542; x_wconf 86' lang='lat' dir='ltr'>etB.</span> <span class='ocrx_word' id='word_1_133' title='bbox 169 1481 326 1559; x_wconf 77' lang='lat' dir='ltr'>Virginem</span> <span class='ocrx_word' id='word_1_134' title='bbox 346 1490 500 1541; x_wconf 77' lang='lat' dir='ltr'>recurratz</span> <span class='ocrx_word' id='word_1_135' title='bbox 516 1484 690 1558; x_wconf 77' lang='lat' dir='ltr'>frequenter</span> <span class='ocrx_word' id='word_1_136' title='bbox 710 1481 831 1542; x_wconf 87' lang='lat' dir='ltr'>nomina</span> <span class='ocrx_word' id='word_1_137' title='bbox 847 1481 916 1540; x_wconf 86' lang='lat' dir='ltr'>Jcsu</span> <span class='ocrx_word' id='word_1_138' title='bbox 938 1487 967 1539; x_wconf 90' lang='lat' dir='ltr'>et</span> <span class='ocrx_word' id='word_1_139' title='bbox 990 1477 1088 1539; x_wconf 77' lang='lat' dir='ltr'>blariae</span> 
     </span>
     <span class='ocr_line' id='line_1_17' title="bbox 90 1564 1088 1645; baseline 0 -22"><span class='ocrx_word' id='word_1_140' title='bbox 90 1564 195 1627; x_wconf 85' lang='lat' dir='ltr'>invocet</span> <span class='ocrx_word' id='word_1_141' title='bbox 208 1587 216 1625; x_wconf 91' lang='lat'><strong>:</strong></span> <span class='ocrx_word' id='word_1_142' title='bbox 233 1584 341 1643; x_wconf 87' lang='lat' dir='ltr'>aquam</span> <span class='ocrx_word' id='word_1_143' title='bbox 351 1565 502 1627; x_wconf 85' lang='lat' dir='ltr'>lustralem</span> <span class='ocrx_word' id='word_1_144' title='bbox 511 1576 542 1627; x_wconf 91' lang='lat' dir='ltr'>et</span> <span class='ocrx_word' id='word_1_145' title='bbox 552 1568 646 1627; x_wconf 88' lang='lat' dir='ltr'>crucis</span> <span class='ocrx_word' id='word_1_146' title='bbox 655 1568 773 1645; x_wconf 82' lang='lat' dir='ltr'>signum</span> <span class='ocrx_word' id='word_1_147' title='bbox 785 1564 922 1627; x_wconf 88' lang='lat' dir='ltr'>adbibcat</span> <span class='ocrx_word' id='word_1_148' title='bbox 935 1586 944 1623; x_wconf 74' lang='grc' dir='ltr'><strong><em>ε</em></strong></span> <span class='ocrx_word' id='word_1_149' title='bbox 959 1564 1088 1641; x_wconf 87' lang='lat' dir='ltr'>aliquam</span> 
     </span>
     <span class='ocr_line' id='line_1_18' title="bbox 54 1651 1088 1731; baseline -0.001 -21"><span class='ocrx_word' id='word_1_150' title='bbox 54 1718 58 1729; x_wconf 32' lang='lat'><strong>¹</strong></span> <span class='ocrx_word' id='word_1_151' title='bbox 90 1652 236 1730; x_wconf 80' lang='lat' dir='ltr'>reliquium</span> <span class='ocrx_word' id='word_1_152' title='bbox 248 1660 279 1711; x_wconf 92' lang='lat' dir='ltr'>et</span> <span class='ocrx_word' id='word_1_153' title='bbox 293 1651 484 1728; x_wconf 88' lang='lat' dir='ltr'>Evangelium</span> <span class='ocrx_word' id='word_1_154' title='bbox 501 1670 600 1711; x_wconf 86' lang='lat' dir='ltr'>secum</span> <span class='ocrx_word' id='word_1_155' title='bbox 622 1653 722 1713; x_wconf 84' lang='lat' dir='ltr'>ierat:</span> <span class='ocrx_word' id='word_1_156' title='bbox 743 1670 819 1731; x_wconf 80' lang='lat' dir='ltr'>saepe</span> <span class='ocrx_word' id='word_1_157' title='bbox 832 1653 921 1713; x_wconf 87' lang='lat' dir='ltr'>etiam</span> <span class='ocrx_word' id='word_1_158' title='bbox 937 1652 1088 1730; x_wconf 90' lang='lat' dir='ltr'>privatum</span> 
     </span>
     <span class='ocr_line' id='line_1_19' title="bbox 90 1734 1088 1815; baseline -0.004 -18"><span class='ocrx_word' id='word_1_159' title='bbox 90 1738 209 1815; x_wconf 81' lang='lat' dir='ltr'>proferat</span> <span class='ocrx_word' id='word_1_160' title='bbox 223 1736 443 1809; x_wconf 87' lang='lat' dir='ltr'>exorcismum,</span> <span class='ocrx_word' id='word_1_161' title='bbox 457 1744 547 1815; x_wconf 89' lang='lat' dir='ltr'>prout</span> <span class='ocrx_word' id='word_1_162' title='bbox 561 1736 674 1797; x_wconf 81' lang='lat' dir='ltr'>diuum</span> <span class='ocrx_word' id='word_1_163' title='bbox 685 1747 730 1799; x_wconf 86' lang='lat' dir='ltr'>est</span> <span class='ocrx_word' id='word_1_164' title='bbox 738 1736 837 1815; x_wconf 77' lang='lat' dir='ltr'>supra.</span> <span class='ocrx_word' id='word_1_165' title='bbox 848 1737 973 1797; x_wconf 87' lang='lat' dir='ltr'>Dilierat</span> <span class='ocrx_word' id='word_1_166' title='bbox 981 1734 1088 1796; x_wconf 91' lang='lat' dir='ltr'>deinde</span> 
     </span>
     <span class='ocr_line' id='line_1_20' title="bbox 90 1818 1086 1899; baseline 0.001 -20"><span class='ocrx_word' id='word_1_167' title='bbox 90 1838 150 1881; x_wconf 91' lang='lat' dir='ltr'>cum</span> <span class='ocrx_word' id='word_1_168' title='bbox 164 1821 316 1883; x_wconf 88' lang='lat' dir='ltr'>absolvere</span> <span class='ocrx_word' id='word_1_169' title='bbox 328 1864 336 1891; x_wconf 91' lang='lat'><strong>‚</strong></span> <span class='ocrx_word' id='word_1_170' title='bbox 351 1820 401 1881; x_wconf 89' lang='lat' dir='ltr'>sed</span> <span class='ocrx_word' id='word_1_171' title='bbox 421 1818 557 1881; x_wconf 87' lang='lat' dir='ltr'>hortetur</span> <span class='ocrx_word' id='word_1_172' title='bbox 575 1830 608 1881; x_wconf 94' lang='lat' dir='ltr'>ut</span> <span class='ocrx_word' id='word_1_173' title='bbox 625 1840 701 1899; x_wconf 79' lang='lat' dir='ltr'>saepe</span> <span class='ocrx_word' id='word_1_174' title='bbox 713 1822 833 1894; x_wconf 87' lang='lat' dir='ltr'>redeat,</span> <span class='ocrx_word' id='word_1_175' title='bbox 847 1830 881 1881; x_wconf 89' lang='lat' dir='ltr'>ut</span> <span class='ocrx_word' id='word_1_176' title='bbox 893 1822 934 1881; x_wconf 93' lang='lat' dir='ltr'>sie</span> <span class='ocrx_word' id='word_1_177' title='bbox 950 1818 1086 1899; x_wconf 75' lang='lat' dir='ltr'>cognosci</span> 
     </span>
     <span class='ocr_line' id='line_1_21' title="bbox 91 1904 1086 1985; baseline 0.002 -22"><span class='ocrx_word' id='word_1_178' title='bbox 91 1907 188 1983; x_wconf 82' lang='lat' dir='ltr'>pasdt,</span> <span class='ocrx_word' id='word_1_179' title='bbox 200 1906 350 1985; x_wconf 88' lang='lat' dir='ltr'>quomoda</span> <span class='ocrx_word' id='word_1_180' title='bbox 367 1923 399 1967; x_wconf 89' lang='lat' dir='ltr'>se</span> <span class='ocrx_word' id='word_1_181' title='bbox 416 1914 499 1985; x_wconf 81' lang='lat' dir='ltr'>gerat</span> <span class='ocrx_word' id='word_1_182' title='bbox 518 1906 549 1967; x_wconf 89' lang='lat' dir='ltr'>in</span> <span class='ocrx_word' id='word_1_183' title='bbox 571 1907 735 1967; x_wconf 86' lang='lat' dir='ltr'>resistendo</span> <span class='ocrx_word' id='word_1_184' title='bbox 753 1904 844 1967; x_wconf 87' lang='lat' dir='ltr'>bostis</span> <span class='ocrx_word' id='word_1_185' title='bbox 860 1905 1086 1975; x_wconf 87' lang='lat' dir='ltr'>invasionibus,</span> 
     </span>
     <span class='ocr_line' id='line_1_22' title="bbox 24 1989 1087 2074; baseline 0.002 -26"><span class='ocrx_word' id='word_1_186' title='bbox 24 1993 28 2074; x_wconf 35' lang='grc' dir='ltr'>’ἶ</span> <span class='ocrx_word' id='word_1_187' title='bbox 92 2000 117 2050; x_wconf 90' lang='lat' dir='ltr'>et</span> <span class='ocrx_word' id='word_1_188' title='bbox 132 1992 161 2052; x_wconf 92' lang='lat' dir='ltr'>in</span> <span class='ocrx_word' id='word_1_189' title='bbox 182 1991 324 2054; x_wconf 88' lang='lat' dir='ltr'>remediis</span> <span class='ocrx_word' id='word_1_190' title='bbox 338 1989 534 2054; x_wconf 82' lang='lat' dir='ltr'>adhibendis:</span> <span class='ocrx_word' id='word_1_191' title='bbox 555 2011 609 2054; x_wconf 91' lang='lat' dir='ltr'>nce</span> <span class='ocrx_word' id='word_1_192' title='bbox 623 2011 694 2054; x_wconf 92' lang='lat' dir='ltr'>eum</span> <span class='ocrx_word' id='word_1_193' title='bbox 708 1992 861 2065; x_wconf 79' lang='lat' dir='ltr'>absolvat,</span> <span class='ocrx_word' id='word_1_194' title='bbox 872 1992 928 2051; x_wconf 91' lang='lat' dir='ltr'>nisi</span> <span class='ocrx_word' id='word_1_195' title='bbox 942 2001 1007 2070; x_wconf 85' lang='lat' dir='ltr'>post</span> <span class='ocrx_word' id='word_1_196' title='bbox 1021 1990 1087 2050; x_wconf 91' lang='lat' dir='ltr'>lou-</span> 
     </span>
     <span class='ocr_line' id='line_1_23' title="bbox 26 2075 1085 2158; baseline 0.002 -24"><span class='ocrx_word' id='word_1_197' title='bbox 26 2126 27 2130; x_wconf 57' lang='lat'>,</span> <span class='ocrx_word' id='word_1_198' title='bbox 92 2093 153 2151; x_wconf 86' lang='lat' dir='ltr'>gum</span> <span class='ocrx_word' id='word_1_199' title='bbox 172 2079 429 2158; x_wconf 83' lang='lat' dir='ltr'>experimentum,</span> <span class='ocrx_word' id='word_1_200' title='bbox 454 2079 526 2140; x_wconf 83' lang='lat' dir='ltr'>tales</span> <span class='ocrx_word' id='word_1_201' title='bbox 546 2081 627 2140; x_wconf 90' lang='lat' dir='ltr'>enim</span> <span class='ocrx_word' id='word_1_202' title='bbox 646 2080 871 2151; x_wconf 81' lang='lat' dir='ltr'>conversiones,</span> <span class='ocrx_word' id='word_1_203' title='bbox 884 2085 919 2139; x_wconf 86' lang='lat' dir='ltr'>ut</span> <span class='ocrx_word' id='word_1_204' title='bbox 934 2075 1085 2149; x_wconf 82' lang='lat' dir='ltr'>diximus,</span> 
     </span>
     <span class='ocr_line' id='line_1_24' title="bbox 92 2161 796 2243; baseline 0.006 -25"><span class='ocrx_word' id='word_1_205' title='bbox 92 2161 150 2224; x_wconf 88' lang='lat' dir='ltr'>rard</span> <span class='ocrx_word' id='word_1_206' title='bbox 161 2172 229 2226; x_wconf 86' lang='lat' dir='ltr'>sunt</span> <span class='ocrx_word' id='word_1_207' title='bbox 241 2179 337 2235; x_wconf 87' lang='lat' dir='ltr'>verae,</span> <span class='ocrx_word' id='word_1_208' title='bbox 354 2172 385 2223; x_wconf 89' lang='lat' dir='ltr'>ct</span> <span class='ocrx_word' id='word_1_209' title='bbox 398 2162 548 2226; x_wconf 74' lang='lat' dir='ltr'>rarissime</span> <span class='ocrx_word' id='word_1_210' title='bbox 563 2173 796 2243; x_wconf 85' lang='lat' dir='ltr'>perseverantes.</span> 
     </span>
    </p>
   </div>
   <div class='ocr_carea' id='block_1_3' title="bbox 427 2333 742 2396">
    <p class='ocr_par' dir='ltr' id='par_1_3' title="bbox 427 2333 742 2396">
     <span class='ocr_line' id='line_1_25' title="bbox 427 2333 742 2396; baseline 0.003 -2"><span class='ocrx_word' id='word_1_211' title='bbox 427 2333 645 2396; x_wconf 81' lang='lat' dir='ltr'><strong>CAPITULUM</strong></span> <span class='ocrx_word' id='word_1_212' title='bbox 662 2335 742 2396; x_wconf 82' lang='lat' dir='ltr'>vtlt.</span> 
     </span>
    </p>
   </div>
   <div class='ocr_carea' id='block_1_4' title="bbox 25 2484 1087 2829">
    <p class='ocr_par' dir='ltr' id='par_1_4' title="bbox 93 2484 1087 2571">
     <span class='ocr_line' id='line_1_26' title="bbox 93 2484 1087 2571; baseline 0.006 -25"><span class='ocrx_word' id='word_1_213' title='bbox 93 2485 130 2546; x_wconf 88' lang='lat' dir='ltr'>lle</span> <span class='ocrx_word' id='word_1_214' title='bbox 139 2485 295 2568; x_wconf 83' lang='lat' dir='ltr'>prudentia</span> <span class='ocrx_word' id='word_1_215' title='bbox 313 2484 501 2567; x_wconf 75' lang='lat' dir='ltr'>confessarii,</span> <span class='ocrx_word' id='word_1_216' title='bbox 516 2489 545 2550; x_wconf 90' lang='lat'>1.</span> <span class='ocrx_word' id='word_1_217' title='bbox 557 2485 590 2550; x_wconf 86' lang='lat' dir='ltr'>ia</span> <span class='ocrx_word' id='word_1_218' title='bbox 605 2484 760 2571; x_wconf 76' lang='lat' dir='ltr'>seligendis</span> <span class='ocrx_word' id='word_1_219' title='bbox 775 2489 974 2571; x_wconf 77' lang='lat' dir='ltr'>opinionibus.</span> <span class='ocrx_word' id='word_1_220' title='bbox 989 2493 1035 2553; x_wconf 86' lang='grc' dir='ltr'>ΙΙ.</span> <span class='ocrx_word' id='word_1_221' title='bbox 1054 2489 1087 2552; x_wconf 84' lang='lat' dir='ltr'>iu</span> 
     </span>
    </p>

    <p class='ocr_par' dir='ltr' id='par_1_5' title="bbox 25 2570 1087 2829">
     <span class='ocr_line' id='line_1_27' title="bbox 123 2570 1086 2637; baseline 0.007 -7"><span class='ocrx_word' id='word_1_222' title='bbox 123 2571 194 2632; x_wconf 79' lang='lat' dir='ltr'>carri</span> <span class='ocrx_word' id='word_1_223' title='bbox 211 2570 294 2632; x_wconf 72' lang='lat' dir='ltr'>eraclia</span> <span class='ocrx_word' id='word_1_224' title='bbox 317 2571 464 2632; x_wconf 72' lang='lat' dir='ltr'>erroribus</span> <span class='ocrx_word' id='word_1_225' title='bbox 483 2573 504 2635; x_wconf 80' lang='lat' dir='ltr'>d</span> <span class='ocrx_word' id='word_1_226' title='bbox 522 2589 552 2634; x_wconf 83' lang='lat' dir='ltr'>ae</span> <span class='ocrx_word' id='word_1_227' title='bbox 571 2572 879 2637; x_wconf 66' lang='lat' dir='ltr'>conmutatio</span> <span class='ocrx_word' id='word_1_228' title='bbox 899 2574 1086 2637; x_wconf 81' lang='lat' dir='ltr'>custodiendo</span> 
     </span>
     <span class='ocr_line' id='line_1_28' title="bbox 25 2592 1087 2738; baseline 0.006 -26"><span class='ocrx_word' id='word_1_229' title='bbox 25 2724 26 2737; x_wconf 10' lang='grc' dir='ltr'>χ</span> <span class='ocrx_word' id='word_1_230' title='bbox 123 2592 214 2736; x_wconf 46' lang='lat' dir='ltr'>eigilis)</span> <span class='ocrx_word' id='word_1_231' title='bbox 230 2652 449 2716; x_wconf 79' lang='lat' dir='ltr'>sacramentali.</span> <span class='ocrx_word' id='word_1_232' title='bbox 462 2657 520 2719; x_wconf 85' lang='lat' dir='ltr'>1v.</span> <span class='ocrx_word' id='word_1_233' title='bbox 536 2655 570 2718; x_wconf 83' lang='lat' dir='ltr'>ia</span> <span class='ocrx_word' id='word_1_234' title='bbox 586 2655 765 2738; x_wconf 77' lang='lat' dir='ltr'>excipiendis</span> <span class='ocrx_word' id='word_1_235' title='bbox 778 2656 1009 2737; x_wconf 75' lang='lat' dir='ltr'>confessionibus</span> <span class='ocrx_word' id='word_1_236' title='bbox 1020 2678 1087 2719; x_wconf 83' lang='lat' dir='ltr'>aaa·</span> 
     </span>
     <span class='ocr_line' id='line_1_29' title="bbox 25 2731 562 2829; baseline 0.011 -35"><span class='ocrx_word' id='word_1_237' title='bbox 25 2755 26 2829; x_wconf 57' lang='lat' dir='ltr'><strong>j</strong></span> <span class='ocrx_word' id='word_1_238' title='bbox 123 2731 222 2802; x_wconf 79' lang='lat' dir='ltr'>liceum</span> <span class='ocrx_word' id='word_1_239' title='bbox 233 2781 242 2814; x_wconf 88' lang='lat'>‚</span> <span class='ocrx_word' id='word_1_240' title='bbox 255 2735 373 2820; x_wconf 83' lang='lat' dir='ltr'>illisque</span> <span class='ocrx_word' id='word_1_241' title='bbox 389 2740 562 2802; x_wconf 77' lang='lat' dir='ltr'>tractandis.</span> 
     </span>
    </p>
   </div>
   <div class='ocr_carea' id='block_1_5' title="bbox 23 2861 1133 3600">
    <p class='ocr_par' dir='ltr' id='par_1_6' title="bbox 23 2861 1133 3600">
     <span class='ocr_line' id='line_1_30' title="bbox 109 2861 1088 3009; baseline 0.006 -24.526"><span class='ocrx_word' id='word_1_242' title='bbox 109 2861 1088 3009; x_wconf 77' lang='lat' dir='ltr'>lll.l.Courassan1ussummamadbiberedebetprudentiamin</span> 
     </span>
     <span class='ocr_line' id='line_1_31' title="bbox 25 3007 1088 3092; baseline 0.009 -27"><span class='ocrx_word' id='word_1_243' title='bbox 25 3011 29 3041; x_wconf 75' lang='grc'>’-</span> <span class='ocrx_word' id='word_1_244' title='bbox 93 3007 237 3087; x_wconf 80' lang='lat' dir='ltr'>seligendis</span> <span class='ocrx_word' id='word_1_245' title='bbox 248 3011 449 3090; x_wconf 81' lang='lat' dir='ltr'>opinionibus.</span> <span class='ocrx_word' id='word_1_246' title='bbox 465 3009 519 3072; x_wconf 85' lang='lat' dir='ltr'>llic</span> <span class='ocrx_word' id='word_1_247' title='bbox 540 3031 600 3074; x_wconf 90' lang='lat' dir='ltr'>non</span> <span class='ocrx_word' id='word_1_248' title='bbox 613 3015 717 3092; x_wconf 87' lang='lat' dir='ltr'>loquar</span> <span class='ocrx_word' id='word_1_249' title='bbox 729 3014 937 3091; x_wconf 80' lang='lat' dir='ltr'>dequarstiane</span> <span class='ocrx_word' id='word_1_250' title='bbox 947 3015 988 3073; x_wconf 85' lang='lat' dir='ltr'>ita</span> <span class='ocrx_word' id='word_1_251' title='bbox 999 3012 1088 3076; x_wconf 88' lang='lat' dir='ltr'>bodie</span> 
     </span>
     <span class='ocr_line' id='line_1_32' title="bbox 26 3098 1133 3183; baseline 0.014 -34"><span class='ocrx_word' id='word_1_252' title='bbox 26 3112 27 3129; x_wconf 55' lang='lat'>¹</span> <span class='ocrx_word' id='word_1_253' title='bbox 94 3105 285 3167; x_wconf 84' lang='lat' dir='ltr'>controversa,</span> <span class='ocrx_word' id='word_1_254' title='bbox 308 3105 411 3156; x_wconf 87' lang='lat' dir='ltr'>utrum</span> <span class='ocrx_word' id='word_1_255' title='bbox 430 3099 513 3175; x_wconf 86' lang='lat' dir='ltr'>sequi</span> <span class='ocrx_word' id='word_1_256' title='bbox 533 3098 617 3159; x_wconf 89' lang='lat' dir='ltr'>liceat</span> <span class='ocrx_word' id='word_1_257' title='bbox 634 3099 804 3181; x_wconf 90' lang='lat' dir='ltr'>opinionem</span> <span class='ocrx_word' id='word_1_258' title='bbox 826 3098 927 3160; x_wconf 88' lang='lat' dir='ltr'>mimis</span> <span class='ocrx_word' id='word_1_259' title='bbox 949 3099 1088 3180; x_wconf 87' lang='lat' dir='ltr'>probabi·</span> <span class='ocrx_word' id='word_1_260' title='bbox 1130 3173 1133 3183; x_wconf 32' lang='grc' dir='ltr'>Ι</span> 
     </span>
     <span class='ocr_line' id='line_1_33' title="bbox 25 3175 1088 3264; baseline 0.014 -31"><span class='ocrx_word' id='word_1_261' title='bbox 25 3247 26 3252; x_wconf 12' lang='lat'>¹</span> <span class='ocrx_word' id='word_1_262' title='bbox 93 3175 159 3252; x_wconf 88' lang='lat' dir='ltr'>lam,</span> <span class='ocrx_word' id='word_1_263' title='bbox 174 3190 203 3242; x_wconf 87' lang='lat' dir='ltr'>et</span> <span class='ocrx_word' id='word_1_264' title='bbox 218 3177 318 3240; x_wconf 79' lang='lat' dir='ltr'>minus</span> <span class='ocrx_word' id='word_1_265' title='bbox 335 3190 430 3244; x_wconf 90' lang='lat' dir='ltr'>tutam</span> <span class='ocrx_word' id='word_1_266' title='bbox 444 3183 476 3244; x_wconf 93' lang='lat' dir='ltr'>in</span> <span class='ocrx_word' id='word_1_267' title='bbox 494 3202 638 3246; x_wconf 85' lang='lat' dir='ltr'>concursu</span> <span class='ocrx_word' id='word_1_268' title='bbox 659 3184 890 3264; x_wconf 87' lang='lat' dir='ltr'>probabilioris?</span> <span class='ocrx_word' id='word_1_269' title='bbox 904 3186 974 3247; x_wconf 88' lang='lat' dir='ltr'>satis</span> <span class='ocrx_word' id='word_1_270' title='bbox 984 3186 1023 3248; x_wconf 89' lang='lat' dir='ltr'>de</span> <span class='ocrx_word' id='word_1_271' title='bbox 1034 3185 1088 3248; x_wconf 82' lang='lat' dir='ltr'>bea</span> 
     </span>
     <span class='ocr_line' id='line_1_34' title="bbox 25 3265 1085 3350; baseline 0.013 -31"><span class='ocrx_word' id='word_1_272' title='bbox 25 3285 26 3328; x_wconf 74' lang='lat'>3</span> <span class='ocrx_word' id='word_1_273' title='bbox 93 3265 187 3337; x_wconf 88' lang='lat' dir='ltr'>passim</span> <span class='ocrx_word' id='word_1_274' title='bbox 199 3265 365 3344; x_wconf 84' lang='lat' dir='ltr'>loquuntur</span> <span class='ocrx_word' id='word_1_275' title='bbox 377 3276 528 3341; x_wconf 87' lang='lat' dir='ltr'>auctores,</span> <span class='ocrx_word' id='word_1_276' title='bbox 550 3278 581 3329; x_wconf 85' lang='lat' dir='ltr'>et</span> <span class='ocrx_word' id='word_1_277' title='bbox 598 3267 748 3348; x_wconf 74' lang='lat' dir='ltr'>precipue</span> <span class='ocrx_word' id='word_1_278' title='bbox 763 3277 808 3330; x_wconf 88' lang='lat' dir='ltr'>tat</span> <span class='ocrx_word' id='word_1_279' title='bbox 827 3268 905 3331; x_wconf 89' lang='lat' dir='ltr'>docti</span> <span class='ocrx_word' id='word_1_280' title='bbox 917 3275 1085 3350; x_wconf 84' lang='lat' dir='ltr'>scriptores,</span> 
     </span>
     <span class='ocr_line' id='line_1_35' title="bbox 24 3348 1088 3431; baseline 0.01 -29"><span class='ocrx_word' id='word_1_281' title='bbox 24 3399 25 3423; x_wconf 44' lang='lat'>,</span> <span class='ocrx_word' id='word_1_282' title='bbox 95 3348 136 3421; x_wconf 89' lang='lat' dir='ltr'>qui</span> <span class='ocrx_word' id='word_1_283' title='bbox 154 3368 248 3429; x_wconf 91' lang='lat' dir='ltr'>nuper</span> <span class='ocrx_word' id='word_1_284' title='bbox 266 3351 304 3410; x_wconf 91' lang='lat' dir='ltr'>de</span> <span class='ocrx_word' id='word_1_285' title='bbox 323 3369 357 3410; x_wconf 91' lang='lat' dir='ltr'>ea</span> <span class='ocrx_word' id='word_1_286' title='bbox 378 3353 581 3431; x_wconf 87' lang='lat' dir='ltr'>scripserunt,</span> <span class='ocrx_word' id='word_1_287' title='bbox 597 3355 630 3413; x_wconf 92' lang='lat' dir='ltr'>in</span> <span class='ocrx_word' id='word_1_288' title='bbox 651 3353 759 3431; x_wconf 88' lang='lat' dir='ltr'>quibus</span> <span class='ocrx_word' id='word_1_289' title='bbox 774 3354 904 3430; x_wconf 83' lang='lat' dir='ltr'>proiecto</span> <span class='ocrx_word' id='word_1_290' title='bbox 926 3357 1088 3417; x_wconf 86' lang='lat' dir='ltr'>desideras·</span> 
     </span>
     <span class='ocr_line' id='line_1_36' title="bbox 93 3432 1086 3516; baseline 0.004 -24"><span class='ocrx_word' id='word_1_291' title='bbox 93 3445 163 3505; x_wconf 82' lang='lat' dir='ltr'>tcm,</span> <span class='ocrx_word' id='word_1_292' title='bbox 178 3444 211 3494; x_wconf 92' lang='lat' dir='ltr'>ut</span> <span class='ocrx_word' id='word_1_293' title='bbox 229 3432 329 3513; x_wconf 79' lang='lat' dir='ltr'>potitis</span> <span class='ocrx_word' id='word_1_294' title='bbox 345 3436 509 3497; x_wconf 88' lang='lat' dir='ltr'>rationibus</span> <span class='ocrx_word' id='word_1_295' title='bbox 532 3437 622 3516; x_wconf 82' lang='lat' dir='ltr'>qu&#39;am</span> <span class='ocrx_word' id='word_1_296' title='bbox 643 3437 830 3500; x_wconf 87' lang='lat' dir='ltr'>mordacibus</span> <span class='ocrx_word' id='word_1_297' title='bbox 847 3438 1086 3501; x_wconf 87' lang='lat' dir='ltr'>insectationibus</span> 
     </span>
     <span class='ocr_line' id='line_1_37' title="bbox 23 3517 1085 3600; baseline 0.006 -28"><span class='ocrx_word' id='word_1_298' title='bbox 23 3539 24 3550; x_wconf 22' lang='grc' dir='ltr'><strong>κ</strong></span> <span class='ocrx_word' id='word_1_299' title='bbox 94 3517 235 3580; x_wconf 88' lang='lat' dir='ltr'>veritatem</span> <span class='ocrx_word' id='word_1_300' title='bbox 248 3538 304 3580; x_wconf 89' lang='lat' dir='ltr'>nos</span> <span class='ocrx_word' id='word_1_301' title='bbox 315 3519 492 3581; x_wconf 86' lang='lat' dir='ltr'>docuissent.</span> <span class='ocrx_word' id='word_1_302' title='bbox 507 3521 726 3582; x_wconf 86' lang='lat' dir='ltr'>Tantummodo</span> <span class='ocrx_word' id='word_1_303' title='bbox 743 3518 791 3582; x_wconf 90' lang='lat' dir='ltr'>hie</span> <span class='ocrx_word' id='word_1_304' title='bbox 803 3533 935 3600; x_wconf 88' lang='lat' dir='ltr'>repetam</span> <span class='ocrx_word' id='word_1_305' title='bbox 946 3521 1026 3597; x_wconf 87' lang='lat' dir='ltr'>quod</span> <span class='ocrx_word' id='word_1_306' title='bbox 1036 3538 1085 3579; x_wconf 88' lang='lat' dir='ltr'>su·</span> 
     </span>
    </p>
   </div>
   <div class='ocr_carea' id='block_1_6' title="bbox 23 3601 1084 3742">
    <p class='ocr_par' dir='ltr' id='par_1_7' title="bbox 23 3601 1084 3742">
     <span class='ocr_line' id='line_1_38' title="bbox 23 3601 1084 3742; baseline -0.001 -82"><span class='ocrx_word' id='word_1_307' title='bbox 23 3673 24 3676; x_wconf 8' lang='grc' dir='ltr'><strong>Ἴ</strong></span> <span class='ocrx_word' id='word_1_308' title='bbox 94 3601 181 3676; x_wconf 87' lang='lat' dir='ltr'>pcrids</span> <span class='ocrx_word' id='word_1_309' title='bbox 196 3603 258 3664; x_wconf 83' lang='lat' dir='ltr'>dixi</span> <span class='ocrx_word' id='word_1_310' title='bbox 278 3621 310 3665; x_wconf 83' lang='lat' dir='ltr'>a.</span> <span class='ocrx_word' id='word_1_311' title='bbox 328 3605 377 3666; x_wconf 81' lang='grc'>65.</span> <span class='ocrx_word' id='word_1_312' title='bbox 390 3614 420 3666; x_wconf 89' lang='lat' dir='ltr'>et</span> <span class='ocrx_word' id='word_1_313' title='bbox 432 3606 481 3666; x_wconf 78' lang='grc'>69.</span> <span class='ocrx_word' id='word_1_314' title='bbox 494 3602 563 3666; x_wconf 86' lang='lat' dir='ltr'>cdm</span> <span class='ocrx_word' id='word_1_315' title='bbox 582 3605 697 3684; x_wconf 86' lang='lat' dir='ltr'>egimus</span> <span class='ocrx_word' id='word_1_316' title='bbox 711 3605 749 3666; x_wconf 92' lang='lat' dir='ltr'>de</span> <span class='ocrx_word' id='word_1_317' title='bbox 767 3607 921 3742; x_wconf 60' lang='lat' dir='ltr'>oceasianp</span> <span class='ocrx_word' id='word_1_318' title='bbox 933 3603 1084 3682; x_wconf 81' lang='lat' dir='ltr'>proxima,</span> 
     </span>
    </p>
   </div>
   <div class='ocr_carea' id='block_1_7' title="bbox 0 0 1242 3975">
    <p class='ocr_par' dir='ltr' id='par_1_8' title="bbox 0 0 1242 3975">
     <span class='ocr_line' id='line_1_39' title="bbox 0 0 1242 3975; baseline 0 0"><span class='ocrx_word' id='word_1_319' title='bbox 0 0 1242 3975; x_wconf 95' lang='lat' dir='ltr'> </span> 
     </span>
    </p>
   </div>
  </div>
 </body>
</html>
