2475 3975
373 192 424 253 Ea
435 188 568 273 optadus
581 188 735 254 Benedicti
744 194 835 257 Xll'.
1050 199 1108 263 777

100 294 290 374 pertincant,
316 292 419 354 illicite
439 294 650 367 conferuntur,
676 296 727 356 sed
746 306 844 357 tamen
875 297 991 375 valide3
1013 299 1052 361 ita
1071 318 1109 362 ex

98 380 190 439 variis
207 378 344 439 decretis.
360 379 389 439 S.
402 378 434 437 C.
446 380 490 438 De
501 380 574 459 Syn.
588 380 675 441 dioee.
687 381 709 440 l.
724 382 753 442 7.
767 400 792 441 c.
809 383 856 442 77.
870 402 902 443 n.
913 384 943 443 8.
955 392 985 443 et
998 385 1028 445 t).

139 466 215 524 Cum
235 464 421 542 regularibus
436 463 597 524 faciliorem
622 482 653 525 se
681 466 813 545 prebere
833 476 928 545 potest
940 468 1109 549 ‘Episcopus

99 550 133 609 in
155 548 261 609 ordine
277 549 314 608 ad
332 565 473 621 examen,
489 557 524 608 ut
541 567 576 609 ex
594 549 689 610 Sciat.
703 550 808 612 Tbeol.
822 552 924 613 llorol.
939 561 978 611 tr.
993 554 1022 613 8.
1037 572 1064 613 c.
1077 554 1107 613 ὅ.

100 632 172 693 dub.
194 636 225 695 2.
240 640 343 711 punct.
358 636 387 693 2.
408 652 439 693 n.
460 634 510 695 tt.
524 633 637 695 iaoilids
655 637 743 696 etiam
769 636 938 715 dispensare
961 655 1028 699 cum
1049 637 1108 698 illis

98 728 196 795 potest
205 718 242 780 ab
256 720 439 792 interstitiis,
454 719 664 781 conformando
677 739 708 781 se
720 720 831 798 judicio
846 722 1005 801 superioris
1020 740 1108 803 regu·

98 803 169 864 laris
187 805 320 863 testantis
339 803 377 863 dc
395 805 567 865 sufficientia
588 823 691 865 causae.
705 806 776 867 lust.
791 806 869 867 Eeel.
882 809 930 867 75.
943 825 1027 867 nuru.
1039 808 1067 868 7.

138 890 299 967 Episcopus
316 890 427 949 alienos
450 890 581 950 subditos
600 910 655 971 per
675 892 855 951 dimissorias
872 892 908 951 ad
930 910 961 953 se
983 892 1107 953 directos

99 974 309 1047 ordinaturus,
324 993 384 1035 non
400 984 517 1035 tenetur
534 976 655 1052 quidem
674 974 874 1035 ordinandum
889 994 965 1037 novo
979 978 1106 1039 examini

9 1096 24 1115 .
96 1057 261 1141 subjicere,
285 1057 354 1120 etim
377 1059 407 1119 id
426 1059 441 1119 7
459 1062 580 1139 proprio
605 1061 748 1141 Episcopo
769 1062 807 1121 sit
828 1062 1047 1140 praestandum,
1074 1069 1108 1121 ut

96 1162 135 1205 cx
153 1146 304 1205 communi
321 1147 484 1207 Doctorum
497 1148 659 1223 senteutid;
673 1156 702 1207 at
716 1148 740 1206 si
750 1148 822 1206 velit
836 1166 920 1209 uovae
935 1147 1107 1207 discussioni

97 1227 184 1290 illum
204 1230 493 1310 subjicere‚potcst,
507 1240 542 1291 ut
558 1230 693 1309 soepidsa
714 1233 744 1291 S.
760 1234 791 1291 C.
807 1233 929 1293 Concilii
948 1230 1107 1291 delinitum

97 1324 152 1375 ost.
164 1315 202 1375 Aa
217 1318 376 1396 Episcopus
395 1316 595 1393 suffraganeus
614 1314 651 1374 ad
672 1316 849 1395 supplendas
862 1317 1016 1381 diocesani
1031 1316 1108 1377 vices

97 1410 280 1481 assumptus,
293 1421 348 1463 uec
366 1412 506 1475 tenetur,
520 1420 574 1462 nee
592 1410 708 1481 potest,
723 1413 756 1461 ut
774 1403 811 1462 ab
830 1403 931 1463 eadem
944 1405 1108 1501 cougrega-

96 1488 180 1547 tioue
193 1486 323 1553 decisum
337 1490 424 1550 estin
438 1487 522 1548 causa
538 1486 638 1547 Elbor.
659 1487 784 1546 Dubior.
799 1488 847 1547 die
858 1491 895 1549 27
909 1496 1023 1567 augusti
1036 1487 1106 1547 unni

51 1606 57 1617 .
96 1572 196 1644 7777,
216 1575 264 1635 eui
283 1582 382 1636 tamon
400 1575 442 1633 ias
458 1580 503 1632 est
522 1571 560 1631 ab
576 1572 764 1632 ordinatione
788 1572 868 1632 illius
887 1569 1057 1648 obstinere,
1081 1570 1106 1631 si

95 1656 195 1734 aliqua
211 1656 290 1734 justa
309 1678 393 1719 causa
413 1664 550 1737 suppetat
566 1655 604 1715 ad
624 1674 693 1717 cum
715 1658 940 1721 removendum.
964 1658 1008 1717 De
1030 1658 1103 1737 Syn.

95 1743 185 1802 dioee.
197 1743 219 1801 l.
232 1745 280 1803 tr.
297 1763 323 1803 e.
338 1746 368 1803 8.
383 1762 467 1804 uum.
482 1745 512 1804 7.

135 1825 314 1899 ordinatus,
329 1836 362 1887 ut
376 1827 471 1887 aalide
487 1827 517 1887 id
534 1835 671 1905 praestet,
684 1825 771 1886 debet
787 1824 895 1886 uouere
910 1827 1106 1891 intentionem

94 1906 278 1984 virtualem,
297 1911 400 1971 saltem
417 1920 567 1972 externam
590 1918 621 1971 et
637 1913 784 1972 internum
801 1954 809 1982 ,
824 1911 1000 1991 suscipiendi
1025 1914 1105 1991 quod

95 1997 223 2058 Ecclesia
239 1996 368 2056 intendit
386 1996 423 2056 ab
443 2012 478 2057 eo
497 1999 614 2077 suscipi.
633 1996 720 2071 Qudd
738 1997 762 2057 si
782 2006 897 2058 coactus
920 1997 1016 2078 gravis
1034 1999 1108 2072 moli
1200 2004 1203 2009 '

95 2091 177 2142 metu
196 2081 330 2141 animum
350 2081 483 2142 intendat
503 2083 540 2143 ad
562 2083 761 2162 suscipiendos
778 2083 917 2156 ordines,
941 2091 974 2143 ut
994 2082 1105 2143 molum

95 2167 171 2228 illud
186 2169 279 2242 vitet,
293 2175 365 2229 tuuc
383 2169 488 2247 utique
510 2168 658 2229 ordinatio
678 2170 766 2230 valet.
782 2171 826 2230 De
842 2187 914 2228 socr.
936 2168 1017 2244 miss.
1036 2168 1057 2227 l.
1073 2171 1103 2228 7.

95 2274 123 2314 c.
138 2255 186 2312 70.
197 2272 229 2313 n.
240 2256 289 2314 ta.
304 2255 335 2314 Si
353 2251 426 2314 vero
441 2254 563 2332 recipiat
577 2255 687 2331 absque
704 2254 868 2316 intentione
885 2253 1020 2325 interut,
1034 2271 1105 2332 pro·

93 2337 172 2400 lecto
191 2339 337 2399 ordinatio
354 2358 415 2400 non
434 2339 522 2399 valet.
535 2340 595 2399 Nee
608 2341 686 2398 volet
705 2341 816 2409 etiam,
835 2340 860 2398 si
882 2338 1018 2398 habuerit
1039 2337 1105 2398 ani-

95 2443 180 2484 mum
192 2423 408 2489 indifferentem
419 2468 427 2496 ,
439 2425 521 2485 idest
534 2443 588 2484 uec
600 2425 783 2485 uoluntatem
793 2425 988 2503 suscipiendi,
1002 2433 1031 2484 et
1043 2439 1104 2483 uon

93 2509 269 2588 suscipiendi
277 2511 405 2570 ordines.
414 2513 472 2570 Pro
483 2509 763 2588 invaliditatehujus
774 2510 967 2572 ordinationis
977 2510 1105 2573 refertur

93 2594 246 2654 decretum
256 2596 286 2655 S.
299 2596 549 2676 congregationis.
864 2623 866 2626 ·

135 2680 169 2738 ln
180 2681 261 2744 sacri
274 2681 506 2760 congregatione
519 2681 568 2740 die
590 2682 625 2741 57
649 2682 749 2744 martii
769 2683 866 2754 l685,
881 2682 1021 2758 agitatum
1037 2689 1102 2754 cst,

93 2763 169 2828 tulin
185 2765 307 2826 clericus
322 2765 384 2846 (qui
399 2767 551 2825 falsaverat
562 2768 771 2827 testimoniales
781 2767 921 2826 ordinum
937 2764 1104 2844 praeceden-

93 2851 192 2923 tium,
215 2851 344 2928 adeoque
365 2861 448 2912 metu
468 2869 678 2924 censurarum,
693 2871 760 2930 quae
782 2853 814 2912 iu
834 2871 869 2928 eo
889 2869 956 2912 casu
979 2851 1104 2911 commi-

92 2936 159 3000 nari
178 2935 275 2997 solent
295 2937 327 2996 in
354 2937 467 3007 edicto,
491 2935 594 2997 habuit
614 2937 808 2999 intentionem
833 2953 894 2998 non
923 2935 1101 3015 suscipiendi

92 3021 230 3087 ordinem
247 3020 489 3095 subdiaconum,
509 3023 561 3100 qui
584 3033 654 3082 tune
674 3023 729 3083 sibi
748 3025 786 3084 ab
808 3023 951 3102 Episcopo
970 3021 1104 3082 coniere-

90 3106 192 3187 batur)
206 3105 301 3187 reipsa
320 3107 472 3167 ordinatus
490 3115 588 3169 essct?
605 3107 763 3186 Respondit
774 3106 845 3168 verd
861 3107 909 3166 die
930 3107 968 3168 77
986 3105 1102 3187 augusti

92 3191 228 3269 ejusdcm
246 3193 316 3255 anni
335 3211 397 3253 esse
411 3191 520 3256 iterim
541 3194 740 3254 ordinandum
752 3195 807 3256 sub
827 3195 996 3256 conditione
1009 3216 1019 3272 3
1033 3213 1102 3254 nam

89 3277 142 3338 itta
155 3278 247 3338 animi
267 3278 508 3359 perturbatione,
522 3279 581 3357 qua
598 3279 771 3358 'agitabatur
792 3281 945 3352 clericus„
959 3299 1019 3341 uon
1034 3283 1103 3339 sotis

90 3371 225 3426 constare
236 3375 370 3444 poterat,
385 3361 488 3429 utrdm
502 3383 607 3427 verum
618 3367 753 3427 animum
773 3365 952 3444 suscipiendi
965 3365 1101 3425 ordinem

92 3468 154 3512 nou
168 3448 317 3510 habuerit..
333 3449 411 3513 tuit.
428 3469 460 3512 u.
476 3451 526 3511 75.

131 3535 207 3594 Cum
224 3533 304 3604 male
326 3536 470 3613 promotis
492 3535 530 3596 ad
552 3534 692 3608 ordines,
715 3542 745 3596 et
765 3533 915 3612 signanter
936 3549 1003 3590 cum
1025 3549 1097 3610 pro·

90 3621 180 3698 motis
203 3637 258 3697 per
272 3619 380 3680 saltum
397 3621 429 3682 in
452 3621 566 3683 casibus
588 3621 732 3694 occultis,
756 3615 1100 3696 maiorl‘oeuitoutiarius
