2475 3975
346 174 605 251 Delabituotiaet
620 174 764 237 residebis.
1018 180 1055 239 bi

13 286 14 289 ’
84 286 134 347 77.
161 282 233 359 Dico
252 296 290 341 eac
312 270 478 357 [rapiditate
501 274 683 353 intrinsecc,·
701 278 788 338 aliter
808 276 890 339 enim
907 277 1052 359 agendum

51 389 111 432 cum
122 366 223 445 ecqui
237 364 369 441 relapsus
380 369 422 420 est
435 360 473 421 ob
487 362 666 421 occasionem
683 361 899 433 extrinsecam,
920 364 1055 439 quamvis

56 454 265 525 necmsariam3
287 462 357 507 nam
379 444 491 507 occasio
515 446 691 505 vivaciorem
717 445 827 505 excitat
848 448 1054 524 concupiscen-

52 540 116 599 tiam
130 581 139 610 ,
159 542 188 595 et
201 530 354 609 complicis
367 528 521 606 praesentia
534 527 737 590 uehementids
748 547 851 591 sensus
870 539 1054 603 commovet,

50 632 74 683 et
90 620 285 682 intensiorem
303 614 401 675 reddit
423 614 558 675 affectum
578 613 615 673 ad
635 614 837 691 peccandum,
858 612 948 694 qudm
971 614 1057 675 saciat

51 724 152 783 pravus
173 700 295 765 habitus
313 699 488 761 intrinsecus
504 720 513 776 ;
532 707 563 759 et
583 696 651 759 ideb
678 699 823 776 poenitens
843 698 876 760 in
906 700 1056 761 occasione

49 791 205 849 extrinseca
221 802 362 862 magnam
380 783 436 843 sibi
458 784 519 844 vim
539 782 650 842 inferre
675 782 782 855 debet,
798 801 860 845 nco
882 781 998 845 tantdm
1018 782 1055 844 ad

49 858 249 953 superandam,
262 866 477 941 tentationem,
499 866 550 927 sed
580 866 728 927 etiamad
751 885 782 928 se
803 868 1016 929 removendum
1037 865 1055 927 d

50 956 244 1015 familiaritate
256 961 286 1017 ει
297 953 451 1033 praesentia
468 950 619 1029 complicis
631 994 641 1021 ,
653 958 688 1009 ut
699 950 865 1029 periculum
875 969 912 1011 ex
921 952 1056 1030 proximo

13 1034 16 1081 ἶ
51 1041 187 1101 reddatur
201 1043 364 1106 remotum.
384 1038 421 1097 Ει
440 1034 524 1097 tantb
542 1036 638 1115 magis
662 1033 718 1095 hoc
733 1034 868 1115 procedit
879 1078 889 1106 ,
902 1035 928 1095 si
945 1036 1056 1095 occasio

50 1135 89 1185 est
103 1124 272 1186 voluntaria
285 1166 294 1196 ,
309 1120 473 1183 etomnlnb
488 1122 597 1183 auferri
614 1117 721 1194 debet,
740 1120 811 1199 quia
824 1127 896 1180 tunc
911 1122 1057 1197 recipiens

50 1211 280 1280 absolutionem,
303 1216 461 1285 antequam
490 1208 670 1269 occasionem
691 1206 853 1278 amoverit,
875 1213 1007 1264 remanet
1024 1204 1059 1266 in

51 1314 149 1375 magno
169 1293 306 1373 periculo
330 1290 483 1369 frangendi
500 1293 686 1372 propositum
703 1294 812 1354 iactum
832 1290 874 1362 ‚de
890 1290 940 1351 illa
959 1309 1059 1353 remo·

50 1380 136 1439 venda
150 1423 159 1453 ,
172 1374 266 1459 prout
279 1374 460 1441 ostendimus
473 1377 505 1440 in
521 1376 649 1455 capitulo
661 1376 836 1455 praecedenti
851 1394 882 1435 n.
899 1377 948 1435 65.
958 1378 1057 1437 licon-

50 1482 128 1527 rcrso
152 1466 196 1527 in.
214 1461 475 1525 consuetudinario
498 1462 536 1522 ob
558 1478 674 1521 cauum
702 1461 890 1533 intrinsecam
913 1462 1058 1523 remotius

49 1558 87 1609 est
104 1549 276 1628 periculum
290 1546 430 1629 *violandi
450 1548 654 1627 propositum,
667 1545 740 1607 ddm
762 1564 798 1607 ex
820 1564 879 1625 una
896 1556 979 1627 parte
996 1564 1058 1607 nou

50 1635 123 1695 adest
134 1634 287 1713 objectum
297 1634 497 1709 extrinsecum
510 1632 591 1711 quod
602 1642 662 1693 tam
673 1632 817 1692 violenter
838 1650 908 1692 eum
925 1632 1061 1711 impellat

49 1720 79 1777 ad
94 1718 300 1797 peccandum:
317 1726 348 1777 ει
360 1735 396 1777 ex
417 1718 509 1778 altera
529 1718 573 1778 illi
594 1734 655 1777 non
678 1727 722 1776 est
743 1717 908 1776 voluntaria
929 1717 1057 1780 retentio

50 1806 113 1867 mali
129 1802 272 1881 habitus,
286 1810 377 1881 prout
392 1811 436 1863 est
448 1802 646 1863 voluntariam
660 1818 720 1860 non
731 1801 868 1861 amovere
878 1803 1057 1862 occasionem

53 1889 112 1949 cim
137 1889 234 1971 possit
250 1910 259 1965 ;
277 1886 358 1949 unde
377 1887 408 1947 in
433 1888 485 1954 tall
513 1886 684 1948 necessitate
706 1887 785 1946 Deus
808 1884 886 1945 male
904 1885 1056 1947 habituato

13 2045 14 2048 Ἴ
52 1976 137 2054 magis
162 1974 333 2055 succurrit,
353 1980 383 2032 et
400 1970 470 2034 idad
486 1970 552 2052 plirs
572 1968 662 2050 quam
680 1967 852 2033 ddilatione
867 1970 1058 2033 absolutionis

52 2061 157 2136 sperari
176 2067 273 2138 potest
286 2057 451 2138 emendatio
469 2057 486 2117 d
504 2058 596 2136 gratia
609 2058 800 2129 sacramenti,
818 2076 885 2135 que
897 2058 984 2116 illum
997 2058 1058 2116 sor-

53 2145 152 2204 liorem
180 2141 306 2214 reddet,
325 2143 488 2219 reddetque
511 2143 674 2202 efficaciora
693 2142 790 2200 media
809 2159 876 2217 quaa
893 2141 955 2216 ipse
974 2139 1058 2199 adbi-

53 2226 127 2289 bebit
151 2229 191 2290 ad
213 2224 348 2308 habitum
368 2227 605 2305 extirpandum,
625 2229 686 2284 Cur
709 2225 817 2294 enim,
842 2223 922 2282 recte
955 2222 1058 2284 dicunt

13 2309 14 2314 ’
52 2313 288 2374 salmanticenses
300 2313 356 2391 (De
366 2311 476 2372 Ponit.
489 2331 515 2372 c.
530 2313 600 2370 brt.
615 2311 665 2370 68.
677 2308 710 2371 in
721 2307 810 2387 fiae),
830 2307 928 2386 magis
946 2311 1057 2387 sperari

54 2396 132 2458 debat
145 2395 391 2475 quddpeccatori
407 2395 502 2474 gratia
521 2397 632 2455 carenti
654 2395 748 2474 prosit
769 2393 873 2454 dilatio
898 2393 1071 2457 absolutio

55 2481 111 2551 nis,
128 2479 218 2560 qudrn
235 2481 328 2558 prosit
351 2482 446 2542 arnico
469 2481 522 2540 Dei
547 2481 692 2540 absolutio
716 2479 774 2556 qud
791 2478 914 2557 gratiam
935 2482 1056 2557 recepit.

55 2563 87 2623 Et
104 2565 268 2626 cardinalis
294 2561 410 2625 Teletos
426 2563 502 2644 (Lib.
522 2565 552 2625 5.
566 2582 591 2626 c.
613 2563 694 2642 lb),
716 2562 865 2640 loquendo
884 2564 1002 2640 praecisd
1020 2564 1058 2625 de

56 2659 164 2724 peccato
177 2645 369 2727 pollutionis,
384 2658 482 2708 censet
494 2650 530 2709 ad
546 2648 727 2712 talevitiom
742 2645 896 2705 vitandum
917 2665 976 2708 non
996 2667 1058 2708 esse

13 2803 14 2810 ἵ
56 2733 218 2793 remedium
231 2728 374 2800 efficacius
394 2733 483 2811 quiam
503 2732 581 2816 saepia
604 2749 635 2791 se
659 2718 779 2790 munire
800 2740 981 2792 sacramento
996 2750 1058 2811 poe·

13 2815 14 2866 l
55 2817 180 2878 nitentior
193 2813 209 2892 ς’
223 2816 382 2901 subditque
399 2817 456 2878 boc
465 2827 679 2878 sacramentum
693 2816 855 2896 maximum
867 2835 929 2876 esse
942 2816 1058 2882 frenum

13 2905 14 2954 l
55 2895 218 2976 hujusmodi
228 2911 379 2982 peccatum
392 2903 664 2963 committentibus:
681 2908 710 2960 ει
722 2901 773 2978 qui
787 2919 822 2961 eo
836 2918 896 2960 non
912 2911 1058 2973 utamtur,

55 2981 146 3062 inquit
165 2983 248 3066 qubd
264 3004 326 3050 non
346 2985 401 3047 sibi
413 2987 588 3065 promittant
603 2985 839 3046 emendationem
855 2985 911 3042 nisi
932 3003 987 3063 per
1001 2985 1059 3053 ,mi-

56 3071 195 3130 raculum.
208 3071 244 3130 lit
260 3071 291 3130 in
304 3071 379 3131 facto
393 3071 425 3132 S.
444 3067 606 3152 Philippus
620 3067 736 3130 'Nerius
755 3069 801 3148 (ot
819 3067 927 3144 legitur
947 3069 980 3128 in
997 3068 1060 3145 ejus

57 3149 109 3210 rita
126 3155 200 3234 Cup.
216 3156 247 3216 6.
262 3172 294 3214 n.
308 3153 491 3300 bgmaximd
505 3155 564 3232 ¹hoc
582 3155 681 3215 medio
693 3152 856 3232 frequentis
875 3151 1061 3216 consessionis

59 3235 189 3298 utebatur
209 3235 269 3318 pro
282 3242 339 3299 reci
363 3241 417 3302 ivis
436 3234 466 3300 in
480 3241 535 3301 tali
552 3241 638 3300 vitio.
662 3238 737 3298 iluic
757 3253 876 3315 quoque
892 3239 1005 3300 conlert
1029 3239 1061 3300 id

60 3322 131 3392 quod
145 3324 187 3382 ait
200 3323 317 3384 llituale
331 3325 514 3395 Romanum,
536 3325 649 3402 agendo
670 3323 708 3382 de
723 3321 895 3400 poenitentia
913 3344 922 3380 ε
937 3326 976 3384 In
994 3341 1062 3405 pec-

62 3409 120 3462 cato
135 3403 225 3485 focile
239 3407 431 3478 recidentibus
445 3407 637 3470 utilissimum
649 3405 744 3486 fuerit
761 3403 924 3480 consulere,
939 3414 976 3466 ut
985 3407 1062 3483 sepe

62 3486 249 3563 confiteantur
257 3515 270 3569 ,·
286 3499 315 3552 ct
331 3491 359 3552 si
375 3489 526 3572 expedint,
548 3490 772 3569 corrtnruraiccnt,
782 3481 818 3550 Et
836 3490 960 3550 dicendo
972 3486 1062 3566 [cciii

13 3591 14 3594 ¹
64 3571 358 3652 accumularemus
377 3578 606 3657 intelligitluqui
624 3577 661 3636 de
672 3577 774 3654 eisqui
787 3573 920 3636 nonddm
937 3590 1060 3650 pravum
