2475 3975
228 152 254 229 ς.
270 153 307 213 11.
324 152 369 211 De
385 148 516 211 oratione
532 143 803 228 coartaorplotionia‚
816 154 869 209 etc.
997 147 1056 207 109

55 260 81 318 S.
94 259 140 318 Jo.
156 255 175 315 d
193 255 301 328 Gracc,
316 270 452 331 magnam
473 251 536 329 ipsc
554 250 619 310 Deo
641 247 812 309 redditurus
833 255 877 309 est
895 248 1052 309 rationem.

55 338 259 421 Contemplatio
272 336 402 397 multtim
423 336 524 396 dillert
544 334 561 395 d
581 333 785 395 meditatione.
803 333 838 393 ln
861 332 1053 394 meditatione

59 426 195 503 quaeritur
203 416 283 483 licus
292 422 393 482 labore
402 419 566 490 discursis,
580 419 613 478 in
624 416 872 494 contemplatione
883 417 947 477 sinc
959 416 1057 495 hujus·

58 510 128 570 modi
153 508 255 569 labo're
276 506 494 585 contemplatur
515 506 595 565 Deus
614 502 678 582 jam
702 504 852 564 inventus.
875 504 999 581 iusuper
1023 504 1056 563 in

58 592 236 655 meditatione
250 593 348 651 anima
362 598 502 671 operatur
516 589 631 650 actibus
647 605 769 648 suarum
788 587 990 667 potentiarum
1001 609 1012 665 3
1024 588 1056 647 in

59 677 295 759 contemplatione
308 682 447 754 operatur
459 678 555 746 Deus,
572 682 602 733 ct
625 674 723 732 anima
740 670 857 732 tantdm
878 671 1011 750 patitur,
1027 680 1059 733 et

58 765 151 843 recipit
176 764 208 823 in
232 778 264 821 se
286 760 384 833 dona,
406 758 511 839 quat
537 759 638 819 divina
660 756 755 837 gratia
776 756 832 816 sibi
858 756 1059 817 infunduntur

59 848 157 927 absque
180 854 215 907 co
240 839 321 925 qubd
346 842 458 924 aliquid
483 851 647 924 operetur,
671 842 813 920 quoniam
838 842 902 919 ipsa
926 843 1001 919 lux,
1028 851 1058 904 ct
1146 854 1152 863 ·

57 934 163 995 divinus
176 944 260 993 amor
270 975 277 1002 ,
289 949 348 1010 quo
366 940 438 991 tunc
453 938 513 990 tota
529 928 690 1007 impletor,
704 927 834 987 reddunt
850 946 915 989 eam
927 932 1057 989 suaviter

58 1026 191 1078 attentam
202 1014 241 1075 ad
251 1013 508 1095 contemplandam
523 1013 577 1074 Dei
592 1013 639 1073 sui
655 1011 838 1084 bonitatem,
850 1011 902 1089 qni
918 1015 1057 1075 tutillam

59 1104 180 1163 cumulat
199 1102 294 1162 donis.

88 1188 155 1249 117.
169 1186 332 1248 Advertere
351 1184 441 1245 etiarn
454 1192 588 1263 oportet,
607 1182 794 1263 quddDeus,
811 1190 971 1261 antequam
991 1202 1062 1244 con·

60 1273 132 1334 cedat
151 1271 307 1333 animabus
327 1270 440 1331 donum
462 1269 740 1349 contemplationis,
761 1268 836 1330 solet
856 1288 904 1331 eas
920 1271 1063 1341 ,introdu-

60 1378 117 1419 cere
135 1358 168 1419 in
188 1356 354 1417 orationem
374 1356 610 1427 recollectionis,
630 1353 719 1432 vulgo
742 1354 851 1416 dictam
868 1353 902 1415 di
913 1354 1064 1438 Roccoqle'-

60 1451 146 1505 meato
159 1488 168 1516 ,
188 1441 237 1501 vel
259 1439 323 1499 orta·
333 1436 553 1521 contemplativi
564 1439 616 1519 (sic
631 1438 707 1499 illud
720 1448 826 1502 vocant
839 1438 985 1517 mystici),
997 1460 1063 1519 quc

59 1547 111 1589 non
135 1536 179 1589 est
198 1524 297 1586 adbuc
318 1524 528 1603 contemplatio
551 1525 665 1596 inlusa,
683 1524 825 1603 quoniam
846 1523 947 1585 anima
967 1526 1063 1587 adbuc

59 1623 96 1675 cst
113 1616 145 1675 in
164 1622 241 1675 statu
259 1610 367 1673 activo.
382 1613 450 1671 llaec
474 1610 643 1671 recollectio
656 1609 775 1691 (loquor
793 1608 843 1673 blc
859 1610 897 1671 de
914 1614 1061 1689 naturali,

18 1712 19 1715 ’
60 1700 192 1777 quoniam
203 1698 242 1758 de
255 1697 472 1775 supernaturali
485 1706 515 1756 et
526 1697 620 1757 inlusa
634 1694 759 1757 inleriirs
769 1698 927 1775 loquemur
939 1718 972 1759 a.
984 1701 1065 1777 155.)

60 1796 97 1845 cst
115 1784 232 1863 quando
247 1781 410 1843 intellectui
431 1792 506 1867 opus
529 1801 590 1842 non
614 1791 659 1841 est
679 1800 747 1842 cum
766 1782 964 1861 laborequasi
981 1796 1063 1847 extra

62 1871 181 1931 animam
204 1868 287 1929 exire
312 1868 349 1927 ad
373 1867 619 1927 considerandum
646 1867 824 1945 mysterium
847 1869 992 1947 aliquod,
1014 1880 1066 1931 aut

18 1993 19 1998 κ
62 1964 193 2017 aternam
216 1953 391 2026 veritatem,
419 1952 470 2013 sed
495 1951 613 2012 avulsus
630 1948 647 2012 d
663 1950 753 2012 rebus
776 1952 927 2027 externis,
951 1962 982 2018 et
1005 1957 1066 2017 col·

63 2042 146 2101 lectus
164 2040 246 2120 qnasi
268 2038 348 2097 intra
368 2037 500 2097 animam
521 2038 614 2116 ipsam
635 2037 748 2115 absque
768 2037 891 2112 labore,
914 2041 977 2101 imo
998 2059 1066 2101 cum

19 2129 20 2134 ’
64 2140 159 2202 magna
169 2125 314 2184 suavitate
330 2117 455 2183 attendit
469 2124 512 2182 illi
528 2123 665 2196 veritati,
682 2131 735 2182 aut
748 2125 890 2200 mysterio
903 2123 1067 2200 quodcum-

65 2225 115 2282 quc
130 2209 175 2269 sit.
191 2207 295 2270 Otium
308 2203 568 2287 contemplativum
584 2206 706 2268 estsere
728 2206 828 2280 idem,
850 2207 907 2266 nisi
932 2205 1013 2283 qubd
1036 2209 1068 2268 in

66 2293 226 2354 collectione
249 2293 346 2353 anima
371 2291 503 2353 attondat
529 2290 618 2350 alicui
641 2291 756 2350 devotae
780 2291 951 2371 cogitationi
977 2293 1068 2370 parti·

67 2379 168 2457 culari;
186 2381 219 2439 in
240 2379 301 2440 otio
321 2373 392 2439 vcrb
411 2395 480 2440 cum
496 2376 629 2456 generali
647 2376 775 2462 quadarn
789 2378 842 2440 Dei
858 2379 963 2440 notitia
978 2380 1069 2440 sentit

67 2461 94 2521 in
110 2464 199 2542 seipsa
220 2464 393 2538 collectam,
414 2473 444 2523 et
457 2463 595 2548 ,suaviter
610 2463 675 2527 Deo
695 2475 861 2528 attractam.
880 2467 915 2526 ln
933 2464 988 2526 hac
1008 2466 1070 2526 col·

67 2547 202 2622 lectione,
222 2549 284 2609 sive
306 2549 367 2609 otio
390 2549 640 2629 contemplativo,
660 2552 765 2614 dicunt
785 2551 907 2630 quidam
929 2552 1068 2630 mystici,

68 2631 139 2708 qubd
150 2635 202 2694 etsi
216 2631 279 2694 baec
293 2634 389 2693 oratio
401 2630 440 2693 sit
457 2636 621 2710 naturalis,
632 2635 829 2696 nihilominus
845 2636 944 2693 anima
960 2652 1071 2694 cessarc

68 2715 145 2780 debet
162 2736 223 2779 non
240 2715 337 2778 solium
353 2716 598 2794 dmeditatione,
613 2718 665 2780 sed
680 2722 770 2782 etiam
787 2718 824 2780 ab
836 2718 950 2778 actibus
961 2719 1069 2778 volun-

69 2800 129 2860 tatis
139 2846 148 2876 ,
160 2803 270 2864 scilicet
288 2801 419 2877 amaria,
432 2804 611 2882 oblationis,
625 2804 853 2885 resignationis,
871 2812 927 2864 etc.
939 2847 948 2876 ‚
960 2809 991 2862 ct
1006 2812 1071 2862 tan·

68 2881 126 2944 tdrn
145 2887 265 2948 mandre
291 2886 380 2947 debet
398 2889 429 2950 in
451 2890 580 2968 quadam
600 2893 711 2952 amoris
733 2890 907 2968 vigilantia,
926 2896 956 2947 et
976 2896 1072 2947 atten-

70 2968 142 3029 tione
156 2970 193 3031 ad
203 2973 316 3044 Deum,
329 2973 439 3052 absque
453 2993 488 3034 eo
499 2973 580 3054 qubd
594 2984 694 3036 actum
706 2975 836 3054 aliqrrem
847 2970 1072 3032 iaciatverdm·

72 3059 159 3116 tamen
170 3053 342 3133 hujusmodi
355 3057 604 3120 incantationibus
619 3079 674 3139 ego
685 3059 806 3139 prorsus
818 3056 1000 3134 acquiescere
1012 3075 1072 3117 non

73 3139 156 3201 valeo.
168 3141 250 3202 Nulli
263 3141 408 3221 dubium,
424 3145 497 3224 quin
514 3146 632 3223 quando
649 3147 746 3206 anima
759 3142 910 3204 collectam
921 3160 952 3202 sc
964 3146 1071 3218 sentit,

74 3237 125 3285 non
145 3225 232 3288 debet
249 3246 281 3288 sc
298 3231 445 3308 applicare
466 3231 672 3303 meditationi,
698 3228 849 3308 quiajam
871 3227 986 3289 invenit
1010 3232 1073 3289 sinc

76 3307 128 3368 ullo
144 3311 243 3373 labore
263 3314 410 3393 quidquid
428 3316 489 3394 ipsa
508 3317 675 3395 postulabat
686 3337 695 3391 3
708 3323 905 3393 praeterquam
918 3313 998 3392 qubd
1012 3316 1073 3394 ipsa

77 3393 212 3456 ordinaria
233 3397 406 3474 meditatio,
421 3409 456 3460 nt
472 3401 514 3459 ait
528 3401 567 3460 P.
579 3397 700 3480 Sequeri
717 3399 749 3457 in
762 3416 816 3458 suo
829 3413 918 3458 aureo
933 3399 1073 3475 opuscolo
1099 3397 1103 3405 '

77 3473 106 3532 do
124 3479 275 3542 concordio
295 3480 374 3542 t‘atcr
390 3481 518 3547 laborem
540 3491 570 3542 et
588 3483 712 3560 quietem
726 3480 825 3560 (Part.
840 3485 870 3542 1.
884 3501 910 3541 c.
926 3483 955 3539 1.
968 3498 1001 3538 a.
1021 3481 1072 3556 1.).

77 3562 288 3711 llqduoitlppst
310 3567 431 3647 aliquod
453 3578 570 3648 tompus
593 3567 872 3645 contemplationem
881 3582 956 3704 poue
967 3563 1076 3625 dicitur

134 3663 189 3708 ora.
227 3691 236 3710 2
259 3691 268 3710 .
