2475 3975
278 176 306 257 S.
324 177 375 239 tv.
390 174 508 239 Manita
527 172 605 237 cirac
618 170 727 234 attineo
738 174 938 234 Sacramenta.
1058 172 1114 235 its

147 372 174 455 3.
190 374 239 434 lV.
251 373 370 434 Manita
383 374 461 435 circa
484 342 592 433 niliaca
603 372 813 442 Sacramenta,
833 374 861 427 et
873 364 992 427 andnam
1004 383 1061 449 qao
1145 424 1150 433 ,

436 454 551 520 utiliter
560 453 653 537 recipi
659 459 793 535 possuntt.

425 636 449 695 Ι.
467 632 551 695 Circa
569 628 789 713 consessionem.

140 867 210 928 aot.
232 804 310 929 Jnu
322 862 411 943 supet
428 864 460 925 in
474 862 557 943 praxi
574 862 723 923 monitum
742 871 786 921 ost
805 860 882 941 (υἱώ
899 868 1033 923 noctram
1046 861 1113 921 Mo-

99 947 197 1012 ralem
214 947 236 1011 l.
262 954 292 1011 6.
312 966 346 1009 n.
367 950 436 1010 260.
459 956 489 1008 ct
512 946 595 1023 484.)
622 944 703 1023 qudd
727 945 800 1008 dum
822 947 987 1023 perieulum
1009 944 1114 1007 mortis

100 1037 212 1106 instat,
227 1044 278 1095 aut
293 1033 391 1094 forsan
403 1031 552 1103 Viatieum
567 1029 699 1091 delatum
722 1039 788 1103 est,
802 1038 833 1090 et
852 1030 939 1109 longa
959 1039 1033 1089 asset
1043 1046 1114 1090 con·

99 1120 213 1188 lessio,
231 1127 303 1179 tunc
323 1118 460 1177 infirmus
485 1134 547 1178 non
569 1124 689 1176 tenetm
705 1116 805 1177 omnia
823 1124 855 1176 et
871 1115 988 1194 singula
1000 1122 1114 1191 percus

101 1202 250 1265 confiteri.
265 1202 318 1263 lllo
337 1200 464 1280 amplids
486 1199 745 1262 animadvertenda
763 1201 938 1280 sequentia,
958 1194 1113 1271 nimirum.

102 1292 133 1349 l.
148 1288 280 1366 Quisque
289 1288 422 1348 sacerdos
439 1289 470 1347 in
484 1287 589 1347 mortis
599 1302 661 1345 non
679 1284 777 1346 solim
798 1285 946 1357 articulo,
961 1282 1012 1344 sed
1024 1284 1114 1345 ctiam

100 1374 238 1453 periculo
253 1374 298 1451 (ut
322 1372 403 1434 Trid.
420 1389 489 1433 sess.
503 1374 551 1432 44.
566 1389 592 1431 c.
607 1372 638 1431 7.
656 1369 834 1448 declararit)-
844 1371 975 1431 censuris
991 1380 1021 1431 et
1041 1369 1115 1429 easi-

98 1458 158 1519 lnus
175 1456 330 1519 reservatis
352 1456 500 1519 districtos
517 1464 614 1537 potest
633 1455 786 1516 absolvere
804 1452 838 1534 (i.
854 1456 883 1515 a.
902 1474 934 1515 n.
949 1454 1042 1531 dlii-l.
1054 1453 1114 1514 ad-

98 1544 278 1605 vortendum
291 1552 388 1603 mmen
401 1552 446 1604 est
459 1588 468 1617 ,
485 1541 565 1623 qudd
585 1542 661 1603 eirca
674 1560 811 1602 censuros
822 1552 981 1603 reservans
997 1551 1115 1603 tenetur

104 1630 295 1701 confessarios
323 1628 461 1689 facultate
480 1646 581 1689 carens
600 1626 732 1690 imfirma
753 1627 935 1704 imponere,
959 1635 994 1687 ut
1014 1628 1113 1705 elapso

104 1713 211 1774 mortis
224 1712 376 1791 periculo,
393 1730 424 1772 se
448 1722 608 1791 praesentet
629 1712 797 1789 superiori,
821 1709 903 1772 secus
924 1712 957 1771 in
977 1728 1114 1771 censuros

99 1796 265 1869 reincidat,
286 1792 308 1855 i.
322 1814 348 1856 c.
363 1814 396 1857 n.
420 1797 487 1857 tto.
505 1815 536 1856 a.
550 1793 648 1858 scats.
668 1797 698 1855 2.
716 1795 849 1871 Simplex
870 1796 1005 1856 sacerdos
1016 1796 1114 1859 absol·

96 1898 169 1941 vere
186 1899 245 1942 non
264 1887 381 1959 potest,
405 1890 549 1958 presente
565 1879 740 1941 confessario
761 1878 945 1956 approbat03
964 1879 1048 1941 sceda
1069 1892 1114 1942 ta-

98 1983 170 2027 men
186 2009 195 2038 ,
213 1966 238 2027 si
259 1964 450 2030 confessarius
469 1964 650 2046 approbatus
667 1962 767 2024 veniat
782 1960 845 2040 jam
870 1964 986 2044 incepta
1002 1966 1114 2028 mules·

99 2051 184 2112 sione
193 2047 386 2127 qseedsctiam
396 2096 405 2128 ,
417 2050 632 2130 si‘npprolnatus
645 2049 685 2109 sit
696 2041 832 2126 complex
842 2067 976 2129 pemonoe
987 2051 1114 2113 infirme

91 2137 132 2196 'in
145 2143 263 2214 peceato
276 2135 374 2212 turpi,
387 2133 433 2196 uti·
444 2134 575 2196 decrevit
588 2152 698 2195 summ.
712 2134 822 2194 Pontii.
836 2134 1011 2196 Benedictus
1020 2138 1110 2198 XIV.

98 2217 166 2302 (tit.
187 2217 238 2278 cit.
260 2235 293 2276 n.
316 2217 409 2296 tto).
430 2220 460 2278 5.
482 2220 677 2281 Moribundus
694 2219 828 2280 sensibus
850 2220 1007 2281 destitutus
1033 2222 1113 2286 recte

98 2312 200 2386 potest
221 2301 332 2363 absolvi
348 2346 357 2374 ,
373 2305 477 2364 saltem
497 2304 553 2364 sub
573 2303 744 2366 conditione
769 2305 859 2385 (quod
884 2308 1014 2368 securius
1031 2310 1111 2389 est),

99 2385 264 2452 dummodd
285 2397 397 2448 constet
417 2388 571 2451 infimorum
594 2391 810 2452 absolutionem
834 2391 1033 2466 desiderasse,
1051 2413 1110 2474 poe

99 2471 234 2540 nitentia
259 2471 378 2550 signum
401 2472 557 2554 praebens3
580 2479 677 2539 autsi
704 2477 914 2540 consessionem
939 2480 1111 2558 quaesierit,

101 2558 123 2622 l.
136 2577 160 2619 c.
189 2575 220 2618 n.
239 2555 309 2618 481.
326 2567 357 2618 et
376 2559 406 2619 id
425 2559 622 2644 intelligitur,
645 2564 760 2625 etiamsi
781 2565 978 2625 moribundus
996 2567 1028 2626 in
1044 2575 1111 2626 actu

100 2643 211 2724 peceati
231 2659 334 2704 sensus
349 2645 500 2722 amiserit,
513 2645 534 2709 l.
550 2665 574 2710 c.
588 2667 626 2710 ex
638 2652 680 2710 D.
695 2647 857 2730 Anqastc‘ni
872 2650 1044 2709 aueweitate
1058 2693 1067 2722 ,
1082 2659 1112 2711 et

100 2729 238 2805 radon03
254 2728 324 2807 quia
350 2747 387 2790 ex
408 2750 467 2794 ιιιιιι
490 2741 575 2816 perte
594 2733 725 2795 conditio
746 2734 926 2811 Sacramenti
945 2733 1111 2795 irreveren-

100 2816 174 2877 tiam
190 2824 341 2888 removet,
356 2823 387 2878 et
407 2835 442 2878 ex
457 2820 512 2880 alia
534 2837 652 2898 semper
668 2820 701 2880 id
719 2819 770 2879 tali
784 2837 851 2878 casu
874 2837 1022 2898 quemque
1036 2823 1113 2885 vello

101 2917 163 2960 suae
183 2899 270 2961 saluti
294 2903 447 2963 consulere
462 2903 636 2982 judicatur,
656 2904 838 2980 etsensibilc
857 2905 977 2983 aliquod
994 2907 1111 2983 signum

100 2984 278 3059 ostendere,
301 2985 370 3049 lieet
392 2989 489 3054 morbi
511 2993 595 3060 coust
615 2992 734 3070 signum
753 3007 815 3050 non
828 2988 905 3049 bend
917 2990 1108 3069 intelligatur.

101 3073 134 3133 4.
147 3072 178 3131 Si
192 3071 328 3134 infirmus
348 3084 413 3162 post
430 3077 553 3136 tertium
567 3077 668 3149 diem,
683 3075 751 3138 licet
763 3075 801 3136 de
815 3075 947 3153 periculo
961 3080 1107 3159 monitus,

100 3173 158 3218 nec
179 3163 280 3218 tamen
301 3157 437 3224 confiteri
461 3161 569 3232 vellet,
585 3161 733 3240 optimum
750 3160 809 3221 erit
822 3158 847 3219 si
867 3159 999 3221 sacerdos
1017 3167 1111 3227 medi-

101 3258 172 3301 cum
192 3243 383 3316 monstrelet,
402 3253 436 3304 ut
451 3244 536 3324 juxta
553 3248 584 3307 S.
606 3245 660 3306 Pii
675 3248 711 3308 V.
724 3245 862 3315 Bullam,
882 3262 950 3304 oum
971 3265 1030 3309 non
1048 3271 1111 3312 am-

101 3323 183 3407 plinis
209 3325 337 3390 invisere
359 3339 411 3389 est.
427 3331 458 3391 si
481 3340 581 3394 tamen
602 3330 740 3392 infirmus
755 3331 788 3389 in
801 3345 853 3389 sue
876 3327 973 3390 adhue
994 3346 1111 3397 maneat

102 3410 374 3558 fegicffigqiwm
395 3413 508 3479 medico
519 3433 621 3484 curam
640 3412 739 3475 dcuud
750 3413 897 3505 suscipere
911 3415 1031 3492 licebit3
1045 3417 1110 3478 aide

116 3536 126 3555 ·
171 3536 178 3553 ·
222 3537 229 3562 t
306 3537 314 3564 ι

924 3665 983 3722 lt..
