2475 3975
155 174 213 238 tto
434 168 547 235 Prosae
556 167 740 251 ootrfcsoorr‘i.
761 170 833 250 Cap.
850 170 881 231 θ’.

156 272 323 359 ueqtdsito,
341 288 449 351 nempe
460 271 517 332 illa
536 288 603 351 quoe
621 272 710 332 unico
722 270 833 333 iutuitu
846 269 994 351 cognoscit
1005 271 1174 337 veritates.

154 378 227 441 quas
246 358 316 422 antd
334 357 453 420 nonnisi
472 357 568 435 longo'
584 354 717 417 discursu
736 365 767 417 et
786 356 888 418 labore
905 366 1093 436 cognoverat.
1109 359 1175 420 Sed

156 446 203 508 lris
222 462 283 509 non
301 442 501 517 obstantibus,
514 440 612 502 nescio
629 459 682 504 cur
694 442 917 503 enimacessare
931 438 1066 503 debenti
1078 442 1176 506 bonis

156 530 269 593 actibus
289 527 468 591 uoluntatis:
485 525 680 605 etquodnam
700 536 816 605 tempus
836 526 1035 605 opportunius
1055 524 1104 587 bia
1126 528 1176 589 ia·

156 614 268 679 ciendis
279 612 391 675 actibus
403 628 466 671 csse
480 612 608 691 poterit,
626 609 716 690 quim
736 619 854 690 ternpus
872 628 933 689 quo
951 612 1049 671 anima
1062 628 1094 671 se
1105 613 1178 673 eol·

157 702 261 761 lectam
277 697 387 759 sentit?
405 696 518 757 Verum
535 694 658 775 quidem
673 703 735 767 est,
748 694 830 774 qudd
846 696 879 755 S.
894 695 1070 757 franciscos
1082 694 1178 759 Sate-

156 786 220 849 aitte
241 782 397 846 consilium
419 780 503 841 dedit
523 780 557 840 B.
570 780 692 843 loenuae
711 778 903 855 derautal,
920 789 954 841 ut
974 780 1007 838 iu
1025 798 1078 840 sua
1099 802 1176 843 ure·

158 870 238 931 tione
250 913 260 947 ,
284 866 353 929 edm
377 884 409 928 sc
427 868 490 927 Ileo
515 865 634 927 unitam
655 867 800 939 sentiret,
821 882 883 926 non
905 874 1051 943 repeteret
1074 883 1176 929 novos

158 962 238 1017 actus
248 974 258 1032 ς
270 955 321 1015 sed
333 956 446 1032 quare?
462 950 532 1033 quia
546 952 659 1013 scilicet
675 952 762 1012 beata
777 948 841 1029 jam
860 956 1035 1030 peruenerat
1044 948 1083 1011 ad
1096 970 1177 1013 con·

158 1042 380 1122 templationem
404 1038 560 1121 passivam.
582 1037 668 1100 Unde
690 1037 809 1115 quando
830 1036 930 1095 anima
950 1032 1046 1095 adbuc
1068 1047 1117 1098 est
1140 1040 1176 1100 in

159 1137 237 1188 statu
255 1127 374 1196 activo,
391 1142 453 1185 nou
476 1130 519 1183 cst
538 1122 616 1182 ratio
636 1139 690 1183 cur
706 1130 787 1182 aetus
799 1120 870 1182 boni
883 1120 1028 1199 impedire
1038 1120 1179 1186 debeant

159 1212 261 1292 gratioe
282 1208 497 1288 operationem.
512 1205 594 1267 idem
611 1206 834 1268 &Frontinus
850 1202 981 1269 Solesios
998 1208 1180 1286 praefigebat

159 1295 314 1359 animabus
332 1292 446 1355 devotis
467 1290 484 1353 d
503 1308 535 1353 sc
557 1290 676 1353 directis
693 1291 924 1352 determinatum
942 1291 1101 1373 quemdam
1120 1314 1180 1357 nu·

160 1398 276 1445 merum
295 1379 508 1461 aspirationum
531 1378 664 1451 amoris,
684 1376 853 1439 iaciendum
871 1379 951 1437 intra
963 1387 1078 1439 certum
1093 1388 1181 1443 tem-

160 1467 241 1547 poris
256 1466 396 1547 spatium.
412 1462 536 1541 Quando
558 1464 657 1523 anima
680 1463 815 1542 pervenit
836 1462 874 1523 ed
890 1470 1000 1524 statum
1017 1466 1181 1541 passivum

159 1550 436 1629 contemplationis,
450 1558 523 1610 tunc
534 1550 632 1609 anima
643 1548 697 1609 etsi
711 1566 772 1608 non
783 1557 933 1609 mereatur
944 1591 953 1620 ,
963 1548 1033 1626 quia
1044 1565 1081 1608 eo
1093 1559 1183 1612 tern-

160 1653 232 1719 pore
245 1651 306 1696 uon
322 1632 542 1715 operatur,sed
552 1630 669 1693 tautum
686 1631 824 1715 potitor,
836 1629 1031 1693 nihilominirs
1040 1637 1182 1713 acquirit

159 1738 300 1801 inagnum
317 1718 475 1797 quemdam
494 1718 628 1797 vigorem
648 1718 685 1778 ad
704 1718 889 1798 operandum
907 1726 1007 1796 postea
1023 1737 1094 1779 cum
1108 1740 1181 1782 ma·

157 1805 217 1885 iuri
230 1804 430 1885 perfectione:
446 1800 498 1864 sed
509 1802 630 1884 quando
645 1802 852 1863 animaadhuc
864 1802 950 1862 estin
963 1808 1041 1863 statu
1055 1800 1179 1878 activo,

161 1900 195 1953 ut
217 1899 384 1963 mereatur,
406 1888 523 1969 operari
549 1887 659 1961 dehet,
682 1896 764 1949 actus
783 1884 877 1948 bunos
899 1884 1057 1964 iaciendo;
1082 1896 1181 1969 atque

159 1977 222 2040 lraec
244 1984 313 2038 sunt
334 1991 446 2058 opera,
471 1972 579 2054 quibus
603 1974 701 2034 anima
724 1982 856 2037 meretur
878 1973 1003 2053 gratiam
1025 1971 1179 2038 divinam.

163 2063 246 2129 Unde
266 2060 346 2123 recte
362 2059 513 2122 concludit
533 2059 613 2120 idem
635 2061 674 2120 P.
691 2059 830 2141 Sopatri,
850 2058 931 2136 qubd
951 2057 1072 2137 quando
1092 2060 1182 2122 Deus

161 2151 296 2230 loquitur
318 2155 349 2210 et
370 2155 528 2226 operatur;
548 2152 580 2204 et
600 2153 735 2224 oportet,
750 2152 784 2204 ut
801 2143 900 2204 anima
913 2151 1181 2215 taceat,ctccsset

160 2235 252 2298 'esuis
264 2231 506 2313 operationibus,
523 2228 599 2291 nihil
618 2230 700 2290 aliud
721 2229 859 2309 ponendo
874 2246 911 2288 ex
926 2229 1017 2290 latere
1029 2247 1085 2290 suo
1094 2232 1183 2294 circa

161 2319 362 2398 principium,
386 2315 475 2394 quim
492 2317 686 2376 attentionem
707 2313 866 2394 quamdam
885 2311 1183 2377 amorisaddivinas

161 2402 362 2482 operationes,
376 2397 427 2456 sed
446 2398 564 2474 quando
579 2402 658 2462 Deus
679 2418 740 2459 non
757 2399 908 2478 loquitur,
923 2415 1040 2459 necesse
1051 2406 1120 2476 est,
1143 2410 1182 2462 ut

161 2485 259 2546 anima
278 2501 309 2543 se
326 2479 445 2560 adjuvet
464 2499 500 2541 eo
520 2481 609 2542 modo
630 2501 690 2561 quo
708 2494 805 2563 potest
826 2483 863 2543 ad
879 2482 1124 2561 conjungendum
1146 2507 1181 2550 se

159 2572 224 2636 Deo
235 2614 243 2643 ,
256 2567 320 2629 scil.
338 2565 578 2628 meditationibus
594 2566 723 2646 (quando
741 2567 787 2629 hee
802 2577 873 2628 sunt
885 2568 1066 2647 necessariae)
1077 2613 1087 2642 ,
1099 2571 1182 2634 affe-

161 2651 442 2735 ctibus,prccibus,
462 2657 491 2712 et
510 2651 823 2722 determinationibus,
843 2651 1007 2714 dummodd
1026 2664 1110 2713 actus
1125 2654 1179 2720 isti

162 2759 223 2806 non
242 2739 397 2801 eliciantur
418 2735 503 2796 inviti
517 2759 525 2796 ι
540 2735 621 2797 uude
638 2735 683 2797 illi
703 2736 910 2798 tantummodo
929 2745 1000 2799 sunt
1019 2735 1178 2816 faciendi,

162 2826 270 2908 quibus
287 2839 318 2884 se
336 2821 434 2884 anima
452 2821 542 2882 scutit
559 2821 689 2882 suaviter
703 2821 886 2882 inclinatam.

199 2913 269 2976 128.
280 2911 404 2990 Insuper
415 2907 627 2968 advertendum
637 2916 699 2980 est,
712 2904 792 2987 qubd
800 2907 896 2980 Deus,
908 2913 1068 2986 antequam
1081 2908 1178 2971 intro·

161 2999 249 3062 ducat
264 2997 394 3058 animam
413 2993 444 3053 in
461 2993 626 3054 orationem
639 2992 915 3070 contemplationis,
927 2992 1004 3052 solet
1019 3011 1086 3054 eam
1099 3013 1177 3075 pur-

162 3101 232 3162 gare
241 3127 249 3156 ,
259 3079 396 3162 ponendo
407 3079 439 3138 in
451 3078 587 3137 ariditate
599 3077 816 3156 supernaturali
827 3121 836 3150 ,
847 3096 914 3157 quar
924 3077 1089 3156 appellatur
1098 3099 1179 3161 peti·-

160 3167 242 3248 potio
262 3162 448 3246 spiritualis,
463 3173 497 3222 ut
519 3179 584 3222 cern
604 3162 741 3241 purificet
762 3162 857 3223 bsuis
876 3163 1175 3240 imperfectionibus,

163 3266 230 3326 qum
247 3249 291 3307 illi
312 3249 478 3327 impediunt
499 3248 790 3326 contemplationem.
802 3247 900 3326 litque
917 3244 966 3311 bic
985 3247 1177 3330 distinguen-

163 3333 235 3390 dum
257 3337 302 3388 est
319 3330 397 3390 inter
416 3332 583 3392 ariditatem
602 3328 788 3404 sensibilem,
806 3349 873 3410 quae
894 3337 1026 3410 pertinet
1041 3331 1083 3394 ad
1106 3353 1176 3396 sen·

162 3429 228 3470 sum
241 3419 290 3481 ,et
300 3409 465 3472 ariditatem
478 3411 701 3476 substantialem
713 3457 721 3484 ,
733 3430 799 3492 quea
816 3417 948 3493 pertinet
964 3415 1002 3477 ad
1019 3417 1172 3496 spiritum.

164 3492 291 3551 Ariditas
308 3489 454 3553 sensibilia
469 3496 518 3571 (de
538 3495 731 3558 substantiali
747 3497 906 3576 loquemur
927 3519 1013 3560 num.
1024 3501 1174 3580 sequenti)

164 3571 283 3644 quando
304 3578 350 3631 est
370 3576 530 3650 naturalis,
553 3581 612 3642 lert
633 3597 733 3642 aecum
754 3583 913 3660 quoddam
926 3585 1051 3649 taedium
1069 3603 1173 3648 rerunt
