2475 3975
389 172 439 231 Ee
455 168 589 250 operibus
610 166 763 230 Benedicti
779 171 812 230 X
815 172 828 229 1
834 169 869 229 V.
1067 171 1124 231 51111

156 271 327 346 rarochus,
350 289 449 333 coram
470 286 529 351 quo
548 270 688 332 celebrari
705 278 801 349 potest
819 268 1042 332 matrimonium
1057 316 1066 343 ,
1081 278 1126 331 est

117 355 262 434 parochus
276 355 417 419 domicilii
431 399 440 428 ,
460 374 521 417 non
538 356 683 434 originis,
697 363 729 414 ut
749 372 786 415 cx
798 372 940 416 consensu
951 364 1124 426 auctorum,

117 451 149 503 et
167 459 253 503 sensu
267 443 299 503 S.
316 443 460 520 congreg.
480 449 604 502 constat.
618 441 716 502 lnstit.
733 440 841 501 Eccles.
865 441 915 500 53.
933 458 964 499 n.
981 441 1010 499 6.
1027 441 1125 514 Quare

117 527 222 606 siquis
238 526 344 588 haheat
359 526 419 587 duo
436 526 582 586 domicilia
597 526 629 586 in
649 525 759 604 duplici
774 524 901 604 partecit
910 569 920 601 ,
941 525 973 584 in
984 525 1126 586 alterutri
1157 515 1166 537 Χ

115 612 307 674 matrimonio
325 610 411 690 jungi
426 620 540 690 potest:
557 619 686 672 attamen
703 609 739 671 od
760 609 929 672 habendum
950 610 1059 690 duplex
1070 609 1126 669 do·

116 695 261 756 micilium
277 696 462 774 requiritur,
486 705 520 758 ut
538 697 570 757 in
590 697 718 774 utrique
736 697 879 774 aequalem
903 696 1056 757 moraliter
1074 694 1127 754 ha-

116 779 290 842 bitationem
310 779 426 840 haheat.
445 782 541 842 lustit.
555 782 664 856 Eccles.
678 781 727 840 55.
747 798 779 840 u.
792 783 823 840 li.
836 779 984 842 Parachus
1000 779 1126 850 ruralis,

116 882 177 940 quo
199 865 264 943 quis
284 866 382 944 pergit
402 863 439 926 ad
459 865 681 935 rusticandum,
696 881 757 925 non
777 873 823 926 est
839 874 924 944 aptus
937 863 1127 925 matrimonio

116 949 221 1021 illius,
242 951 293 1028 qui
312 949 353 1011 ihi
375 957 509 1010 moratur
529 949 613 1010 causa
637 949 848 1021 recreationis,
873 957 904 1010 et
922 949 959 1009 ad
980 949 1127 1009 rusticana

116 1034 254 1112 negotia3
274 1034 314 1095 ita
331 1035 410 1096 enim
429 1033 572 1112 perpetuu
589 1034 703 1095 censuit
723 1036 754 1095 S.
774 1036 919 1113 congreg.
940 1034 985 1094 lh.
1005 1051 1038 1094 n.
1057 1034 1087 1094 7.

156 1134 280 1196 Nullum
292 1143 335 1196 est
348 1135 572 1195 matrimonium
596 1133 684 1213 ejus,
705 1135 756 1213 qui
777 1134 795 1195 ie
816 1135 882 1196 loeo
899 1133 1027 1213 propriae
1043 1129 1127 1192 habi·

118 1218 255 1291 tationis,
274 1238 334 1279 non
356 1227 455 1280 tamen
468 1219 583 1280 deserto
604 1220 645 1280 ihi
670 1219 841 1292 domicilio,
856 1221 953 1298 pergit
978 1217 1015 1279 ad
1036 1216 1128 1277 alium

117 1303 217 1364 locum
239 1305 338 1363 animo
362 1320 393 1362 se
413 1303 613 1380 conjungendi
638 1305 671 1363 in
698 1305 917 1375 matrimonia,
939 1321 1000 1364 non
1022 1302 1128 1379 adepto

118 1403 198 1448 novo
220 1387 389 1460 domicilio,
412 1405 463 1448 seu
479 1389 563 1465 quasi
580 1388 752 1464 domicilio,
769 1390 810 1449 ita
825 1405 862 1449 ex
878 1405 965 1449 sensu
985 1395 1128 1466 perpetuo

118 1473 150 1534 S.
165 1472 309 1550 Congreg.
325 1471 400 1534 lhid.
414 1491 446 1533 n.
467 1474 498 1534 8.

156 1558 306 1636 vagorum
334 1557 479 1637 parochus
506 1558 603 1638 quoad
626 1561 882 1632 matrimonium,
912 1565 958 1619 est
979 1555 1128 1638 parochus

111 1644 193 1717 vluci,
222 1643 274 1704 uhi
297 1651 369 1705 tunc
387 1653 568 1719 versantur,
588 1653 624 1706 ut
647 1663 788 1708 exsensu
809 1645 943 1724 plurium
964 1643 1128 1720 Theologu-

116 1745 196 1790 eum.
213 1727 290 1789 ibid.
306 1747 338 1788 n.
355 1730 404 1788 10.

152 1808 323 1889 Diligenter
344 1819 443 1872 tamen
458 1811 658 1890 distinguendi
670 1821 741 1873 sunt
754 1814 821 1890 vagi
834 1812 850 1872 h
863 1813 1042 1890 peregrinis.
1054 1811 1127 1890 Vagi

117 1905 188 1958 saint
212 1897 293 1964 eninr
318 1894 362 1954 illi
382 1896 456 1974 qui,
479 1897 584 1957 relicto
610 1897 732 1975 proprio
750 1896 924 1968 domicilio,
946 1897 1027 1956 aliud
1048 1913 1129 1972 quac·

118 1976 206 2044 situri
223 1990 367 2060 vagantur
382 2002 390 2056 3
412 1982 560 2061 peregrini
574 1980 647 2044 vero
665 1983 717 2061 qui
732 2027 740 2053 ,
755 2000 816 2044 non
834 1980 939 2043 relicto
958 1979 1127 2056 domicilio,

119 2067 347 2146 peregrinantur
365 2066 483 2131 alicubi.
501 2068 577 2129 lbid.
596 2086 681 2130 num.
706 2068 755 2130 10.

159 2166 327 2246 Scholarcs‚
347 2165 476 2246 judices,
497 2169 603 2231 medici
619 2212 629 2246 ,
645 2179 703 2230 etc.
720 2168 774 2248 qui
794 2166 903 2229 alicubi
920 2166 1056 2227 conducti
1076 2166 1128 2225 ha·

119 2254 234 2326 hitant,
257 2254 289 2313 in
304 2255 369 2315 loco
386 2254 519 2332 ejusdcm
529 2254 721 2317 habitationis
734 2252 913 2316 contrahunt
929 2254 1012 2330 quasi
1033 2253 1129 2313 dumi·

120 2338 249 2410 cilium,
273 2339 298 2399 si
319 2338 359 2399 ihi
381 2349 573 2419 permaneant
596 2342 696 2420 aliquo
718 2341 825 2403 idoneo
851 2348 998 2419 tempore.
1023 2342 1068 2401 lta
1089 2358 1126 2401 ex

119 2423 184 2483 DD.
201 2422 323 2485 etdecr.
343 2424 374 2485 S.
392 2427 499 2504 Congo.
521 2426 598 2487 thid.
618 2444 650 2486 n.
674 2428 723 2488 11.
819 2481 824 2489 .

158 2522 262 2597 Quoad
288 2524 476 2585 matrimonia
499 2544 624 2597 eorum,
647 2526 753 2605 quiin
779 2543 895 2587 carcere
924 2525 1055 2587 adstricti
1075 2526 1127 2588 de·

120 2608 276 2682 tinentur,
296 2610 321 2670 si
337 2608 527 2671 detineantur
539 2612 572 2672 in
585 2630 701 2673 carcere
720 2629 756 2672 ex
772 2610 916 2671 sentcntit
928 2609 1052 2687 judicis,
1067 2612 1129 2672 sive

121 2693 252 2772 deputati
269 2693 301 2754 in
324 2705 522 2773 perpetuum,
545 2698 608 2757 sive
630 2697 667 2757 ad
692 2705 807 2756 certum
829 2703 970 2774 tempus,
993 2704 1127 2774 respectu

121 2778 265 2850 illorum,
296 2777 441 2857 parochus
467 2781 524 2841 loci
548 2781 599 2842 ubi
622 2799 720 2841 career
739 2780 812 2841 situs
835 2788 898 2853 est,
924 2788 967 2840 est
986 2779 1130 2859 parochus

122 2862 316 2923 matrimonii.
329 2863 359 2923 Si
371 2862 442 2927 vcrh
457 2864 647 2927 detineantur
660 2866 692 2926 in
702 2883 818 2927 carcere
827 2864 1012 2927 doneceausa
1023 2884 1128 2926 eorum

122 2948 311 3027 expediatur,
335 2958 406 3011 tunc
432 2952 577 3031 parochus
598 2972 702 3015 eorum
715 2961 760 3013 est
779 2954 852 3025 ille,
868 2952 920 3011 ubi
942 2949 1052 3012 habent
1075 2951 1128 3012 do·

122 3034 278 3096 micilium.
295 3038 337 3097 lta
348 3054 383 3097 er
399 3054 485 3100 sensu
499 3041 530 3100 S.
542 3039 803 3121 congregationis,
824 3047 855 3098 et
866 3039 930 3096 DD.
946 3037 1022 3097 lhid.
1034 3056 1065 3097 n.
1079 3042 1128 3100 12.

161 3134 308 3196 Parachus
329 3156 451 3218 corum,
469 3143 522 3219 qui
540 3141 665 3222 expositi
686 3148 756 3201 sunt
768 3184 776 3208 ,
790 3147 821 3199 et
836 3140 869 3198 in
889 3137 1027 3215 hospitali
1042 3139 1128 3199 alun-

122 3229 188 3291 tur,
210 3221 308 3300 quoad
324 3228 548 3289 matrimonium
561 3246 622 3289 non
641 3234 686 3288 est
701 3225 868 3305 capellanus
881 3223 1012 3302 ejusdem
1030 3222 1129 3301 hospi-

122 3306 214 3380 talis,
243 3308 295 3368 scd
327 3312 494 3391 parochus,
523 3315 574 3376 ubi
594 3315 684 3375 situm
713 3320 758 3373 est
781 3310 934 3393 hospitale.
955 3311 992 3371 Ut
1015 3327 1051 3369 cx
1077 3309 1129 3368 dc·

123 3389 213 3452 cretis
234 3392 529 3478 &congregationis
550 3400 628 3462 ibid.
645 3418 677 3459 n.
692 3399 741 3458 11.

162 3491 326 3556 Educenda
344 3498 375 3559 in
389 3502 567 3567 monasterio
585 3502 724 3578 degentes
742 3496 917 3575 habentpro
928 3490 1055 3571 parocho
1068 3510 1131 3553 ma·

122 3575 256 3651 trimcnii
271 3577 357 3645 illum
372 3627 379 3659 ‚
393 3586 425 3645 in
446 3583 529 3663 eujus
542 3585 606 3647 loco
621 3590 664 3644 cst
680 3582 862 3645 domicilium
879 3588 1054 3656 paternum,
1070 3594 1133 3633 ma-
