2475 3975
362 222 412 280 Es
428 217 562 299 operibus
573 216 727 280 Benedicti
740 220 830 282 XIV.
1046 224 1103 283 577

93 316 139 378 dis
150 316 277 396 juribus.
302 320 426 379 Roman.
447 319 557 379 Pontis.
580 318 668 381 unici
687 319 940 397 competentibus,
956 321 1029 383 uum
1048 325 1107 386 l00

92 403 130 463 ad
144 402 244 465 minias
260 421 407 464 annorum
432 404 561 480 spatium
574 401 639 463 sine
657 403 719 463 ulli
737 404 958 482 interruptione
972 425 1107 483 perseve-

92 488 216 549 raverit.
243 487 496 549 Considerandum
521 488 645 565 insuper
666 497 697 549 et
719 486 928 566 potissimum,
952 488 1025 551 num
1052 510 1106 570 per

95 588 161 632 cam
179 572 422 634 consuetudinem
444 571 654 654 disrumpatur
670 590 779 634 nevus
798 569 996 635 ecclesiasticae
1017 574 1106 637 disei-

92 653 187 735 ptinae
198 680 209 717 .-
221 666 292 719 tune
310 658 391 718 euim
404 675 568 736 numquam
586 666 687 719 contra
699 657 795 736 legem
807 659 1019 738 prescribitur.
1033 662 1103 738 Cap.

97 740 171 800 Cum
196 740 293 819 iuter,
310 741 345 803 de
360 750 488 803 consuet.
506 744 604 803 Traet.
621 742 735 821 deSyu.
752 741 839 803 dioee.
859 743 882 803 l.
893 744 923 803 9.
938 762 965 803 e.
979 744 1010 803 2.
1031 762 1062 805 n.
1074 747 1103 805 5.

133 826 169 886 ln
190 828 348 888 contractis
366 827 565 888 matrimoniis
593 845 650 905 pro
672 844 776 888 eorum
803 828 1016 891 revalidotioue
1044 847 1105 890 nou

96 909 245 990 dispensat
259 912 290 972 S.
303 912 524 972 Poeuitentiaria
540 912 572 971 in
591 910 732 989 gradibus
745 912 883 989 primoet
896 915 1107 975 seeundocon-

92 996 299 1073 sanguinitatis
321 996 369 1056 vel
387 995 536 1055 affinitatis
554 1014 591 1056 ex
606 996 712 1075 copula
733 995 832 1071 licita,
848 996 905 1057 nisi
920 997 996 1058 sorte
1017 1000 1048 1057 in
1060 1016 1106 1059 se-

93 1080 191 1140 cundo
202 1080 294 1159 gradu
309 1098 363 1159 per
374 1080 676 1142 decenniumduravit
686 1081 836 1143 oecultum
846 1081 1104 1160 impedimentum,

92 1172 124 1229 ct
135 1163 275 1245 conjuges
286 1174 320 1226 ut
340 1166 609 1245 legitimireputati
626 1166 749 1229 suerint.
764 1167 799 1226 ln
821 1165 946 1244 reliquis
961 1165 1033 1227 verb
1046 1166 1106 1228 dis-

93 1259 219 1327 pensat,
233 1251 309 1310 sicut
323 1250 355 1310 in
370 1249 511 1328 gradibus
526 1259 557 1309 et
570 1250 683 1323 tertio,
700 1260 731 1311 et
742 1259 848 1329 quarto
863 1250 990 1330 publieis
1005 1251 1107 1311 revali-

93 1334 146 1392 ‹lat
157 1334 348 1393 matrimonia
366 1351 403 1393 ex
426 1334 510 1396 coust
529 1334 642 1394 occulta
660 1334 860 1413 subreptionis
876 1343 907 1395 et
925 1335 1107 1411 obreptionis

92 1416 261 1477 litterarum
273 1419 511 1497 Apostolicorum
537 1418 660 1478 nulliter
685 1425 853 1491 eontracta,
875 1419 974 1480 nisisi
998 1419 1106 1479 falsitas

94 1502 233 1563 consistat
246 1504 281 1564 in
301 1504 470 1565 narratione
481 1503 552 1564 salse
564 1502 756 1583 precedentis
766 1505 890 1583 copulae.
904 1505 987 1565 Bulla
996 1506 1108 1565 Pastor

96 1584 202 1648 bonus.
217 1588 291 1648 Vide
304 1590 374 1648 inst.
384 1590 492 1650 Eccles.
509 1590 558 1649 87.

133 1671 164 1729 Si
183 1671 214 1730 in
231 1673 448 1752 dispensatione
464 1672 480 1731 ia
497 1674 617 1735 Datarid
633 1674 755 1736 obtenti
773 1674 871 1752 quoad
883 1672 992 1752 gradus
1006 1670 1107 1752 prohi-

96 1753 174 1815 bitus
197 1757 357 1817 reticeatur
373 1758 476 1835 copula
493 1774 530 1816 ex
546 1759 632 1817 causis
652 1758 802 1829 infamiae,
822 1768 895 1817 tunc
918 1776 997 1817 saera
1008 1759 1107 1817 Poeui-

96 1841 233 1902 tentiaria
253 1841 403 1919 dispensat
416 1842 447 1900 in
464 1841 656 1914 matrimonio
665 1840 886 1912 contrahendo,
899 1849 928 1900 et
939 1843 1027 1901 etiam
1041 1861 1106 1902 oon·

95 1934 209 1998 tracto,
226 1934 256 1986 at
267 1923 336 1986 caim
356 1926 453 2003 agitur
469 1924 507 1984 de
517 1926 615 2004 primo
629 1928 662 1983 in
673 1925 835 1984 secundum
852 1924 998 2002 madum,
1016 1926 1107 2003 exigit

97 2014 341 2092 compositionem
370 2014 409 2074 50
424 2011 599 2072 ducatorum
625 2011 690 2071 auri
707 2010 745 2070 de
766 2010 909 2084 Cameria,
938 2012 995 2072 uisi
1013 2013 1105 2089 gretia

95 2103 180 2183 prior
195 2105 285 2166 luerit
299 2103 433 2182 expedita
453 2104 485 2164 in
500 2102 595 2163 torma
611 2120 789 2181 pauperum.
804 2101 924 2182 laidas.
938 2103 987 2163 dl.

137 2191 169 2250 si
189 2188 613 2270 indispensationeiaDataria
634 2189 725 2267 petita
747 2188 778 2248 iu
799 2187 1024 2266 impedimentis
1040 2207 1107 2266 gra·

84 2277 192 2337 ‘duum
207 2294 340 2354 expressa
360 2277 450 2337 tuerit
469 2275 597 2353 copula,
619 2273 707 2334 taciti
726 2282 825 2334 tamen
846 2272 923 2334 mala
943 2275 1107 2336 intentione

96 2359 211 2423 saeilids
226 2361 394 2422 obtinenda
417 2360 669 2439 dispensationis,
693 2365 766 2418 tunc
783 2358 807 2418 si
824 2357 900 2417 mala
919 2358 1045 2418 intentio
1069 2362 1107 2419 sit

97 2445 233 2519 occulte,
250 2446 400 2526 dispensat
410 2446 442 2505 S.
453 2443 674 2506 Poenitentiaria
685 2459 754 2502 eum
771 2443 988 2505 miserabilibus
1006 2461 1107 2520 perso·

98 2534 146 2593 nis
161 2530 309 2602 absolute,
322 2530 521 2609 cumreliquis
530 2530 598 2590 taxi
609 2529 742 2590 definite.
754 2529 784 2589 Si
798 2527 869 2589 verb
891 2529 994 2606 copula
1006 2527 1106 2589 habitu

96 2619 188 2678 scierit
203 2617 364 2686 affinitate,
378 2634 430 2676 seu
440 2617 694 2694 consanguinitate
703 2613 883 2690 masenili,
898 2622 971 2673 tune
982 2631 1036 2691 pro
1047 2614 1108 2673 dis·

96 2702 319 2782 pensationibus
346 2718 407 2762 uon
432 2711 477 2761 est
506 2698 670 2761 necessarii
692 2697 899 2777 exprimenda.
924 2698 998 2758 lust.
1027 2697 1107 2760 Eecl.

99 2790 150 2848 ut.
166 2807 199 2847 n.
216 2789 266 2847 25.

137 2874 172 2933 lu
184 2870 404 2950 impedimentis
412 2871 533 2932 occultis
542 2869 691 2932 affinitatis
699 2887 734 2930 ex
747 2867 850 2949 copule
858 2867 976 2937 illicita.
989 2867 1109 2928 absente

33 3007 37 3014 .
98 2959 189 3020 ctiam
212 2956 345 3036 periculo
370 2957 574 3017 scandalorum
595 2957 628 3016 in
657 2962 826 3027 contracto,
851 2962 882 3014 et
904 2950 1107 3014 contrahendo

99 3042 308 3116 matrimonio,
329 3043 361 3101 iu
383 3040 448 3102 soro
465 3041 652 3102 conscientiae
671 3040 834 3116 dispensat.

137 3128 292 3205 Dispensat
305 3126 395 3187 etiam
412 3127 443 3185 in
462 3124 678 3203 impedimento
701 3122 835 3183 oriminis
859 3128 921 3182 tam
946 3138 1002 3200 pro
1038 3139 1109 3181 con·

99 3220 211 3283 tracto,
227 3209 317 3289 quam
336 3227 392 3288 pro
410 3207 609 3270 contrahendo
623 3253 631 3280 ‚
645 3207 698 3268 ubi
719 3208 799 3268 nulla
818 3205 900 3267 adest
918 3205 1107 3268 maeltinetio.

99 3297 199 3358 Potest
215 3297 305 3357 etiam
320 3295 509 3374 dispensare,
526 3293 646 3372 quando
664 3293 763 3372 agitur
776 3291 813 3351 de
827 3289 1052 3352 machinatione
1071 3305 1108 3346 ex

98 3389 183 3461 parte
192 3380 310 3443 mutum
327 3381 516 3457 alterutrius;
530 3379 561 3440 id
575 3387 675 3456 tamen
692 3374 788 3438 rariius
805 3383 933 3452 praestet.
954 3375 999 3432 ΙΙ).
1017 3390 1049 3429 ιι.
1062 3372 1108 3432 ta.

139 3469 175 3528 ln
194 3466 413 3546 impedimentis
429 3465 577 3542 dispensat
602 3463 692 3522 etiam
724 3461 749 3521 si
778 3460 889 3520 tuerint
915 3454 1108 3529 multiplicia,

99 3563 177 3616 sieut
188 3561 219 3614 et
236 3553 385 3632 dispensat
395 3553 426 3612 in
435 3550 500 3610 loro
518 3547 704 3608 conscientie
715 3563 769 3622 pro
780 3542 995 3622 legitimatione
1006 3539 1109 3616 prolis,

101 3640 157 3702 uisi
172 3639 221 3700 illa
236 3646 375 3717 concepta
399 3633 530 3699 fueritin
547 3629 706 3694 adulterio.
723 3629 767 3692 tb.
783 3647 814 3691 n.
829 3627 924 3764 45·ῧῦ
