2475 3975
147 180 185 243 tto
425 174 538 239 Prasia
557 170 739 253 conferarii.
754 172 828 254 Cap.
841 171 872 233 l.

148 300 199 361 pes
221 281 253 342 in
275 278 446 358 hujusmodi
468 277 636 349 occasione,
651 275 725 337 daim
744 293 848 337 omnes
868 281 1023 354 aspectus,
1040 283 1072 340 et
1090 279 1157 341 coi·

145 367 242 445 loquio
265 367 345 427 inter
360 380 482 443 sponsos
501 371 571 422 sunt
590 361 739 421 incentivo
761 361 799 421 ad
818 362 998 440 peccandum
1014 383 1024 421 ε
1045 371 1155 442 estque

145 451 297 512 moraliter
317 448 498 529 impossibile
518 446 594 524 ipsos
615 447 743 507 invicem
761 447 948 519 conversari,
964 457 994 508 et
1009 466 1069 509 non
1082 467 1155 509 sea·

146 536 204 595 tire
224 536 358 596 stimulos
379 534 415 593 ad
434 550 484 592 eos
503 541 604 610 turpes
625 539 725 608 aetna,
742 531 794 609 qui
812 540 948 611 ternpore
967 533 1153 595 matrimonii

145 619 253 681 deinde
268 618 421 681 succedere
435 615 554 676 debent.

184 707 233 766 aa.
244 704 425 765 Generaliter
438 709 536 761 autem
550 698 699 779 loquendo
709 699 748 760 de
759 699 991 763 adolescentibus
1003 712 1033 764 et
1044 706 1155 783 puellis

146 792 196 869 qui
216 790 340 849 invicem
364 806 395 847 sc
418 786 576 856 adamant,
591 786 702 863 quippe
722 802 784 846 oon
806 796 876 846 sont
895 787 944 847 isti
963 805 1066 849 omnes
1078 791 1157 851 indi·

145 873 251 935 stinctd
263 873 300 932 de
311 872 394 952 gravi
417 870 502 947 culpo
523 869 707 941 damnandi,
731 869 782 930 sed
804 870 964 933 ordinarie
977 883 1049 950 puto
1072 875 1155 953 ipsos

144 959 302 1018 difficulter
324 974 387 1017 esse
409 963 491 1015 extro
514 954 696 1016 occasionem
722 955 886 1033 proximum
909 956 1057 1019 lethaliter
1081 979 1154 1038 pec-

145 1042 241 1103 candi.
259 1044 292 1103 ld
314 1041 406 1102 nimid
430 1038 611 1118 experientia
633 1047 737 1117 patet3
759 1058 829 1099 nam
850 1059 887 1099 ex
909 1053 1028 1105 centum
1050 1044 1155 1105 adole·

144 1128 292 1189 sceatibus
308 1128 359 1187 vix
376 1127 436 1186 duo
454 1132 506 1183 aut
527 1132 588 1183 tres
601 1125 633 1184 in
650 1123 834 1185 occasioned
852 1128 1027 1188 mortalibus
1040 1130 1157 1192 inveni·

146 1222 234 1275 entur
248 1215 412 1284 immunes,
425 1215 455 1268 et
468 1208 492 1266 si
507 1224 567 1267 non
584 1208 615 1267 in
632 1209 799 1288 principio,
814 1211 918 1271 saltem
931 1213 964 1273 in
977 1232 1156 1292 progressu,

145 1298 218 1359 tales
238 1298 318 1355 enim
340 1295 508 1354 adamantes
531 1290 614 1372 priris
636 1303 848 1355 conversantur
871 1296 998 1359 invicem
1022 1302 1158 1379 obpro-

145 1383 338 1463 pensionem,
362 1378 470 1439 deindo
494 1378 653 1455 propensio
673 1378 711 1438 sa
731 1381 825 1457 passio
848 1390 1002 1459 postquam
1023 1386 1158 1449 radicem

145 1486 177 1528 ro
191 1467 279 1527 corde
297 1465 414 1537 fixerit,
429 1472 559 1524 mentem
572 1463 764 1540 obtenebrat,
776 1473 807 1523 et
824 1483 873 1524 eos
886 1467 917 1525 in
935 1468 1017 1527 mille
1027 1471 1156 1532 crimina

143 1569 231 1611 ruere
248 1552 327 1611 tacit.
347 1549 422 1609 ilinc
440 1547 601 1608 cardinalis
622 1548 715 1609 Piens
732 1546 769 1608 de
780 1547 975 1623 Mircadolc,
991 1555 1156 1635 Episcopus

144 1636 331 1706 bibonensis,
345 1634 376 1693 in
394 1650 446 1691 sua
465 1632 583 1692 dioecesi
603 1650 658 1711 per
675 1634 805 1693 edictum
825 1652 894 1695 suos
913 1637 1070 1698 admonuit
1082 1658 1158 1701 con·

145 1721 295 1791 lanarios,
316 1735 354 1779 ne
376 1717 448 1793 tales
468 1713 638 1777 adamantes
656 1718 863 1791 absolverent,
885 1720 910 1779 si
931 1730 1087 1800 postquam
1108 1734 1158 1786 ter

144 1810 181 1868 ab
193 1806 257 1866 aliis
271 1803 333 1882 jam
350 1802 463 1862 luerint
477 1800 641 1876 admoniti,
656 1803 694 1863 ab
712 1801 882 1879 hujusmodi
897 1823 998 1867 amore
1014 1812 1157 1873 sectando

144 1910 205 1971 noa
226 1890 455 1958 abstinuissent,
477 1889 642 1967 pracsertim
666 1897 801 1967 tempore
820 1898 988 1964 nocturno,
1009 1901 1061 1953 aut
1078 1894 1155 1970 diir,

144 1990 194 2040 aut
210 1976 305 2049 clam,
327 1982 378 2036 aut
400 1974 478 2034 intra
495 1972 599 2034 domos
623 1970 703 2052 (oum
720 1973 799 2034 facili
817 1975 950 2053 periculo
963 1980 1155 2053 osculorum,

143 2074 173 2126 et
184 2060 328 2140 tactuum)
340 2105 348 2132 ,
358 2068 410 2119 unt
422 2066 522 2118 eontra
535 2069 693 2136 parentum
707 2069 902 2137 pracceptum,
913 2070 965 2122 aut
978 2063 1046 2124 cirm
1060 2065 1155 2127 altera

143 2169 210 2231 pars
228 2146 397 2228 prorumpit
415 2144 447 2203 in
463 2143 552 2203 verba
572 2143 707 2204 obscoena
719 2188 728 2214 ,
741 2152 794 2203 aut
812 2163 880 2204 cum
900 2147 1037 2208 scandalo
1050 2150 1157 2228 (prout

142 2237 165 2298 si
188 2236 219 2294 in
240 2231 398 2310 Ecclesia),
419 2235 472 2288 aut
492 2247 559 2288 cum
578 2227 759 2306 conjugatis,
778 2228 1002 2303 claustralibus,
1021 2242 1072 2292 aut
1093 2236 1157 2295 elc-

143 2318 210 2380 ricis
225 2319 256 2376 in
275 2315 374 2374 sacris.
389 2316 425 2372 Et
439 2313 470 2371 in
484 2309 539 2373 boc
552 2314 728 2390 generaliter
745 2312 981 2387 advertendum,
1000 2315 1081 2392 qubd
1099 2320 1154 2380 ubi

142 2402 239 2480 agitur
260 2399 298 2457 de
321 2395 452 2475 periculo
473 2397 582 2472 peccati
602 2397 753 2468 formalis,
772 2405 803 2457 ct
823 2399 943 2475 precise
964 2402 1072 2478 pcccati
1088 2415 1153 2464 tur·

142 2488 204 2564 pis,
225 2479 417 2542 confessarius
430 2477 541 2556 quaotb
560 2480 653 2557 magis
670 2481 800 2558 rigorem
813 2500 880 2542 cum
894 2487 1057 2562 poenitente
1068 2487 1157 2548 adhi-

143 2568 241 2639 bebit,
266 2563 349 2625 tantb
376 2563 468 2642 magis
493 2561 556 2640 ejus
579 2564 667 2624 saluti
689 2566 845 2643 proderit3
867 2577 898 2628 et
919 2567 1044 2640 contri,
1069 2573 1156 2635 tantd

141 2653 234 2731 magis
254 2669 322 2710 cum
344 2648 396 2710 illo
417 2649 556 2709 immanis
578 2649 655 2720 erit,
681 2650 792 2728 qtrantb
816 2653 909 2730 magis
927 2652 1074 2731 benignus
1095 2660 1157 2720 crit

141 2741 172 2800 in
199 2733 417 2816 permittendo,
440 2742 474 2794 ut
496 2733 547 2793 ille
569 2735 602 2794 in
627 2735 777 2796 occasione
802 2743 938 2809 mancat,
963 2748 1016 2798 aut
1039 2758 1072 2799 se
1094 2742 1155 2803 im-

140 2825 250 2883 mittat.
265 2821 297 2881 S.
316 2816 443 2878 Thomas
461 2816 496 2877 de
522 2815 680 2880 Villoaooc
698 2819 887 2881 confessarios
909 2823 941 2881 in
962 2820 1020 2882 hoo
1042 2828 1155 2889 conde·

140 2906 311 2968 scandentes
332 2909 436 2974 vocat,
455 2901 547 2983 impie
561 2901 640 2982 pios.
657 2906 725 2964 ilco
746 2903 872 2965 charitas
891 2915 935 2965 est
955 2916 1060 2968 eontra
1081 2909 1155 2972 cho-

139 2994 269 3054 ritatem.
285 2988 387 3050 Solent
403 2987 435 3047 in
455 2985 501 3048 his
522 2987 637 3048 casibus
656 2989 832 3067 poenitentes
847 2991 968 3062 conari,
985 2999 1021 3052 ut
1039 2997 1156 3057 coales-

139 3077 208 3136 sarii
230 3071 477 3153 apprehendunt,
497 3071 578 3149 qubd
594 3074 777 3133 occasionem
800 3075 980 3136 removcodo
1008 3095 1153 3154 magnum

140 3160 254 3222 orietur
270 3158 451 3219 scaodsdum.
462 3158 606 3228 Fortissit
623 3159 814 3219 confessarius
829 3159 865 3217 ad
878 3157 1048 3237 hujusmodi
1063 3165 1154 3225 timo-

139 3263 187 3306 res
205 3242 428 3320 dcspicicndos:
444 3240 540 3320 majus
557 3259 674 3320 semper
687 3243 745 3307 erit
755 3242 923 3304 scanddum
931 3289 942 3320 ,
958 3244 1059 3304 videre
1071 3249 1153 3325 qubd

138 3327 285 3408 poeniteas
299 3345 353 3387 nec
367 3327 455 3387 etium
471 3335 538 3406 post
550 3327 761 3388 consessionem
775 3329 956 3388 occasionem
973 3331 1153 3394 antecedat

138 3413 187 3474 alii
208 3411 271 3489 ejus
290 3420 441 3488 peccatum
462 3412 622 3490 ignorant,
640 3419 671 3472 ct
688 3420 759 3472 tunc
776 3411 852 3472 nibil
871 3412 940 3471 mali
958 3414 1152 3490 suspicabun-

138 3507 209 3554 tarc
226 3506 277 3555 ont
295 3499 413 3565 sciunt,
434 3504 464 3554 et
486 3504 557 3557 tunc
579 3499 727 3574 poeniteos
747 3497 854 3558 larnam
875 3495 975 3576 potitis
994 3516 1152 3578 rceupcca-

137 3577 201 3646 bit,
218 3577 307 3652 qaam
325 3578 441 3638 amittat
454 3619 463 3650 ,
478 3582 660 3643 removendo
682 3583 875 3645 occasionem.
