2475 3975
103 134 159 195 llll
393 128 507 194 Premis
516 128 697 211 eortseeearii.
713 128 787 208 Cap.
800 130 831 188 9.

100 232 262 313 intelligit,
286 248 343 311 qua
362 249 492 309 unquam
505 229 618 291 ratione
634 238 727 309 potest
749 229 790 289 ihi
806 230 904 291 anima
924 231 1110 311 intelligere,

101 328 130 379 et
155 318 245 378 verba
265 318 360 378 iacere
382 317 419 377 de
437 316 488 377 illo
503 314 605 375 divino
623 317 753 373 arcano?
768 314 958 395 Respondent
973 318 1112 396 mystici,

101 402 181 481 qubd
201 402 319 481 quondo
333 404 411 463 Deos
432 401 516 472 vult,
537 405 571 458 ut
591 399 691 459 anima
711 397 856 479 intelligat
879 400 999 480 aliquod
1016 418 1114 461 secre-

99 497 186 556 tum,
206 496 257 547 aut
268 487 428 547 immittere
445 484 487 543 illi
498 482 627 560 aliquam
638 483 783 546 visionem
797 485 1046 555 intellectualem,
1064 486 1113 547 vel

101 572 324 649 imaginariam,
346 569 454 629 minuit
469 566 607 628 nonnihil
633 566 749 639 lucem,
771 568 811 627 ita
838 578 873 629 ut
894 570 993 631 anima
1015 587 1114 629 rema·

101 664 169 715 neat
188 652 293 715 habilis
320 652 357 712 ad
379 650 615 732 cognoscendum
640 660 670 713 et
687 652 930 733 perpendendum
949 653 1115 735 quodcum-

100 758 158 821 que
173 741 252 800 Deus
265 738 403 799 voluerit.

139 826 207 885 tae.
224 824 356 883 Tandem
375 821 534 901 perfectior
553 825 650 896 unio,
671 840 739 901 qum
758 822 868 883 dieitur
886 830 1114 895 consummata,

101 919 130 972 et
149 907 244 986 major
266 907 355 989 qu'am
383 908 415 967 in
440 906 496 967 hae
524 908 586 969 vita
610 909 701 988 possit
727 908 805 967 Deus
824 908 983 968 concedere
1005 908 1115 971 animae

101 995 239 1069 viatriei,
266 1003 309 1056 est
340 994 390 1055 illa
418 1013 485 1073 quae
506 993 616 1054 dieitur
639 991 825 1055 otutrt'moaii
842 990 1033 1075 spiritualia,
1060 1014 1116 1077 per

102 1100 191 1161 quam
207 1080 305 1141 anima
320 1080 548 1141 transformatur
564 1079 727 1146 inlicem,
743 1087 775 1138 et
787 1078 824 1138 iit
836 1084 934 1139 unum
958 1078 1032 1157 quid
1044 1098 1115 1143 eum

102 1170 186 1227 Deo:
204 1165 308 1225 eodem
328 1164 417 1224 modo
430 1180 489 1241 quo
503 1179 554 1221 vas
571 1180 655 1239 aquae
669 1162 800 1224 inlusum
816 1164 892 1223 mari
912 1162 1117 1225 evaditunum

102 1269 168 1311 eum
185 1266 258 1325 aqua
278 1247 380 1307 maris.
404 1248 439 1307 lit
455 1246 671 1308 advertendum
689 1243 738 1307 hie
758 1255 820 1323 est,
837 1245 919 1325 quhd
933 1248 965 1307 in
987 1249 1116 1327 reliquis

102 1332 281 1403 unionibus,
302 1340 337 1393 ut
361 1332 526 1411 loquuntur
550 1330 687 1411 mystici,
707 1334 849 1413 potentia
865 1340 1021 1394 remanent
1049 1350 1117 1395 sns-

101 1434 217 1497 pensee;
235 1416 266 1476 in
279 1414 335 1477 hae
347 1416 419 1479 verb
433 1414 557 1478 minime
577 1414 822 1497 suspenduntur3
845 1416 986 1493 qnoniam
1005 1424 1117 1499 poten-

104 1502 152 1561 tiae
165 1500 329 1579 purificata
344 1498 360 1560 b
376 1518 429 1560 sna
452 1500 663 1573 sensibilitate,
677 1510 707 1560 et
725 1500 950 1577 materialitate,
965 1499 1030 1579 jam
1042 1502 1117 1563 ede·

103 1596 156 1646 ctae
170 1593 240 1644 sunt
259 1602 376 1663 capaces
389 1586 497 1646 divinae
511 1586 651 1659 unionis,
668 1586 709 1645 ita
724 1589 759 1645 ut
771 1586 907 1647 voluntas
922 1595 1000 1646 amet
1015 1588 1115 1647 Deum

101 1686 188 1729 sunm
213 1668 429 1747 placidissime,
450 1670 617 1731 intellectus
639 1668 719 1731 recte
737 1678 908 1750 cognoseat,
929 1678 960 1730 et
980 1670 1116 1732 attendat

101 1752 170 1815 huic
187 1753 303 1814 intimae
328 1754 437 1817 divinae
466 1756 591 1830 unioni,
613 1774 679 1835 quoe
703 1753 767 1833 jam
790 1755 863 1815 lacta
884 1763 928 1815 est
952 1754 1115 1819 inanimae

100 1845 202 1900 centro
212 1883 221 1912 ,
233 1836 312 1918 qnod
331 1840 436 1900 accidit
452 1841 556 1902 eodem
567 1840 656 1903 modo
666 1859 699 1900 ac
712 1840 736 1899 si
750 1839 995 1921 quisintneretur
1004 1840 1112 1913 solem,

101 1922 207 1984 ot'sinc
226 1924 286 1984 ulla
305 1924 468 1988 offensione
490 1925 645 1986 oculorum
666 1925 736 1988 solis
748 1924 935 2004 splendorem
953 1942 1114 2004 cognosce·

101 2016 158 2070 ret.
173 2012 296 2092 insuper
313 2019 358 2070 est
376 2010 589 2072 advertendum
601 2055 609 2080 ,
622 2009 703 2090 qnbd
720 2008 782 2070 haec
793 2011 865 2070 unio
883 2018 1002 2073 nonest
1018 2020 1114 2070 trans-

100 2095 205 2167 itoria,
220 2103 254 2155 nt
275 2095 342 2156 due
358 2095 489 2173 priores,
504 2095 554 2156 sed
572 2112 769 2175 permanens;
786 2095 826 2155 ita
843 2103 877 2154 ut
888 2095 985 2159 anima
995 2095 1114 2155 fruatur

101 2178 294 2242 habitualiter
310 2179 410 2241 divind
426 2179 580 2260 praesentit
589 2177 652 2260 jam
675 2178 731 2238 sibi
753 2177 927 2258 conjuncta,
946 2187 977 2238 et
992 2178 1112 2239 huntur

102 2268 133 2327 in
147 2285 218 2345 pace
231 2267 328 2327 stabili
344 2290 352 2326 ι
368 2287 437 2328 nam
450 2269 597 2352 passiones
609 2265 685 2330 nihil
699 2265 826 2348 amplihs
839 2283 903 2326 earn
916 2264 1110 2343 perturbant:

101 2351 164 2412 illas
183 2351 303 2430 quidem
315 2351 414 2409 anima
427 2354 522 2412 cernit
540 2353 613 2414 dum
639 2353 743 2413 faeiem
762 2368 846 2410 suam
862 2349 1041 2426 ostendunt3
1059 2351 1113 2411 sed

82 2463 85 2470 .
101 2452 161 2494 aron
172 2433 328 2508 tristatur,
351 2451 405 2493 neo
421 2435 512 2496 ullam
527 2437 641 2515 patitur
650 2437 815 2496 molestiam
826 2435 863 2496 ab
879 2435 954 2504 illis,
968 2434 1113 2495 adinstar

100 2516 234 2594 ejusqui
255 2513 332 2576 forte
355 2515 492 2579 babitans
513 2537 603 2600 super
630 2521 743 2592 nubes,
762 2530 896 2581 cerneret
924 2527 1113 2600 tempestates

100 2599 222 2664 inscribe
235 2601 428 2677 evenientes,
449 2605 559 2686 etipse
577 2623 638 2668 non
657 2614 829 2684 tangeretur
839 2604 877 2665 ab
894 2604 963 2665 illis.

139 2689 206 2748 tae.
222 2683 276 2748 lile
289 2687 341 2748 abs
354 2705 387 2748 re
405 2706 466 2748 non
486 2691 544 2749 erit
558 2687 656 2768 aliqua
672 2689 770 2749 dicere
784 2687 1014 2762 derisionibus,
1027 2688 1114 2750 loeu-

102 2771 253 2846 tionibus,
277 2780 307 2832 et
330 2773 560 2834 revelationibus
588 2775 626 2833 ad
647 2773 853 2834 discernendas
874 2774 957 2834 salsas
980 2769 997 2831 h
1018 2775 1110 2834 veris.

100 2857 235 2918 Visiones
247 2855 295 2916 vel
310 2866 380 2918 sunt
392 2858 581 2920 excerceret
598 2856 788 2940 irrropiuurite
801 2903 809 2932 ,
823 2859 872 2918 vel
890 2851 1110 2918 intellectuales.

100 2943 242 3004 paterna
261 2949 331 3001 sunt
349 2961 416 3022 quae
433 2943 525 3004 oeulis
541 2943 924 3023 cernuntur.1utapinorioe
940 2958 1007 3020 qum
1028 2959 1111 3018 spee-

101 3035 202 3088 tantur
227 3029 259 3088 in
280 3025 455 3106 phantasia,
482 3045 533 3088 seu
557 3029 759 3106 imaginatira.
781 3023 1021 3096 lateiteetuuies,
1043 3043 1112 3104 qum

102 3128 197 3187 noque
209 3113 319 3186 oculis,
340 3131 437 3193 neque
459 3114 491 3174 in
507 3111 659 3192 phantasia
677 3113 817 3174 videntur
828 3157 837 3184 ,
849 3112 900 3171 sed
917 3110 1008 3172 hsolo
1022 3111 1112 3170 intel-

100 3195 179 3254 lectu
196 3194 296 3256 divina
313 3199 379 3260 luce
397 3197 519 3276 adjuto,
543 3215 609 3276 quae
627 3199 737 3278 species
761 3196 960 3274 intelligibiles
977 3196 1113 3275 ingerit3

101 3287 190 3356 atque
209 3275 271 3338 haec
288 3281 437 3344 visionum
458 3283 590 3362 species,
605 3289 680 3342 teste
689 3282 722 3342 S.
740 3280 896 3355 Therasia,
916 3286 978 3340 tota
990 3289 1034 3339 est
1050 3282 1112 3360 spi-

101 3359 238 3440 ritualis3
256 3361 368 3426 nullam
399 3369 480 3428 enim
505 3369 536 3428 in
558 3385 591 3426 ea
617 3376 733 3447 partem
758 3364 870 3425 habent
892 3380 993 3425 sensns
1014 3381 1113 3443 neque

102 3446 233 3518 externi,
252 3463 348 3523 neque
369 3449 499 3525 interni,
513 3451 564 3531 qni
578 3461 649 3512 sunt
667 3449 856 3528 imaginativa
869 3494 877 3524 ,
892 3459 922 3509 et
944 3445 1112 3528 phantasia.

102 3529 273 3591 Notandum
292 3528 372 3610 quhd
391 3551 488 3611 neque
502 3535 613 3606 oevrlis,
629 3552 727 3612 neque
742 3532 895 3613 phantasia
905 3541 1001 3616 potest
1012 3535 1113 3595 anima
