<?xml version="1.0" encoding="UTF-8"?>
<!DOCTYPE html PUBLIC "-//W3C//DTD XHTML 1.0 Transitional//EN"
    "http://www.w3.org/TR/xhtml1/DTD/xhtml1-transitional.dtd">
<html xmlns="http://www.w3.org/1999/xhtml" xml:lang="en" lang="en">
 <head>
  <title>
</title>
<meta http-equiv="Content-Type" content="text/html;charset=utf-8" />
  <meta name='ocr-system' content='tesseract 3.04.00' />
  <meta name='ocr-capabilities' content='ocr_page ocr_carea ocr_par ocr_line ocrx_word'/>
</head>
<body>
  <div class='ocr_page' id='page_1' title='image "./theologiamorali04heilgoog_0154.png"; bbox 0 0 2475 3975; ppageno 0'>
   <div class='ocr_carea' id='block_1_1' title="bbox 83 136 819 221">
    <p class='ocr_par' dir='ltr' id='par_1_1' title="bbox 83 136 819 221">
     <span class='ocr_line' id='line_1_1' title="bbox 83 136 819 221; baseline -0.007 -18"><span class='ocrx_word' id='word_1_1' title='bbox 83 144 143 205; x_wconf 86' lang='grc'><strong>110</strong></span> <span class='ocrx_word' id='word_1_2' title='bbox 354 137 468 203; x_wconf 76' lang='lat' dir='ltr'><strong>Prasia</strong></span> <span class='ocrx_word' id='word_1_3' title='bbox 485 136 669 220; x_wconf 75' lang='lat' dir='ltr'><strong>confessarii.</strong></span> <span class='ocrx_word' id='word_1_4' title='bbox 682 138 756 221; x_wconf 79' lang='lat' dir='ltr'><strong>Cap.</strong></span> <span class='ocrx_word' id='word_1_5' title='bbox 771 140 819 199; x_wconf 88' lang='grc'><strong>10.</strong></span> 
     </span>
    </p>
   </div>
   <div class='ocr_carea' id='block_1_2' title="bbox 83 238 1100 911">
    <p class='ocr_par' dir='ltr' id='par_1_2' title="bbox 83 238 1100 911">
     <span class='ocr_line' id='line_1_2' title="bbox 83 238 1099 323; baseline -0.004 -20"><span class='ocrx_word' id='word_1_6' title='bbox 83 242 120 303; x_wconf 87' lang='lat' dir='ltr'><strong>sd</strong></span> <span class='ocrx_word' id='word_1_7' title='bbox 138 260 170 303; x_wconf 85' lang='lat' dir='ltr'><strong>se</strong></span> <span class='ocrx_word' id='word_1_8' title='bbox 187 240 385 323; x_wconf 88' lang='lat' dir='ltr'><strong>colligendum</strong></span> <span class='ocrx_word' id='word_1_9' title='bbox 399 241 557 302; x_wconf 87' lang='lat' dir='ltr'><strong>destinare.</strong></span> <span class='ocrx_word' id='word_1_10' title='bbox 576 238 688 303; x_wconf 74' lang='lat' dir='ltr'><strong>Devotd</strong></span> <span class='ocrx_word' id='word_1_11' title='bbox 705 239 853 301; x_wconf 87' lang='lat' dir='ltr'><strong>celebrare</strong></span> <span class='ocrx_word' id='word_1_12' title='bbox 873 256 1001 300; x_wconf 80' lang='lat' dir='ltr'><strong>novenas</strong></span> <span class='ocrx_word' id='word_1_13' title='bbox 1014 238 1099 299; x_wconf 89' lang='lat' dir='ltr'><strong>nati-</strong></span> 
     </span>
     <span class='ocr_line' id='line_1_3' title="bbox 84 324 1096 405; baseline -0.002 -19"><span class='ocrx_word' id='word_1_14' title='bbox 84 327 183 387; x_wconf 85' lang='lat' dir='ltr'><strong>uitatis</strong></span> <span class='ocrx_word' id='word_1_15' title='bbox 201 326 322 388; x_wconf 86' lang='lat' dir='ltr'><strong>Domini</strong></span> <span class='ocrx_word' id='word_1_16' title='bbox 335 372 344 399; x_wconf 95' lang='lat'><strong>,</strong></span> <span class='ocrx_word' id='word_1_17' title='bbox 357 324 484 405; x_wconf 78' lang='lat' dir='ltr'><strong>Spiritus</strong></span> <span class='ocrx_word' id='word_1_18' title='bbox 505 327 617 402; x_wconf 87' lang='lat' dir='ltr'><strong>sancti,</strong></span> <span class='ocrx_word' id='word_1_19' title='bbox 632 331 747 405; x_wconf 88' lang='lat' dir='ltr'><strong>septem</strong></span> <span class='ocrx_word' id='word_1_20' title='bbox 766 324 959 384; x_wconf 77' lang='lat' dir='ltr'><strong>festivitatum</strong></span> <span class='ocrx_word' id='word_1_21' title='bbox 971 324 1096 396; x_wconf 77' lang='lat' dir='ltr'><strong>diarias,</strong></span> 
     </span>
     <span class='ocr_line' id='line_1_4' title="bbox 85 407 1100 491; baseline -0.005 -17"><span class='ocrx_word' id='word_1_22' title='bbox 85 412 117 473; x_wconf 85' lang='lat' dir='ltr'><strong>S.</strong></span> <span class='ocrx_word' id='word_1_23' title='bbox 134 410 274 491; x_wconf 81' lang='lat' dir='ltr'><strong>losephi,</strong></span> <span class='ocrx_word' id='word_1_24' title='bbox 294 409 398 491; x_wconf 79' lang='lat' dir='ltr'><strong>Angeli</strong></span> <span class='ocrx_word' id='word_1_25' title='bbox 421 410 468 470; x_wconf 86' lang='lat' dir='ltr'><strong>sui</strong></span> <span class='ocrx_word' id='word_1_26' title='bbox 487 409 638 484; x_wconf 86' lang='lat' dir='ltr'><strong>custodis,</strong></span> <span class='ocrx_word' id='word_1_27' title='bbox 656 418 689 471; x_wconf 91' lang='lat' dir='ltr'><strong>et</strong></span> <span class='ocrx_word' id='word_1_28' title='bbox 706 410 806 470; x_wconf 78' lang='lat' dir='ltr'><strong>Sancti</strong></span> <span class='ocrx_word' id='word_1_29' title='bbox 827 409 971 469; x_wconf 86' lang='lat' dir='ltr'><strong>tutelaris.</strong></span> <span class='ocrx_word' id='word_1_30' title='bbox 989 410 1025 469; x_wconf 92' lang='lat' dir='ltr'><strong>ln</strong></span> <span class='ocrx_word' id='word_1_31' title='bbox 1047 407 1100 469; x_wconf 89' lang='lat' dir='ltr'><strong>his</strong></span> 
     </span>
     <span class='ocr_line' id='line_1_5' title="bbox 87 494 1100 577; baseline -0.003 -20"><span class='ocrx_word' id='word_1_32' title='bbox 87 498 210 557; x_wconf 83' lang='lat' dir='ltr'><strong>novenis</strong></span> <span class='ocrx_word' id='word_1_33' title='bbox 225 496 335 577; x_wconf 85' lang='lat' dir='ltr'><strong>poterit</strong></span> <span class='ocrx_word' id='word_1_34' title='bbox 351 494 485 575; x_wconf 81' lang='lat' dir='ltr'><strong>quotidie</strong></span> <span class='ocrx_word' id='word_1_35' title='bbox 506 494 643 555; x_wconf 75' lang='lat' dir='ltr'><strong>amedera</strong></span> <span class='ocrx_word' id='word_1_36' title='bbox 660 494 699 557; x_wconf 91' lang='lat' dir='ltr'><strong>ad</strong></span> <span class='ocrx_word' id='word_1_37' title='bbox 718 494 960 557; x_wconf 88' lang='lat' dir='ltr'><strong>communionem</strong></span> <span class='ocrx_word' id='word_1_38' title='bbox 982 494 1100 555; x_wconf 90' lang='lat' dir='ltr'><strong>orando</strong></span> 
     </span>
     <span class='ocr_line' id='line_1_6' title="bbox 87 578 1099 661; baseline -0.002 -20"><span class='ocrx_word' id='word_1_39' title='bbox 87 598 140 661; x_wconf 91' lang='lat' dir='ltr'><strong>pcr</strong></span> <span class='ocrx_word' id='word_1_40' title='bbox 163 580 287 653; x_wconf 87' lang='lat' dir='ltr'><strong>horam,</strong></span> <span class='ocrx_word' id='word_1_41' title='bbox 312 580 359 641; x_wconf 85' lang='lat' dir='ltr'><strong>vel</strong></span> <span class='ocrx_word' id='word_1_42' title='bbox 382 581 486 640; x_wconf 84' lang='lat' dir='ltr'><strong>saltem</strong></span> <span class='ocrx_word' id='word_1_43' title='bbox 511 578 673 641; x_wconf 87' lang='lat' dir='ltr'><strong>dimidium</strong></span> <span class='ocrx_word' id='word_1_44' title='bbox 695 578 764 659; x_wconf 83' lang='lat' dir='ltr'><strong>pluis</strong></span> <span class='ocrx_word' id='word_1_45' title='bbox 789 588 943 639; x_wconf 86' lang='lat' dir='ltr'><strong>consueto.</strong></span> <span class='ocrx_word' id='word_1_46' title='bbox 962 579 1099 639; x_wconf 79' lang='lat' dir='ltr'><strong>Recitarc</strong></span> 
     </span>
     <span class='ocr_line' id='line_1_7' title="bbox 87 661 1100 743; baseline -0.004 -16"><span class='ocrx_word' id='word_1_47' title='bbox 87 667 198 743; x_wconf 85' lang='lat' dir='ltr'><strong>aliquas</strong></span> <span class='ocrx_word' id='word_1_48' title='bbox 209 666 430 727; x_wconf 83' lang='lat' dir='ltr'><strong>aliasorstiones</strong></span> <span class='ocrx_word' id='word_1_49' title='bbox 440 666 570 737; x_wconf 83' lang='lat' dir='ltr'><strong>vocales,</strong></span> <span class='ocrx_word' id='word_1_50' title='bbox 582 664 634 727; x_wconf 86' lang='lat' dir='ltr'><strong>sed</strong></span> <span class='ocrx_word' id='word_1_51' title='bbox 644 681 706 725; x_wconf 90' lang='lat' dir='ltr'><strong>non</strong></span> <span class='ocrx_word' id='word_1_52' title='bbox 718 665 827 725; x_wconf 86' lang='lat' dir='ltr'><strong>multas</strong></span> <span class='ocrx_word' id='word_1_53' title='bbox 837 686 848 741; x_wconf 78' lang='lat'>3</span> <span class='ocrx_word' id='word_1_54' title='bbox 857 664 998 742; x_wconf 76' lang='lat' dir='ltr'><strong>quoniam</strong></span> <span class='ocrx_word' id='word_1_55' title='bbox 1007 661 1100 741; x_wconf 72' lang='lat' dir='ltr'><strong>longe</strong></span> 
     </span>
     <span class='ocr_line' id='line_1_8' title="bbox 87 749 1099 830; baseline -0.003 -19"><span class='ocrx_word' id='word_1_56' title='bbox 87 749 1099 830; x_wconf 79' lang='lat' dir='ltr'><strong>meliuscriacxcrcercdeterminatumqucmdamnumerumaccuun</strong></span> 
     </span>
     <span class='ocr_line' id='line_1_9' title="bbox 87 835 447 911; baseline 0.017 -16"><span class='ocrx_word' id='word_1_57' title='bbox 87 836 213 911; x_wconf 86' lang='lat' dir='ltr'><strong>amaris,</strong></span> <span class='ocrx_word' id='word_1_58' title='bbox 228 835 276 896; x_wconf 87' lang='lat' dir='ltr'><strong>vcl</strong></span> <span class='ocrx_word' id='word_1_59' title='bbox 290 836 447 901; x_wconf 83' lang='lat' dir='ltr'><strong>similium.</strong></span> 
     </span>
    </p>
   </div>
   <div class='ocr_carea' id='block_1_3' title="bbox 125 919 1096 1003">
    <p class='ocr_par' dir='ltr' id='par_1_3' title="bbox 125 891 1231 1003">
     <span class='ocr_line' id='line_1_10' title="bbox 125 919 1096 1003; baseline 0.002 -23"><span class='ocrx_word' id='word_1_60' title='bbox 125 919 195 981; x_wconf 88' lang='grc'><strong>171.</strong></span> <span class='ocrx_word' id='word_1_61' title='bbox 213 920 280 981; x_wconf 82' lang='grc'><strong>1111.</strong></span> <span class='ocrx_word' id='word_1_62' title='bbox 300 920 415 983; x_wconf 79' lang='lat' dir='ltr'><strong>[labere</strong></span> <span class='ocrx_word' id='word_1_63' title='bbox 426 920 614 984; x_wconf 84' lang='lat' dir='ltr'><strong>devotionem</strong></span> <span class='ocrx_word' id='word_1_64' title='bbox 625 922 780 1003; x_wconf 87' lang='lat' dir='ltr'><strong>specialem</strong></span> <span class='ocrx_word' id='word_1_65' title='bbox 791 937 860 999; x_wconf 90' lang='lat' dir='ltr'><strong>erga</strong></span> <span class='ocrx_word' id='word_1_66' title='bbox 872 920 903 979; x_wconf 90' lang='lat' dir='ltr'><strong>S.</strong></span> <span class='ocrx_word' id='word_1_67' title='bbox 915 919 1096 1000; x_wconf 81' lang='lat' dir='ltr'><strong>losephum,</strong></span> 
     </span>
    </p>
   </div>
   <div class='ocr_carea' id='block_1_4' title="bbox 88 1005 1101 1085">
    <p class='ocr_par' dir='ltr' id='par_1_4' title="bbox 88 1005 1101 1085">
     <span class='ocr_line' id='line_1_11' title="bbox 88 1005 1101 1085; baseline 0.002 -21"><span class='ocrx_word' id='word_1_68' title='bbox 88 1005 234 1083; x_wconf 75' lang='lat' dir='ltr'><strong>Angelum</strong></span> <span class='ocrx_word' id='word_1_69' title='bbox 247 1024 335 1067; x_wconf 93' lang='lat' dir='ltr'><strong>suum</strong></span> <span class='ocrx_word' id='word_1_70' title='bbox 349 1008 520 1080; x_wconf 83' lang='lat' dir='ltr'><strong>custodem,</strong></span> <span class='ocrx_word' id='word_1_71' title='bbox 534 1011 675 1070; x_wconf 86' lang='lat' dir='ltr'><strong>Sanctum</strong></span> <span class='ocrx_word' id='word_1_72' title='bbox 686 1026 776 1069; x_wconf 90' lang='lat' dir='ltr'><strong>suum</strong></span> <span class='ocrx_word' id='word_1_73' title='bbox 787 1006 964 1080; x_wconf 77' lang='lat' dir='ltr'><strong>tutelarem,</strong></span> <span class='ocrx_word' id='word_1_74' title='bbox 977 1015 1008 1067; x_wconf 91' lang='lat' dir='ltr'><strong>et</strong></span> <span class='ocrx_word' id='word_1_75' title='bbox 1018 1024 1101 1085; x_wconf 82' lang='lat' dir='ltr'><strong>prm-</strong></span> 
     </span>
    </p>
   </div>
   <div class='ocr_carea' id='block_1_5' title="bbox 88 1083 1231 1168">
    <p class='ocr_par' dir='ltr' id='par_1_5' title="bbox 88 1083 1231 1168">
     <span class='ocr_line' id='line_1_12' title="bbox 88 1083 1231 1168; baseline 0.001 -18"><span class='ocrx_word' id='word_1_76' title='bbox 88 1087 175 1167; x_wconf 77' lang='lat' dir='ltr'><strong>cipue</strong></span> <span class='ocrx_word' id='word_1_77' title='bbox 199 1108 267 1168; x_wconf 90' lang='lat' dir='ltr'><strong>erga</strong></span> <span class='ocrx_word' id='word_1_78' title='bbox 292 1092 325 1152; x_wconf 89' lang='lat' dir='ltr'><strong>S.</strong></span> <span class='ocrx_word' id='word_1_79' title='bbox 346 1090 517 1153; x_wconf 73' lang='lat' dir='ltr'><strong>llichadlem</strong></span> <span class='ocrx_word' id='word_1_80' title='bbox 544 1094 743 1153; x_wconf 85' lang='lat' dir='ltr'><strong>universalem</strong></span> <span class='ocrx_word' id='word_1_81' title='bbox 764 1100 939 1153; x_wconf 88' lang='lat' dir='ltr'><strong>cunctorum</strong></span> <span class='ocrx_word' id='word_1_82' title='bbox 963 1090 1101 1151; x_wconf 84' lang='lat' dir='ltr'><strong>fidelium</strong></span> <span class='ocrx_word' id='word_1_83' title='bbox 1227 1083 1231 1092; x_wconf 86' lang='lat'>&#39;</span> 
     </span>
    </p>
   </div>
   <div class='ocr_carea' id='block_1_6' title="bbox 89 1174 1102 1255">
    <p class='ocr_par' dir='ltr' id='par_1_6' title="bbox 89 1174 1102 1255">
     <span class='ocr_line' id='line_1_13' title="bbox 89 1174 1102 1255; baseline -0.002 -20"><span class='ocrx_word' id='word_1_84' title='bbox 89 1182 246 1253; x_wconf 89' lang='lat' dir='ltr'><strong>patronum</strong></span> <span class='ocrx_word' id='word_1_85' title='bbox 261 1194 270 1233; x_wconf 79' lang='lat' dir='ltr'><strong>c</strong></span> <span class='ocrx_word' id='word_1_86' title='bbox 284 1174 336 1235; x_wconf 88' lang='lat' dir='ltr'><strong>scd</strong></span> <span class='ocrx_word' id='word_1_87' title='bbox 356 1184 425 1235; x_wconf 87' lang='lat' dir='ltr'><strong>ante</strong></span> <span class='ocrx_word' id='word_1_88' title='bbox 442 1177 542 1237; x_wconf 87' lang='lat' dir='ltr'><strong>omnia</strong></span> <span class='ocrx_word' id='word_1_89' title='bbox 560 1194 630 1255; x_wconf 87' lang='lat' dir='ltr'><strong>erga</strong></span> <span class='ocrx_word' id='word_1_90' title='bbox 650 1177 850 1239; x_wconf 73' lang='lat' dir='ltr'><strong>beatissimam</strong></span> <span class='ocrx_word' id='word_1_91' title='bbox 867 1176 1020 1253; x_wconf 81' lang='lat' dir='ltr'><strong>Virginem</strong></span> <span class='ocrx_word' id='word_1_92' title='bbox 1035 1175 1102 1233; x_wconf 77' lang='lat' dir='ltr'><strong>ilo·</strong></span> 
     </span>
    </p>
   </div>
   <div class='ocr_carea' id='block_1_7' title="bbox 89 1257 1232 1337">
    <p class='ocr_par' dir='ltr' id='par_1_7' title="bbox 89 1257 1232 1337">
     <span class='ocr_line' id='line_1_14' title="bbox 89 1257 1232 1337; baseline 0.001 -20"><span class='ocrx_word' id='word_1_93' title='bbox 89 1259 182 1333; x_wconf 87' lang='lat' dir='ltr'><strong>riam,</strong></span> <span class='ocrx_word' id='word_1_94' title='bbox 197 1274 263 1334; x_wconf 83' lang='lat' dir='ltr'><strong>qum</strong></span> <span class='ocrx_word' id='word_1_95' title='bbox 282 1257 320 1318; x_wconf 91' lang='lat' dir='ltr'><strong>ab</strong></span> <span class='ocrx_word' id='word_1_96' title='bbox 338 1260 465 1320; x_wconf 81' lang='lat' dir='ltr'><strong>Ecclesia</strong></span> <span class='ocrx_word' id='word_1_97' title='bbox 484 1268 584 1321; x_wconf 86' lang='lat' dir='ltr'><strong>nostra</strong></span> <span class='ocrx_word' id='word_1_98' title='bbox 605 1263 688 1334; x_wconf 82' lang='lat' dir='ltr'><strong>vita,</strong></span> <span class='ocrx_word' id='word_1_99' title='bbox 704 1270 736 1323; x_wconf 91' lang='lat' dir='ltr'><strong>et</strong></span> <span class='ocrx_word' id='word_1_100' title='bbox 757 1268 858 1321; x_wconf 84' lang='lat' dir='ltr'><strong>nostra</strong></span> <span class='ocrx_word' id='word_1_101' title='bbox 878 1276 944 1337; x_wconf 84' lang='lat' dir='ltr'><strong>spes</strong></span> <span class='ocrx_word' id='word_1_102' title='bbox 967 1259 1102 1337; x_wconf 87' lang='lat' dir='ltr'><strong>appella-</strong></span> <span class='ocrx_word' id='word_1_103' title='bbox 1227 1283 1232 1298; x_wconf 91' lang='lat'>·</span> 
     </span>
    </p>
   </div>
   <div class='ocr_carea' id='block_1_8' title="bbox 90 1341 1100 1425">
    <p class='ocr_par' dir='ltr' id='par_1_8' title="bbox 90 1341 1100 1425">
     <span class='ocr_line' id='line_1_15' title="bbox 90 1341 1100 1425; baseline 0.002 -24"><span class='ocrx_word' id='word_1_104' title='bbox 90 1352 158 1417; x_wconf 70' lang='lat' dir='ltr'><strong>tur,</strong></span> <span class='ocrx_word' id='word_1_105' title='bbox 177 1349 222 1401; x_wconf 86' lang='lat' dir='ltr'><strong>est</strong></span> <span class='ocrx_word' id='word_1_106' title='bbox 239 1341 321 1403; x_wconf 91' lang='lat' dir='ltr'><strong>enim</strong></span> <span class='ocrx_word' id='word_1_107' title='bbox 340 1345 493 1407; x_wconf 78' lang='lat' dir='ltr'><strong>moraliter</strong></span> <span class='ocrx_word' id='word_1_108' title='bbox 515 1345 717 1425; x_wconf 88' lang='lat' dir='ltr'><strong>impossibile,</strong></span> <span class='ocrx_word' id='word_1_109' title='bbox 735 1353 771 1407; x_wconf 87' lang='lat' dir='ltr'><strong>ut</strong></span> <span class='ocrx_word' id='word_1_110' title='bbox 789 1345 889 1405; x_wconf 87' lang='lat' dir='ltr'><strong>anima</strong></span> <span class='ocrx_word' id='word_1_111' title='bbox 913 1343 1043 1405; x_wconf 83' lang='lat' dir='ltr'><strong>malcum</strong></span> <span class='ocrx_word' id='word_1_112' title='bbox 1064 1344 1100 1403; x_wconf 91' lang='lat' dir='ltr'><strong>in</strong></span> 
     </span>
    </p>
   </div>
   <div class='ocr_carea' id='block_1_9' title="bbox 88 1417 1231 1509">
    <p class='ocr_par' dir='ltr' id='par_1_9' title="bbox 88 1417 1231 1509">
     <span class='ocr_line' id='line_1_16' title="bbox 88 1417 1231 1509; baseline 0.004 -25"><span class='ocrx_word' id='word_1_113' title='bbox 88 1425 269 1505; x_wconf 81' lang='lat' dir='ltr'><strong>perfectione</strong></span> <span class='ocrx_word' id='word_1_114' title='bbox 295 1428 452 1505; x_wconf 86' lang='lat' dir='ltr'><strong>proficiat,</strong></span> <span class='ocrx_word' id='word_1_115' title='bbox 476 1429 541 1489; x_wconf 89' lang='lat' dir='ltr'><strong>sine</strong></span> <span class='ocrx_word' id='word_1_116' title='bbox 566 1431 761 1509; x_wconf 81' lang='lat' dir='ltr'><strong>particulari,</strong></span> <span class='ocrx_word' id='word_1_117' title='bbox 787 1437 819 1489; x_wconf 90' lang='lat' dir='ltr'><strong>et</strong></span> <span class='ocrx_word' id='word_1_118' title='bbox 841 1435 943 1491; x_wconf 66' lang='lat' dir='ltr'><strong>moero</strong></span> <span class='ocrx_word' id='word_1_119' title='bbox 968 1427 1101 1509; x_wconf 78' lang='lat' dir='ltr'><strong>quadam</strong></span> <span class='ocrx_word' id='word_1_120' title='bbox 1227 1417 1231 1462; x_wconf 90' lang='lat'><strong>:</strong></span> 
     </span>
    </p>
   </div>
   <div class='ocr_carea' id='block_1_10' title="bbox 89 1510 851 1591">
    <p class='ocr_par' dir='ltr' id='par_1_10' title="bbox 89 1510 851 1591">
     <span class='ocr_line' id='line_1_17' title="bbox 89 1510 851 1591; baseline 0.004 -20"><span class='ocrx_word' id='word_1_121' title='bbox 89 1510 246 1571; x_wconf 86' lang='lat' dir='ltr'><strong>devotione</strong></span> <span class='ocrx_word' id='word_1_122' title='bbox 265 1528 334 1591; x_wconf 87' lang='lat' dir='ltr'><strong>erga</strong></span> <span class='ocrx_word' id='word_1_123' title='bbox 353 1514 565 1575; x_wconf 86' lang='lat' dir='ltr'><strong>sanctissimam</strong></span> <span class='ocrx_word' id='word_1_124' title='bbox 585 1516 640 1577; x_wconf 87' lang='lat' dir='ltr'><strong>Dei</strong></span> <span class='ocrx_word' id='word_1_125' title='bbox 659 1515 851 1579; x_wconf 85' lang='lat' dir='ltr'><strong>Genitricem.</strong></span> 
     </span>
    </p>
   </div>
   <div class='ocr_carea' id='block_1_11' title="bbox 457 1686 849 1751">
    <p class='ocr_par' dir='ltr' id='par_1_11' title="bbox 457 1686 849 1751">
     <span class='ocr_line' id='line_1_18' title="bbox 457 1686 849 1751; baseline 0.013 -4"><span class='ocrx_word' id='word_1_126' title='bbox 457 1686 675 1751; x_wconf 80' lang='lat' dir='ltr'><strong>CAPITULUM</strong></span> <span class='ocrx_word' id='word_1_127' title='bbox 689 1689 729 1750; x_wconf 84' lang='lat' dir='ltr'><strong>X.</strong></span> <span class='ocrx_word' id='word_1_128' title='bbox 836 1726 849 1739; x_wconf 74' lang='lat'><strong>.</strong></span> 
     </span>
    </p>
   </div>
   <div class='ocr_carea' id='block_1_12' title="bbox 89 1834 1104 2008">
    <p class='ocr_par' dir='ltr' id='par_1_12' title="bbox 89 1834 1104 2008">
     <span class='ocr_line' id='line_1_19' title="bbox 89 1834 1104 1923; baseline 0.007 -22"><span class='ocrx_word' id='word_1_129' title='bbox 89 1838 135 1901; x_wconf 83' lang='lat' dir='ltr'><strong>lle</strong></span> <span class='ocrx_word' id='word_1_130' title='bbox 150 1834 329 1918; x_wconf 70' lang='lat' dir='ltr'><strong>quibuisdam</strong></span> <span class='ocrx_word' id='word_1_131' title='bbox 343 1839 465 1901; x_wconf 80' lang='lat' dir='ltr'><strong>monitis</strong></span> <span class='ocrx_word' id='word_1_132' title='bbox 484 1842 582 1923; x_wconf 78' lang='lat' dir='ltr'><strong>magis</strong></span> <span class='ocrx_word' id='word_1_133' title='bbox 602 1848 711 1903; x_wconf 79' lang='lat' dir='ltr'><strong>notatu</strong></span> <span class='ocrx_word' id='word_1_134' title='bbox 725 1840 824 1923; x_wconf 75' lang='lat' dir='ltr'><strong>dignis</strong></span> <span class='ocrx_word' id='word_1_135' title='bbox 845 1841 887 1905; x_wconf 87' lang='lat' dir='ltr'><strong>od</strong></span> <span class='ocrx_word' id='word_1_136' title='bbox 904 1841 1104 1922; x_wconf 72' lang='lat' dir='ltr'><strong>matcssorior</strong></span> 
     </span>
     <span class='ocr_line' id='line_1_20' title="bbox 140 1921 1042 2008; baseline 0.006 -23"><span class='ocrx_word' id='word_1_137' title='bbox 140 1931 168 1985; x_wconf 86' lang='lat' dir='ltr'><strong>ct</strong></span> <span class='ocrx_word' id='word_1_138' title='bbox 185 1921 328 2006; x_wconf 75' lang='lat' dir='ltr'><strong>parochos</strong></span> <span class='ocrx_word' id='word_1_139' title='bbox 341 1947 352 1983; x_wconf 86' lang='lat'><strong>.-</strong></span> <span class='ocrx_word' id='word_1_140' title='bbox 365 1942 433 1988; x_wconf 80' lang='lat' dir='ltr'><strong>cum</strong></span> <span class='ocrx_word' id='word_1_141' title='bbox 445 1926 541 2008; x_wconf 74' lang='lat' dir='ltr'><strong>proxi</strong></span> <span class='ocrx_word' id='word_1_142' title='bbox 559 1924 684 1990; x_wconf 81' lang='lat' dir='ltr'><strong>docendi</strong></span> <span class='ocrx_word' id='word_1_143' title='bbox 701 1928 865 1992; x_wconf 82' lang='lat' dir='ltr'><strong>orationem</strong></span> <span class='ocrx_word' id='word_1_144' title='bbox 877 1924 1042 1998; x_wconf 69' lang='lat' dir='ltr'><strong>mastalone.</strong></span> 
     </span>
    </p>
   </div>
   <div class='ocr_carea' id='block_1_13' title="bbox 346 2085 838 2178">
    <p class='ocr_par' dir='ltr' id='par_1_13' title="bbox 346 2085 838 2178">
     <span class='ocr_line' id='line_1_21' title="bbox 346 2085 838 2178; baseline 0.008 -30"><span class='ocrx_word' id='word_1_145' title='bbox 346 2085 374 2178; x_wconf 66' lang='lat' dir='ltr'><strong>S.</strong></span> <span class='ocrx_word' id='word_1_146' title='bbox 392 2089 416 2148; x_wconf 92' lang='lat'><strong>1.</strong></span> <span class='ocrx_word' id='word_1_147' title='bbox 435 2088 555 2162; x_wconf 77' lang='lat' dir='ltr'><strong>Monito</strong></span> <span class='ocrx_word' id='word_1_148' title='bbox 573 2088 614 2152; x_wconf 83' lang='lat' dir='ltr'><strong>cd</strong></span> <span class='ocrx_word' id='word_1_149' title='bbox 633 2087 838 2172; x_wconf 65' lang='lat' dir='ltr'><strong>warmume.</strong></span> 
     </span>
    </p>
   </div>
   <div class='ocr_carea' id='block_1_14' title="bbox 88 2217 1104 3469">
    <p class='ocr_par' dir='ltr' id='par_1_14' title="bbox 89 2217 1104 2509">
     <span class='ocr_line' id='line_1_22' title="bbox 128 2217 1104 2356; baseline 0.007 -16"><span class='ocrx_word' id='word_1_150' title='bbox 128 2280 197 2340; x_wconf 76' lang='lat' dir='ltr'><strong>lla.</strong></span> <span class='ocrx_word' id='word_1_151' title='bbox 211 2217 280 2340; x_wconf 75' lang='lat' dir='ltr'><strong>Ex</strong></span> <span class='ocrx_word' id='word_1_152' title='bbox 302 2274 350 2337; x_wconf 85' lang='lat' dir='ltr'><strong>his</strong></span> <span class='ocrx_word' id='word_1_153' title='bbox 373 2294 441 2356; x_wconf 82' lang='lat' dir='ltr'><strong>qum</strong></span> <span class='ocrx_word' id='word_1_154' title='bbox 460 2275 598 2356; x_wconf 78' lang='lat' dir='ltr'><strong>superius</strong></span> <span class='ocrx_word' id='word_1_155' title='bbox 618 2277 748 2344; x_wconf 81' lang='lat' dir='ltr'><strong>diximus</strong></span> <span class='ocrx_word' id='word_1_156' title='bbox 772 2280 942 2342; x_wconf 86' lang='lat' dir='ltr'><strong>annotanda</strong></span> <span class='ocrx_word' id='word_1_157' title='bbox 961 2290 1032 2342; x_wconf 89' lang='lat' dir='ltr'><strong>sunt</strong></span> <span class='ocrx_word' id='word_1_158' title='bbox 1049 2282 1104 2348; x_wconf 88' lang='lat' dir='ltr'><strong>hic</strong></span> 
     </span>
     <span class='ocr_line' id='line_1_23' title="bbox 90 2360 1102 2441; baseline 0.011 -19"><span class='ocrx_word' id='word_1_159' title='bbox 90 2365 186 2441; x_wconf 85' lang='lat' dir='ltr'><strong>aliqua</strong></span> <span class='ocrx_word' id='word_1_160' title='bbox 207 2360 439 2440; x_wconf 86' lang='lat' dir='ltr'><strong>principaliora,</strong></span> <span class='ocrx_word' id='word_1_161' title='bbox 458 2368 489 2422; x_wconf 91' lang='lat' dir='ltr'><strong>ct</strong></span> <span class='ocrx_word' id='word_1_162' title='bbox 507 2381 574 2440; x_wconf 79' lang='lat' dir='ltr'><strong>qum</strong></span> <span class='ocrx_word' id='word_1_163' title='bbox 592 2364 748 2430; x_wconf 84' lang='lat' dir='ltr'><strong>advertere</strong></span> <span class='ocrx_word' id='word_1_164' title='bbox 759 2366 848 2430; x_wconf 86' lang='lat' dir='ltr'><strong>debet</strong></span> <span class='ocrx_word' id='word_1_165' title='bbox 860 2367 1052 2430; x_wconf 76' lang='lat' dir='ltr'><strong>conteanius</strong></span> <span class='ocrx_word' id='word_1_166' title='bbox 1067 2373 1102 2434; x_wconf 87' lang='lat' dir='ltr'><strong>in</strong></span> 
     </span>
     <span class='ocr_line' id='line_1_24' title="bbox 89 2443 449 2509; baseline -0.011 0"><span class='ocrx_word' id='word_1_167' title='bbox 89 2465 144 2509; x_wconf 91' lang='lat' dir='ltr'><strong>suo</strong></span> <span class='ocrx_word' id='word_1_168' title='bbox 162 2445 257 2506; x_wconf 85' lang='lat' dir='ltr'><strong>officio</strong></span> <span class='ocrx_word' id='word_1_169' title='bbox 277 2443 449 2505; x_wconf 86' lang='lat' dir='ltr'><strong>exercendo.</strong></span> 
     </span>
    </p>

    <p class='ocr_par' dir='ltr' id='par_1_15' title="bbox 89 2529 1104 3213">
     <span class='ocr_line' id='line_1_25' title="bbox 129 2529 1104 2616; baseline 0.011 -24"><span class='ocrx_word' id='word_1_170' title='bbox 129 2532 196 2594; x_wconf 77' lang='grc'><strong>175.</strong></span> <span class='ocrx_word' id='word_1_171' title='bbox 213 2530 238 2591; x_wconf 92' lang='lat'><strong>1.</strong></span> <span class='ocrx_word' id='word_1_172' title='bbox 256 2529 334 2590; x_wconf 80' lang='lat' dir='ltr'><strong>Ante</strong></span> <span class='ocrx_word' id='word_1_173' title='bbox 351 2529 451 2595; x_wconf 89' lang='lat' dir='ltr'><strong>omnia</strong></span> <span class='ocrx_word' id='word_1_174' title='bbox 472 2541 556 2595; x_wconf 88' lang='lat' dir='ltr'><strong>curet</strong></span> <span class='ocrx_word' id='word_1_175' title='bbox 578 2551 614 2596; x_wconf 83' lang='lat' dir='ltr'><strong>ex</strong></span> <span class='ocrx_word' id='word_1_176' title='bbox 626 2553 685 2597; x_wconf 93' lang='lat' dir='ltr'><strong>una</strong></span> <span class='ocrx_word' id='word_1_177' title='bbox 698 2546 784 2616; x_wconf 88' lang='lat' dir='ltr'><strong>parte</strong></span> <span class='ocrx_word' id='word_1_178' title='bbox 799 2556 946 2600; x_wconf 85' lang='lat' dir='ltr'><strong>summam</strong></span> <span class='ocrx_word' id='word_1_179' title='bbox 957 2538 1104 2606; x_wconf 79' lang='lat' dir='ltr'><strong>adhibere</strong></span> 
     </span>
     <span class='ocr_line' id='line_1_26' title="bbox 90 2616 1103 2702; baseline 0.008 -22"><span class='ocrx_word' id='word_1_180' title='bbox 90 2617 263 2680; x_wconf 87' lang='lat' dir='ltr'><strong>charitatem</strong></span> <span class='ocrx_word' id='word_1_181' title='bbox 283 2616 315 2676; x_wconf 93' lang='lat' dir='ltr'><strong>ln</strong></span> <span class='ocrx_word' id='word_1_182' title='bbox 335 2616 514 2693; x_wconf 85' lang='lat' dir='ltr'><strong>excipiendis</strong></span> <span class='ocrx_word' id='word_1_183' title='bbox 532 2621 753 2699; x_wconf 89' lang='lat' dir='ltr'><strong>peccatoribus,</strong></span> <span class='ocrx_word' id='word_1_184' title='bbox 768 2623 864 2702; x_wconf 85' lang='lat' dir='ltr'><strong>iisque</strong></span> <span class='ocrx_word' id='word_1_185' title='bbox 882 2625 1048 2687; x_wconf 84' lang='lat' dir='ltr'><strong>animandis</strong></span> <span class='ocrx_word' id='word_1_186' title='bbox 1061 2631 1103 2690; x_wconf 90' lang='lat' dir='ltr'><strong>ad</strong></span> 
     </span>
     <span class='ocr_line' id='line_1_27' title="bbox 89 2700 1104 2785; baseline 0.009 -19"><span class='ocrx_word' id='word_1_187' title='bbox 89 2700 297 2766; x_wconf 84' lang='lat' dir='ltr'><strong>confidendum</strong></span> <span class='ocrx_word' id='word_1_188' title='bbox 310 2701 342 2766; x_wconf 87' lang='lat' dir='ltr'><strong>in</strong></span> <span class='ocrx_word' id='word_1_189' title='bbox 354 2701 454 2762; x_wconf 85' lang='lat' dir='ltr'><strong>divina</strong></span> <span class='ocrx_word' id='word_1_190' title='bbox 471 2705 670 2768; x_wconf 88' lang='lat' dir='ltr'><strong>misericordia</strong></span> <span class='ocrx_word' id='word_1_191' title='bbox 683 2727 693 2785; x_wconf 79' lang='lat'>3</span> <span class='ocrx_word' id='word_1_192' title='bbox 705 2724 742 2768; x_wconf 82' lang='lat' dir='ltr'><strong>ex</strong></span> <span class='ocrx_word' id='word_1_193' title='bbox 754 2708 846 2769; x_wconf 81' lang='lat' dir='ltr'><strong>altera</strong></span> <span class='ocrx_word' id='word_1_194' title='bbox 857 2708 929 2770; x_wconf 78' lang='lat' dir='ltr'><strong>vcro</strong></span> <span class='ocrx_word' id='word_1_195' title='bbox 942 2709 981 2773; x_wconf 90' lang='lat' dir='ltr'><strong>ob</strong></span> <span class='ocrx_word' id='word_1_196' title='bbox 993 2709 1104 2774; x_wconf 88' lang='lat' dir='ltr'><strong>huma·</strong></span> 
     </span>
     <span class='ocr_line' id='line_1_28' title="bbox 89 2791 1099 2874; baseline 0.011 -24"><span class='ocrx_word' id='word_1_197' title='bbox 89 2807 163 2850; x_wconf 88' lang='lat' dir='ltr'><strong>num</strong></span> <span class='ocrx_word' id='word_1_198' title='bbox 186 2793 352 2865; x_wconf 86' lang='lat' dir='ltr'><strong>respectum</strong></span> <span class='ocrx_word' id='word_1_199' title='bbox 376 2803 438 2847; x_wconf 90' lang='lat' dir='ltr'><strong>non</strong></span> <span class='ocrx_word' id='word_1_200' title='bbox 465 2791 674 2867; x_wconf 80' lang='lat' dir='ltr'><strong>praetermittat</strong></span> <span class='ocrx_word' id='word_1_201' title='bbox 697 2810 749 2854; x_wconf 89' lang='lat' dir='ltr'><strong>cos</strong></span> <span class='ocrx_word' id='word_1_202' title='bbox 774 2794 1099 2874; x_wconf 70' lang='lat' dir='ltr'><strong>fortiter‘admonere&#39;‚</strong></span> 
     </span>
     <span class='ocr_line' id='line_1_29' title="bbox 89 2869 1102 2962; baseline 0.01 -26"><span class='ocrx_word' id='word_1_203' title='bbox 89 2874 237 2953; x_wconf 87' lang='lat' dir='ltr'><strong>simulque</strong></span> <span class='ocrx_word' id='word_1_204' title='bbox 249 2869 403 2932; x_wconf 86' lang='lat' dir='ltr'><strong>ostendere</strong></span> <span class='ocrx_word' id='word_1_205' title='bbox 418 2871 489 2950; x_wconf 89' lang='lat' dir='ltr'><strong>ipsis</strong></span> <span class='ocrx_word' id='word_1_206' title='bbox 504 2884 614 2937; x_wconf 86' lang='lat' dir='ltr'><strong>statum</strong></span> <span class='ocrx_word' id='word_1_207' title='bbox 626 2877 878 2956; x_wconf 77' lang='lat' dir='ltr'><strong>infelicissimum,</strong></span> <span class='ocrx_word' id='word_1_208' title='bbox 894 2880 927 2942; x_wconf 91' lang='lat' dir='ltr'><strong>in</strong></span> <span class='ocrx_word' id='word_1_209' title='bbox 939 2897 1000 2958; x_wconf 86' lang='lat' dir='ltr'><strong>quo</strong></span> <span class='ocrx_word' id='word_1_210' title='bbox 1012 2899 1102 2962; x_wconf 87' lang='lat' dir='ltr'><strong>repc-</strong></span> 
     </span>
     <span class='ocr_line' id='line_1_30' title="bbox 90 2957 1102 3042; baseline 0.009 -22"><span class='ocrx_word' id='word_1_211' title='bbox 90 2961 229 3032; x_wconf 89' lang='lat' dir='ltr'><strong>riuntur,</strong></span> <span class='ocrx_word' id='word_1_212' title='bbox 245 2975 279 3020; x_wconf 89' lang='lat' dir='ltr'><strong>ac</strong></span> <span class='ocrx_word' id='word_1_213' title='bbox 296 2957 470 3038; x_wconf 88' lang='lat' dir='ltr'><strong>assignando</strong></span> <span class='ocrx_word' id='word_1_214' title='bbox 493 2959 590 3022; x_wconf 90' lang='lat' dir='ltr'><strong>media</strong></span> <span class='ocrx_word' id='word_1_215' title='bbox 611 2972 780 3042; x_wconf 87' lang='lat' dir='ltr'><strong>opportuna</strong></span> <span class='ocrx_word' id='word_1_216' title='bbox 800 2965 838 3024; x_wconf 91' lang='lat' dir='ltr'><strong>sd</strong></span> <span class='ocrx_word' id='word_1_217' title='bbox 859 2983 891 3026; x_wconf 91' lang='lat' dir='ltr'><strong>se</strong></span> <span class='ocrx_word' id='word_1_218' title='bbox 911 2965 1102 3035; x_wconf 84' lang='lat' dir='ltr'><strong>liberandum</strong></span> 
     </span>
     <span class='ocr_line' id='line_1_31' title="bbox 89 3041 1102 3129; baseline 0.015 -27"><span class='ocrx_word' id='word_1_219' title='bbox 89 3061 125 3102; x_wconf 86' lang='lat' dir='ltr'><strong>ex</strong></span> <span class='ocrx_word' id='word_1_220' title='bbox 142 3045 227 3104; x_wconf 90' lang='lat' dir='ltr'><strong>malis</strong></span> <span class='ocrx_word' id='word_1_221' title='bbox 237 3042 387 3105; x_wconf 88' lang='lat' dir='ltr'><strong>habitibus</strong></span> <span class='ocrx_word' id='word_1_222' title='bbox 397 3041 460 3121; x_wconf 85' lang='lat' dir='ltr'><strong>jam</strong></span> <span class='ocrx_word' id='word_1_223' title='bbox 473 3048 649 3127; x_wconf 72' lang='lat' dir='ltr'><strong>contractis,</strong></span> <span class='ocrx_word' id='word_1_224' title='bbox 667 3057 699 3110; x_wconf 87' lang='lat' dir='ltr'><strong>et</strong></span> <span class='ocrx_word' id='word_1_225' title='bbox 716 3048 864 3129; x_wconf 71' lang='lat' dir='ltr'><strong>praecipue</strong></span> <span class='ocrx_word' id='word_1_226' title='bbox 877 3052 916 3112; x_wconf 89' lang='lat' dir='ltr'><strong>sit</strong></span> <span class='ocrx_word' id='word_1_227' title='bbox 928 3049 1102 3117; x_wconf 82' lang='lat' dir='ltr'><strong>inflexibilis</strong></span> 
     </span>
     <span class='ocr_line' id='line_1_32' title="bbox 89 3125 1016 3213; baseline 0.012 -27"><span class='ocrx_word' id='word_1_228' title='bbox 89 3125 120 3186; x_wconf 91' lang='lat' dir='ltr'><strong>iu</strong></span> <span class='ocrx_word' id='word_1_229' title='bbox 140 3125 301 3190; x_wconf 80' lang='lat' dir='ltr'><strong>differenda</strong></span> <span class='ocrx_word' id='word_1_230' title='bbox 321 3127 432 3190; x_wconf 88' lang='lat' dir='ltr'><strong>eisdem</strong></span> <span class='ocrx_word' id='word_1_231' title='bbox 454 3129 660 3207; x_wconf 88' lang='lat' dir='ltr'><strong>absolutione,</strong></span> <span class='ocrx_word' id='word_1_232' title='bbox 681 3135 797 3212; x_wconf 87' lang='lat' dir='ltr'><strong>quoties</strong></span> <span class='ocrx_word' id='word_1_233' title='bbox 815 3144 960 3213; x_wconf 87' lang='lat' dir='ltr'><strong>oporteat.</strong></span> <span class='ocrx_word' id='word_1_234' title='bbox 1014 3191 1016 3196; x_wconf 91' lang='lat'><strong>.</strong></span> 
     </span>
    </p>

    <p class='ocr_par' dir='ltr' id='par_1_16' title="bbox 88 3209 1101 3469">
     <span class='ocr_line' id='line_1_33' title="bbox 107 3209 1101 3306; baseline 0.021 -38"><span class='ocrx_word' id='word_1_235' title='bbox 107 3209 196 3306; x_wconf 34' lang='grc'><strong>,111.</strong></span> <span class='ocrx_word' id='word_1_236' title='bbox 211 3214 250 3271; x_wconf 92' lang='lat' dir='ltr'><strong>ll.</strong></span> <span class='ocrx_word' id='word_1_237' title='bbox 262 3215 301 3274; x_wconf 88' lang='lat' dir='ltr'><strong>Ut</strong></span> <span class='ocrx_word' id='word_1_238' title='bbox 318 3213 482 3292; x_wconf 82' lang='lat' dir='ltr'><strong>plurimum</strong></span> <span class='ocrx_word' id='word_1_239' title='bbox 496 3216 659 3296; x_wconf 82' lang='lat' dir='ltr'><strong>interroget</strong></span> <span class='ocrx_word' id='word_1_240' title='bbox 674 3219 778 3291; x_wconf 89' lang='lat' dir='ltr'><strong>rudes,</strong></span> <span class='ocrx_word' id='word_1_241' title='bbox 791 3219 895 3281; x_wconf 82' lang='lat' dir='ltr'><strong>utrium</strong></span> <span class='ocrx_word' id='word_1_242' title='bbox 907 3223 1002 3285; x_wconf 90' lang='lat' dir='ltr'><strong>sciant</strong></span> <span class='ocrx_word' id='word_1_243' title='bbox 1014 3227 1101 3303; x_wconf 88' lang='lat' dir='ltr'><strong>prin-</strong></span> 
     </span>
     <span class='ocr_line' id='line_1_34' title="bbox 88 3291 1098 3383; baseline 0.015 -29"><span class='ocrx_word' id='word_1_244' title='bbox 88 3291 191 3372; x_wconf 77' lang='lat' dir='ltr'><strong>cipalia</strong></span> <span class='ocrx_word' id='word_1_245' title='bbox 201 3293 271 3354; x_wconf 84' lang='lat' dir='ltr'><strong>fidei</strong></span> <span class='ocrx_word' id='word_1_246' title='bbox 288 3301 438 3376; x_wconf 87' lang='lat' dir='ltr'><strong>mysteria.</strong></span> <span class='ocrx_word' id='word_1_247' title='bbox 447 3300 591 3362; x_wconf 85' lang='lat' dir='ltr'><strong>Videatur</strong></span> <span class='ocrx_word' id='word_1_248' title='bbox 603 3303 680 3363; x_wconf 87' lang='lat' dir='ltr'><strong>circa</strong></span> <span class='ocrx_word' id='word_1_249' title='bbox 695 3302 752 3366; x_wconf 89' lang='lat' dir='ltr'><strong>hoc</strong></span> <span class='ocrx_word' id='word_1_250' title='bbox 765 3304 845 3383; x_wconf 88' lang='lat' dir='ltr'><strong>quod</strong></span> <span class='ocrx_word' id='word_1_251' title='bbox 858 3305 986 3368; x_wconf 86' lang='lat' dir='ltr'><strong>diximus</strong></span> <span class='ocrx_word' id='word_1_252' title='bbox 998 3327 1032 3370; x_wconf 77' lang='lat' dir='ltr'><strong>a.</strong></span> <span class='ocrx_word' id='word_1_253' title='bbox 1045 3315 1098 3378; x_wconf 70' lang='lat'><strong>92.</strong></span> 
     </span>
     <span class='ocr_line' id='line_1_35' title="bbox 128 3377 1100 3469; baseline 0.02 -31"><span class='ocrx_word' id='word_1_254' title='bbox 128 3377 195 3439; x_wconf 77' lang='grc'><strong>175.</strong></span> <span class='ocrx_word' id='word_1_255' title='bbox 214 3377 266 3436; x_wconf 91' lang='grc'><strong>111.</strong></span> <span class='ocrx_word' id='word_1_256' title='bbox 285 3379 460 3456; x_wconf 86' lang='lat' dir='ltr'><strong>liujusmodi</strong></span> <span class='ocrx_word' id='word_1_257' title='bbox 478 3386 585 3460; x_wconf 84' lang='lat' dir='ltr'><strong>rudes,</strong></span> <span class='ocrx_word' id='word_1_258' title='bbox 598 3395 650 3447; x_wconf 88' lang='lat' dir='ltr'><strong>aut</strong></span> <span class='ocrx_word' id='word_1_259' title='bbox 665 3388 738 3447; x_wconf 87' lang='lat' dir='ltr'><strong>alios</strong></span> <span class='ocrx_word' id='word_1_260' title='bbox 759 3391 898 3469; x_wconf 79' lang='lat' dir='ltr'><strong>neglecte</strong></span> <span class='ocrx_word' id='word_1_261' title='bbox 912 3393 1100 3461; x_wconf 71' lang='lat' dir='ltr'><strong>conscientias</strong></span> 
     </span>
    </p>
   </div>
   <div class='ocr_carea' id='block_1_15' title="bbox 88 3460 1101 3623">
    <p class='ocr_par' dir='ltr' id='par_1_17' title="bbox 88 3460 1101 3623">
     <span class='ocr_line' id='line_1_36' title="bbox 88 3460 1101 3554; baseline 0.025 -36"><span class='ocrx_word' id='word_1_262' title='bbox 88 3477 148 3554; x_wconf 83' lang='lat' dir='ltr'><strong>pon</strong></span> <span class='ocrx_word' id='word_1_263' title='bbox 167 3460 285 3520; x_wconf 86' lang='lat' dir='ltr'><strong>omittat</strong></span> <span class='ocrx_word' id='word_1_264' title='bbox 301 3461 485 3542; x_wconf 88' lang='lat' dir='ltr'><strong>interrogare</strong></span> <span class='ocrx_word' id='word_1_265' title='bbox 505 3471 581 3531; x_wconf 86' lang='lat' dir='ltr'><strong>circa</strong></span> <span class='ocrx_word' id='word_1_266' title='bbox 603 3489 656 3548; x_wconf 86' lang='lat' dir='ltr'><strong>oa,</strong></span> <span class='ocrx_word' id='word_1_267' title='bbox 674 3472 707 3532; x_wconf 93' lang='lat' dir='ltr'><strong>in</strong></span> <span class='ocrx_word' id='word_1_268' title='bbox 726 3491 792 3551; x_wconf 76' lang='lat' dir='ltr'><strong>que</strong></span> <span class='ocrx_word' id='word_1_269' title='bbox 803 3475 988 3554; x_wconf 76' lang='lat' dir='ltr'><strong>frequentius</strong></span> <span class='ocrx_word' id='word_1_270' title='bbox 1000 3481 1101 3545; x_wconf 81' lang='lat' dir='ltr'><strong>solent</strong></span> 
     </span>
     <span class='ocr_line' id='line_1_37' title="bbox 88 3541 842 3623; baseline 0.029 -27"><span class='ocrx_word' id='word_1_271' title='bbox 88 3541 240 3618; x_wconf 81' lang='lat' dir='ltr'><strong>ancrdcre3</strong></span> <span class='ocrx_word' id='word_1_272' title='bbox 259 3544 373 3619; x_wconf 87' lang='lat' dir='ltr'><strong>quoties</strong></span> <span class='ocrx_word' id='word_1_273' title='bbox 392 3549 447 3623; x_wconf 88' lang='lat' dir='ltr'><strong>ipsi</strong></span> <span class='ocrx_word' id='word_1_274' title='bbox 467 3569 502 3610; x_wconf 84' lang='lat' dir='ltr'><strong>ex</strong></span> <span class='ocrx_word' id='word_1_275' title='bbox 522 3571 553 3613; x_wconf 89' lang='lat' dir='ltr'><strong>se</strong></span> <span class='ocrx_word' id='word_1_276' title='bbox 571 3572 632 3615; x_wconf 89' lang='lat' dir='ltr'><strong>non</strong></span> <span class='ocrx_word' id='word_1_277' title='bbox 652 3555 842 3619; x_wconf 88' lang='lat' dir='ltr'><strong>confitentur.</strong></span> 
     </span>
    </p>
   </div>
   <div class='ocr_carea' id='block_1_16' title="bbox 0 0 1247 3975">
    <p class='ocr_par' dir='ltr' id='par_1_18' title="bbox 0 0 1247 3975">
     <span class='ocr_line' id='line_1_38' title="bbox 0 0 1247 3975; baseline 0 0"><span class='ocrx_word' id='word_1_278' title='bbox 0 0 1247 3975; x_wconf 95' lang='lat' dir='ltr'><strong> </strong></span> 
     </span>
    </p>
   </div>
  </div>
 </body>
</html>
