2475 3975
149 190 188 252 54
428 190 542 252 Praxo
553 186 735 270 waasceaora'i.
752 190 825 271 Cep.
839 191 869 252 2.

188 314 356 444 hictum
371 376 422 438 lv.
442 384 633 457 preceptum.
659 376 691 437 Si
717 375 898 437 confitentur
918 376 1001 451 filli,
1028 377 1160 439 interro-

149 473 258 539 gentur
275 464 305 523 l.
330 461 360 522 Si
376 461 494 523 oderint
516 466 678 539 parentes?
692 459 761 538 quia
784 469 855 521 tunc
876 460 989 539 duplex
1004 472 1160 541 peccatum

149 547 378 618 commiserunt,
392 554 494 607 contra
509 542 682 605 charitatem
697 562 824 623 nempe,
842 554 873 608 et
890 555 991 605 contra
1004 548 1159 625 pietatem.

150 632 179 691 9.
193 631 223 690 Si
237 631 349 709 aliquid
363 648 451 710 grave
463 630 586 690 fecerint
598 638 701 690 contra
724 648 827 691 eorum
842 640 1022 709 praeceptum
1039 650 1160 711 expres-

149 730 214 772 sum
225 758 233 784 ‚
246 725 276 775 et
290 714 320 773 in
334 732 368 774 re
383 712 480 791 justa,
495 713 581 774 sicuti
604 723 680 773 emet
697 732 735 774 ne
748 712 765 773 e
780 714 869 776 domo
883 715 920 775 de
936 722 1024 775 nocte
1036 717 1160 795 egrede·

150 806 329 867 rentur‚ne
347 799 424 859 ludis
447 798 595 859 damnosis
605 793 744 859 luderenl
752 845 763 875 ,
787 818 825 860 ne
847 818 916 859 cum
939 801 1024 860 malis
1049 801 1159 870 sociis,

149 891 202 941 aut
225 899 293 945 cum
311 884 443 961 personis
461 882 570 943 diversi
593 883 699 955 sexais,
726 892 757 944 et
778 884 925 945 similibus
945 890 1161 946 versarentur?

150 966 217 1026 Dixi
230 966 264 1027 ia
275 984 306 1027 re
313 965 422 1048 justa,⁸
436 968 505 1047 quia
523 968 598 1029 eirca
620 968 713 1029 statiis
726 968 898 1029 electionem
911 967 965 1028 iiiii
985 986 1046 1029 non
1058 978 1161 1030 tenen·

150 1058 201 1109 tur
219 1050 393 1129 parentibus
407 1050 548 1127 obedire,
571 1052 634 1113 imb
648 1061 786 1130 parentes
804 1053 933 1132 graviter
945 1064 1099 1132 peccarent
1111 1098 1120 1126 ‚
1134 1055 1160 1115 si

149 1134 213 1195 sine
223 1134 302 1213 justa
316 1154 401 1197 causa
420 1136 497 1196 lilius
511 1135 547 1195 ad
561 1146 671 1197 statum
690 1137 959 1210 matrimonialem,
982 1146 1035 1198 aut
1048 1137 1086 1198 ad
1099 1147 1162 1197 sta·

150 1222 215 1281 tirm
245 1220 491 1291 ecclesiasticum,
517 1227 569 1280 aut
596 1221 770 1300 religiosum
798 1230 936 1300 cogerent
953 1242 963 1298 3
982 1229 1033 1282 aut
1062 1223 1161 1283 modis

150 1302 267 1377 injustis
287 1303 472 1366 retraherent
487 1320 537 1365 eoa
558 1303 575 1365 e
595 1315 673 1367 statu
697 1306 854 1387 religioso,
870 1324 959 1384 quem
983 1308 1027 1366 illi
1048 1305 1161 1386 eligere

150 1388 244 1447 velint
256 1384 318 1467 (tit.
333 1390 363 1449 l.
377 1408 408 1450 a.
425 1390 493 1451 tot.
505 1408 535 1450 o.
550 1392 719 1464 Praetereo,
736 1398 763 1451 ct
773 1388 824 1452 lib.
840 1392 869 1451 t.
884 1409 917 1449 a.
928 1390 1003 1468 tt).
1019 1392 1049 1451 5.
1062 1393 1162 1451 luter·

149 1481 252 1550 roget,
264 1473 288 1533 si
302 1474 526 1536 irreverentiam
538 1474 678 1537 adversus
687 1484 823 1556 parentes
839 1473 1045 1552 adhibuerint,
1058 1476 1162 1548 iactis,

150 1564 202 1615 aut
221 1557 501 1641 imprecationibus,
518 1570 570 1621 aut
584 1560 703 1637 injuriis
722 1559 861 1639 gravibus
875 1578 974 1621 coram
996 1559 1159 1639 irrogatisa

151 1649 185 1699 ut
206 1653 281 1701 esset
299 1660 349 1703 eos
371 1644 547 1723 appellando
571 1646 689 1719 ebriae,
711 1644 838 1718 bestias,
859 1644 977 1710 saturos,
1006 1644 1161 1725 latrones,

151 1725 314 1801 veneficos,
333 1728 493 1811 scelestosz
515 1739 567 1788 aut
583 1739 682 1809 gestus
704 1746 808 1790 eorum
831 1727 1043 1789 contumeliose
1060 1732 1164 1808 expri-

151 1810 280 1882 mendo,
306 1820 356 1872 aut
382 1814 446 1873 aliis
470 1815 569 1874 verbis
588 1814 767 1893 proferendo
785 1813 894 1891 quihus
915 1830 1035 1891 gravem
1050 1814 1164 1875 moles·

151 1896 223 1955 tiam
238 1896 279 1957 cis
295 1895 507 1959 exhibuissent.
521 1900 634 1960 Vocare
646 1909 745 1960 autem
759 1916 811 1959 eoa
826 1914 931 1970 senes,
948 1898 1082 1976 ignaros,
1096 1908 1165 1959 stu·

151 1981 253 2060 pidos,
270 1991 327 2042 ete.
349 2001 409 2045 non
423 1984 511 2046 debet
529 1984 663 2047 absolute
685 1983 875 2047 condemnari
894 1982 932 2043 de
948 1993 1065 2063 peceato
1078 1999 1165 2044 moe

151 2067 221 2144 tali,
237 2067 293 2126 nisi
312 2077 382 2129 tuno
402 2069 471 2131 caim
485 2069 531 2130 illi
548 2071 678 2149 graviter
691 2069 923 2131 offenderentur.
941 2071 1068 2130 Notetur
1078 2069 1170 2147 qarbu

149 2150 219 2213 caim
236 2153 463 2235 filiiparentum
482 2155 612 2216 debitam
632 2157 778 2216 rationem
790 2172 850 2215 non
868 2152 1048 2227 habuerint,
1062 2162 1164 2214 tonen-

149 2246 201 2298 tur
219 2240 320 2300 laesum
333 2239 478 2302 honorem
491 2241 533 2301 eis
548 2241 724 2312 restituere,
740 2239 858 2299 veniam
870 2238 908 2298 ab
918 2237 1161 2318 eispostulando,

150 2323 240 2382 etiam
254 2341 352 2383 eoram
366 2325 402 2383 iis
413 2368 423 2395 ,
434 2326 466 2384 ln
488 2342 617 2402 quorum
633 2333 751 2403 aspectu
768 2324 823 2384 lilii
834 2331 1001 2402 peoearum.
1016 2321 1162 2384 Nonnulli

149 2415 250 2466 nutem
272 2407 440 2467 confessarii
465 2406 571 2484 pariam
589 2411 668 2467 cauti
687 2411 720 2468 in
742 2425 778 2469 eo
801 2427 868 2468 casu
884 2425 940 2487 pro
965 2406 1165 2468 satisfactione

150 2493 311 2567 imponunt
325 2487 414 2561 liliis,
437 2499 472 2549 ut
483 2489 551 2551 caim
567 2493 691 2552 domum
714 2492 927 2572 pervenerint,
946 2490 1035 2569 pedes
1051 2506 1164 2568 paren·

153 2583 217 2634 tum
233 2573 494 2651 deoscularentur,
513 2584 544 2636 et
565 2575 715 2638 absolutos
734 2577 910 2652 dimittunt3
929 2575 981 2636 sed
999 2574 1044 2635 illi
1058 2579 1163 2653 postea

150 2658 207 2720 hoc
231 2657 394 2737 adimplere
407 2677 468 2720 non
491 2669 616 2734 curant,
641 2669 672 2722 et
690 2679 802 2723 novum
819 2668 969 2738 peccatum
984 2659 1162 2720 admittunt.

150 2743 246 2804 Satius
259 2752 304 2803 est
319 2761 422 2804 curare
432 2752 465 2804 ut
477 2752 546 2806 ante
559 2746 774 2808 ahsolutionem
792 2744 868 2805 hanc
882 2745 1000 2804 veniam
1012 2753 1135 2820 poscant
1153 2789 1163 2817 ,

150 2829 201 2890 sed
219 2829 291 2908 quin
308 2828 350 2887 eis
366 2829 537 2907 imponatur
552 2841 587 2892 ut
606 2831 714 2909 pedes,
734 2839 787 2890 aut
805 2847 934 2890 manum
955 2828 1166 2890 deoscularen-

149 2919 222 2991 tur,
237 2912 307 2992 quia
320 2913 364 2973 illi
382 2913 457 2985 lilii,
473 2915 581 2993 quibus
596 2914 653 2976 hoc
670 2915 794 2976 faciendi
802 2910 984 2975 consuetudo
995 2930 1162 2992 numquam

151 3001 227 3072 luit,
250 2996 414 3060 difficilimh
430 2997 486 3060 hoc
502 3009 700 3078 exequuntur.
720 3000 751 3061 Si
776 3008 876 3060 autem
891 3016 953 3060 uon
971 2999 1063 3076 possit
1079 3015 1164 3060 com·

152 3083 240 3145 mode
255 3081 303 3144 hio
319 3092 401 3144 octus
416 3083 527 3144 abillis
546 3085 642 3163 exigi,
662 3093 697 3144 ut
713 3084 832 3145 veniam
850 3083 1000 3162 postulent
1018 3092 1088 3146 ante
1108 3084 1164 3144 ah-

150 3171 352 3242 solutionem,
373 3187 434 3230 non
450 3170 622 3246 imponatur
641 3168 699 3232 hoc
717 3170 773 3229 suh
784 3169 867 3248 prasi
889 3167 1091 3246 obligatione,
1109 3168 1162 3229 scal

151 3253 251 3334 potitis
274 3263 308 3313 ut
324 3255 480 3314 consilium
497 3254 685 3327 insinuetur,
709 3253 782 3315 den
811 3253 890 3315 certe
913 3262 1135 3331 presumuntur
1148 3298 1160 3328 ,

151 3339 255 3399 saltem
271 3345 306 3396 ut
326 3337 506 3414 plurimrim,
528 3347 665 3418 parentes
690 3340 844 3400 remittere
868 3336 938 3397 filiis
954 3335 1030 3397 haue
1049 3335 1164 3418 obliga·

147 3426 278 3494 tionem,
291 3439 329 3481 nc
345 3421 399 3481 filii
411 3422 520 3483 iterium
536 3423 567 3482 in
581 3425 637 3484 Dei
647 3421 788 3485 oilensam
800 3424 962 3482 incatrrant.

188 3508 236 3564 55.
255 3505 285 3564 Si
299 3503 400 3563 contra
413 3505 592 3566 confitentur
607 3517 763 3586 parentes,
782 3506 1002 3586 interrogentur
1018 3507 1047 3566 l.
1060 3505 1091 3566 Si
1108 3525 1162 3567 nc·

152 3587 296 3667 gligentcs
314 3587 425 3646 lucrant
436 3588 470 3646 in
485 3588 554 3648 filiis
566 3591 724 3652 educandis
738 3636 748 3667 ,
761 3607 822 3652 nun
842 3588 971 3653 curando
992 3598 1028 3650 ut
1047 3589 1161 3653 doctri·
