2475 3975
136 112 194 173 tet
406 107 519 173 Prusia
532 108 713 191 eerrsetturii.
729 113 802 191 Cep.
816 112 846 171 9.

137 210 227 275 trimis
239 212 398 291 {rigeseent
414 212 506 273 nollet
525 210 562 273 ad
588 212 689 289 ignem
702 211 862 283 accedere,
881 209 952 289 qnia
975 211 1093 273 nulium
1107 212 1137 277 iu

135 312 167 357 se
179 298 332 377 experitur
349 297 488 359 calorem.
508 294 592 359 Unde
600 295 687 359 deret
697 298 737 357 P.
750 298 887 359 Grunutu
898 314 969 357 eum
983 294 1136 377 Cojetooo,

138 398 276 457 personas
297 382 515 461 pusillanimes,
535 398 602 459 qua
622 381 663 442 ob
680 381 911 443 immoderatum
927 382 1067 443 timorem
1080 399 1139 441 suo

137 464 321 545 indignitatis
336 467 577 529 eommunionem
600 466 772 539 omittunt‚‘
783 483 925 543 magnum
946 484 1001 529 suo
1018 466 1139 545 proprio

136 553 302 629 progressui
317 553 426 615 inferre
440 549 656 629 prejudicium.
671 552 775 628 Neque
788 549 825 609 ed
837 550 1056 629 prosequendos
1067 569 1140 612 eom-

137 637 303 709 muniooes‚
316 634 849 716 representantemsustineres,
858 645 994 715 oportet,
1003 636 1140 697 utanima

136 721 259 795 sentiat,
277 730 329 783 aut
344 719 450 800 aperte*
463 721 538 783 inse
553 719 700 782 discernet
709 728 903 799 augmentum
912 720 1058 797 fervoris,
1069 739 1140 800 qno·

137 799 222 865 niam¹
240 822 301 869 nou
319 805 389 867 rard
409 803 466 867 hoo
483 814 700 867 sacramentum
721 812 880 883 operatur,
893 803 1005 883 absque
1016 823 1052 867 eo
1064 802 1141 884 quid

138 908 191 949 uos
209 890 265 971 ipsi
292 892 574 953 animadvertemus.
588 891 622 951 S.
638 892 851 951 Booooertturo
876 889 977 967 inquit
992 890 1051 968 (De
1068 894 1142 953 Pro·

137 971 499 1057 [eotuiieiiptoa.e.78.).·
512 974 594 1037 teet
615 972 728 1055 tepide,
745 982 845 1035 tumen
866 972 1014 1054 oostfidens
1035 973 1072 1035 de
1088 974 1142 1034 uai-

138 1058 298 1124 serisseris
321 1061 381 1125 Dei
400 1058 582 1142 fiducialiter
597 1058 741 1131 mentes,
765 1058 840 1139 quia
857 1059 914 1139 qui
937 1078 969 1119 se
988 1058 1144 1141 ineptum

139 1154 277 1225 reputet,
298 1148 426 1225 cupitor,
448 1143 632 1224 prodeunte
659 1142 755 1224 stupis
776 1153 859 1225 opert
878 1143 1011 1219 medior,
1034 1147 1143 1227 quatuo

137 1228 261 1291 senserit
275 1247 306 1293 ae
318 1237 484 1311 oeprotumr
499 1246 592 1309 neque
604 1226 670 1293 ideo
690 1227 800 1309 puteris
824 1237 851 1289 te
863 1228 990 1311 propero
1012 1228 1142 1300 cereo,

138 1321 174 1373 ut
185 1320 219 1373 tu
234 1313 497 1396 eumsuuotipioes‚
517 1312 568 1377 aed
589 1321 626 1374 ut
647 1310 840 1393 mortificeris
857 1314 897 1377 od
910 1311 973 1377 iile.
993 1316 1033 1376 Et
1050 1326 1144 1393 posteo

138 1397 239 1461 subdit
263 1420 275 1458 ε
300 1401 403 1483 Neque
423 1396 674 1480 praeteruu’tteedo
696 1407 741 1460 est
772 1406 879 1461 roseto
896 1399 1090 1477 commuuio,
1117 1401 1145 1461 si

137 1482 315 1563 quaudoque
351 1502 413 1545 raon
440 1482 530 1545 sentit
554 1482 642 1545 demo
670 1480 825 1564 meuuiem
854 1482 1062 1559 devotionem,
1083 1485 1144 1547 edm

136 1584 167 1629 ee
187 1566 230 1628 od
255 1564 342 1629 stem
361 1586 535 1649 preparare
562 1566 698 1644 studeat,
720 1566 767 1629 oei
789 1568 825 1630 in
850 1568 919 1649 ipso
943 1571 1142 1653 perceptione,

136 1650 183 1715 oei
199 1652 269 1735 pust
287 1648 364 1733 forte
389 1652 490 1717 mindo
508 1652 646 1715 deuotum
667 1671 698 1715 se
720 1656 828 1732 metit,
844 1655 938 1734 quom
960 1650 1143 1733 vedetrrge

137 1738 214 1805 bene
232 1740 322 1801 sentit
331 1741 455 1801 Sanetus
468 1782 478 1815 ,
491 1737 573 1817 qudd
593 1740 648 1801 etsi
671 1740 771 1801 anima
791 1740 978 1819 experiretur
997 1743 1142 1804 minorem

135 1825 326 1889 devotionem
350 1832 417 1904 post
432 1833 597 1905 susceptam
612 1823 845 1899 Eucharistinm‚
860 1823 1070 1904 unimanus,
1091 1843 1142 1885 neo

137 1912 228 1973 etism
254 1910 360 1971 debest
391 1927 456 1971 eam
478 1910 628 1971 omittere.
652 1910 868 1988 Quapropter,
893 1907 1143 1988 quemadmodum

137 1995 256 2076 quando
265 1997 365 2058 enimn
379 1995 469 2056 sentit
482 2011 514 2055 se
535 1992 737 2072 maximopere
750 1995 789 2054 ad
804 1994 1046 2056 communionem
1061 1996 1143 2057 ineli-

138 2090 260 2156 nntam,
281 2080 402 2162 expedit
424 2079 588 2145 identidem
612 2095 679 2140 eam
698 2080 877 2142 mortifions
902 2081 1141 2143 communionem

136 2166 301 2230 differendo
323 2166 497 2246 (presertim
517 2166 541 2225 si
562 2164 751 2238 advertatur,
769 2164 851 2244 quod
870 2182 924 2244 per
944 2165 1029 2225 illam
1042 2162 1142 2242 prohi-

137 2249 717 2327 bitionemturbetnrphujusmodienim
729 2244 913 2313 contristatio
923 2258 968 2310 est
985 2267 1141 2327 argomen-

137 2346 201 2396 tnm
212 2335 379 2412 superbie,
394 2353 460 2410 qum
474 2352 541 2396 eam
554 2335 626 2394 vere
637 2334 735 2401 reddit
747 2333 912 2414 indignam)
924 2357 933 2411 ς
947 2336 989 2394 ita
1001 2351 1039 2392 ex
1050 2351 1142 2411 oppo-

137 2419 194 2480 sito
211 2416 330 2496 quando
348 2417 440 2478 sentit
458 2417 490 2480 iu
511 2435 543 2478 se
564 2417 754 2489 ariditatem,
767 2429 800 2480 et
817 2419 938 2480 tedium
947 2418 984 2478 ad
999 2417 1140 2480 Euchari-

137 2503 224 2564 stiem
245 2499 481 2580 suscipiendam,
500 2502 619 2580 expedit
639 2513 712 2565 tuno
731 2504 814 2565 illem
830 2503 936 2584 saepius
954 2503 993 2564 ad
1007 2520 1140 2566 eommu-

137 2588 258 2651 nionem
270 2585 442 2666 impellere,
461 2585 523 2648 otia
539 2598 722 2650 sacramento
733 2591 812 2650 vires
823 2590 965 2666 requirat.

174 2673 346 2736 Outinnm!
365 2671 528 2745 ouneludo,
545 2673 564 2734 ὁ
581 2675 698 2736 utinam
713 2682 745 2734 et
765 2675 798 2734 in
821 2673 934 2736 mundo
951 2673 1051 2752 piures
1074 2674 1140 2733 ani·

137 2777 193 2822 mae
213 2755 383 2836 hujusmodi
405 2757 616 2820 invenirentur
631 2758 747 2840 (qued
773 2760 927 2824 nonnullis
949 2759 1027 2820 uitri
1050 2758 1139 2837 quim

136 2843 276 2908 convenit
285 2840 426 2920 rigiditati
436 2841 580 2914 addictis,
594 2844 807 2917 irreverentes,
817 2852 847 2903 et
859 2843 1022 2904 temerariae
1034 2861 1140 2902 varen·

136 2929 218 3009 tur),
237 2947 303 3008 quse
321 2925 390 2988 odio
410 2923 550 2988 hebentes
572 2928 664 2990 etiam
687 2930 787 3007 culpas
799 2928 945 3000 leviores,
969 2933 1139 3005 expeterent

136 3015 374 3084 communicare,
398 3029 459 3074 non
482 3009 571 3075 modd
595 3014 785 3093 frequenter,
805 3013 965 3075 sedetiam
988 3012 1136 3091 quotidie,

136 3115 205 3158 oum
223 3117 296 3161 sero
309 3097 455 3160 desiderio
473 3115 506 3158 se
516 3099 714 3172 emendandi,
728 3106 760 3160 et
783 3099 816 3160 in
830 3098 934 3180 divino
949 3114 1051 3158 amore
1068 3114 1137 3175 pro·

136 3181 254 3242 deiendi
278 3203 286 3240 e
308 3184 333 3242 ni
357 3184 438 3244 enim
462 3181 519 3244 hoe
543 3193 640 3258 esset,
661 3184 750 3262 lenge
769 3185 836 3264 plns
854 3185 887 3245 in
915 3182 1028 3246 muodo
1053 3183 1137 3242 iesus

136 3261 268 3324 Christus
290 3265 473 3344 diligeretur.
492 3267 570 3330 Bene
592 3271 773 3349 experientis
793 3269 977 3332 demonstret
1002 3266 1138 3328 omnibus

135 3347 182 3408 his
194 3345 245 3427 qui
264 3345 487 3426 dirigendnrom
505 3353 672 3414 animarum
688 3372 798 3416 munus
811 3362 970 3429 exerrent,
988 3361 1023 3414 ut
1039 3360 1069 3411 et
1081 3367 1135 3429 ego

1217 3210 1218 3247 i

135 3438 272 3510 expertus
292 3447 379 3502 sum,
399 3435 483 3496 valde
499 3437 618 3512 quidem
642 3438 785 3517 proiioere
810 3456 950 3516 personas
970 3438 1053 3507 illas,
1070 3453 1135 3512 quer
1217 3432 1218 3495 j

135 3519 215 3570 recto
231 3529 299 3573 oum
319 3511 464 3575 desiderio
483 3519 520 3577 od
547 3523 787 3586 communionem
806 3524 970 3602 aeeedunt5
985 3532 1015 3582 et
1034 3521 1135 3580 Domi·
1217 3548 1218 3551 ¹
