2475 3975
333 228 377 287 Dc
391 226 550 308 perdentia
562 226 749 307 corrsessma'i,
762 236 813 289 etc.
1030 234 1083 293 tet
1114 308 1122 313 ,

16 353 17 359 “
92 348 150 389 nnn
160 328 339 407 obligatcnm
353 330 433 407 gravi
448 329 635 391 incommodo
649 328 725 408 (tib.
737 332 766 389 o.
780 350 812 390 n.
828 329 935 391 bibet
945 351 978 392 n.
994 334 1087 413 mo),-

90 414 243 474 durnmudo
260 413 453 474 confessarius
469 432 529 475 non
542 415 580 474 sit
598 414 663 491 ejus
680 414 843 492 parochus,
864 416 916 494 qui
935 426 1086 479 teneretur

14 542 15 545 η
89 514 218 577 reparare
229 515 318 577 greve
336 498 478 557 damnum
492 498 600 577 subditi
616 520 625 557 r
643 508 673 559 et
691 499 853 560 dummodo
866 501 1012 578 poenitens
1025 521 1085 563 non

14 586 15 633 ἒ
88 583 122 642 sit
148 582 179 641 in
199 584 301 643 mortis
319 582 469 660 periculo,
491 590 542 642 aut
556 584 587 643 in
609 585 740 664 periculo
768 583 895 663 amplius
910 602 970 644 non
993 586 1085 646 confi·

12 692 13 697 ¹
87 666 268 744 tendi‚quia
295 676 367 727 tanc
391 664 514 727 charitas
534 667 644 746 obligat
661 669 749 728 etiam
774 688 840 729 cum
866 670 948 749 gravi
972 670 1085 729 incom-

85 752 180 812 modo.
199 750 285 826 Quod
307 752 330 811 si
347 752 538 813 confessarius
561 754 592 813 in
612 752 669 814 boc
684 772 804 832 gravem
821 756 938 833 ctaipam
961 756 1085 815 commi·

83 836 170 905 ecrit,
191 845 263 896 tunc
296 854 410 914 semper
433 844 551 897 tenetur
578 841 667 897 ctiam
696 856 764 897 curn
791 840 873 917 gmvi
898 840 1085 901 incommodo

82 922 219 981 resarcire
244 939 377 981 crrorcm
399 923 440 999 (et
468 920 615 999 praecipue
643 923 668 979 si
691 922 813 998 reliquit
835 924 1026 1001 poenitentem
1052 925 1084 984 in

81 1006 175 1083 aliquo
202 1004 550 1083 occasione,proxima);
583 1006 639 1064 nisi
669 1007 815 1082 paenitens
847 1007 912 1065 aliis
938 1009 1085 1068 confessus

80 1108 138 1150 non
162 1090 271 1161 tuerit,
294 1097 347 1150 atrt
365 1090 468 1149 saitem
491 1106 603 1148 sacram
625 1089 838 1150 Eucharistiam
854 1092 1025 1169 susceperit.
1048 1094 1086 1151 ttt

79 1175 139 1234 sinc
155 1175 272 1234 licentia
289 1173 458 1251 poenitentis
471 1191 625 1251 nunquam
645 1174 758 1245 debet,
778 1192 875 1253 neque
899 1182 995 1253 potest
1020 1174 1084 1235 [ieri

79 1260 195 1337 pumicata
218 1261 343 1321 monitio
360 1268 441 1319 extra
460 1261 695 1337 contessionem3
721 1263 964 1340 quotiescumque
990 1272 1086 1339 posset

77 1345 119 1403 iili
133 1344 253 1423 aliquod
263 1344 368 1404 aiierre
380 1362 549 1421 gravamen.
568 1344 597 1402 Si
611 1345 685 1405 verb
700 1363 786 1406 error
804 1346 893 1404 suerit
902 1345 998 1407 soltim
1009 1348 1085 1407 circo

78 1429 278 1507 integritatem
302 1427 513 1498 consessionis,
543 1426 612 1505 nuti
644 1431 712 1506 qnia
740 1429 934 1507 poenitcntem
958 1450 1017 1491 non
1037 1434 1085 1493 in·

78 1514 273 1591 terrogavcrit
294 1512 332 1579 dc
349 1512 523 1591 speciebus,
547 1522 599 1571 aut
623 1531 749 1573 numero
771 1518 1085 1592 pcccatorum‚·etiom

11 1661 12 1665 ,
76 1616 145 1659 curn
169 1616 222 1657 sua
243 1598 352 1674 culpa3
385 1614 445 1657 non
470 1602 588 1657 tenetur
619 1599 811 1659 confessarius
839 1616 971 1660 errorem
998 1602 1084 1663 ilium

77 1682 237 1744 emendare
263 1691 345 1741 extra
369 1681 607 1753 contessionem,
638 1684 706 1759 quia
730 1686 763 1743 in
784 1682 840 1745 boc
863 1686 944 1745 adest
969 1704 1086 1766 semper

11 1828 12 1835 ,
76 1768 280 1828 erubescentia
299 1766 470 1844 paenitentis
482 1808 490 1838 ‚
504 1766 575 1825 dum
596 1768 676 1830 audit
694 1767 797 1828 rursus
820 1769 875 1828 sibi
894 1788 945 1828 sua
970 1782 1085 1849 peccota

11 1864 12 1873 ¹
75 1852 284 1912 rememorari.
299 1852 330 1910 Si
347 1850 418 1911 verb
435 1869 470 1909 ex
492 1869 544 1910 sua
562 1853 673 1911 matitia
684 1896 693 1921 ‚
705 1853 752 1911 vet
769 1853 932 1930 ignorantia
947 1856 1085 1934 culpabili

76 1936 222 1998 exemerit
245 1935 437 2014 poenitentcm
458 1934 473 1995 b
496 1936 708 2007 restitutione,
731 1945 780 1997 aut
804 1935 842 1998 ad
869 1938 951 2000 ittam
978 1939 1087 2017 injusti

76 2021 271 2100 obligaverit3
290 2029 361 2079 tunc
383 2029 500 2081 tenetur
520 2038 589 2080 cunr
618 2022 762 2092 monere,
792 2022 912 2083 obtenti
943 2024 1028 2100 prius
1049 2027 1086 2085 li·

76 2107 199 2182 ccntii3
221 2104 291 2166 oiibs
313 2113 431 2164 tenetur
460 2105 522 2182 ipse
551 2105 588 2164 ad
615 2108 844 2167 restitutionem.
870 2107 901 2165 Si
930 2118 1030 2166 autem
1054 2109 1087 2171 in

74 2195 133 2257 boe
155 2207 276 2274 gravent
296 2193 413 2270 culpam
433 2209 493 2252 non
516 2193 719 2261 commiserit,
741 2211 802 2252 non
826 2201 945 2252 tenetur
965 2194 1088 2257 mouere

75 2299 145 2342 curn
162 2280 246 2358 gravi
264 2296 318 2338 suo
336 2276 542 2352 incommod03
559 2275 666 2336 verbm
684 2278 708 2335 si
726 2277 837 2354 absque
862 2293 916 2338 suo
936 2280 1018 2357 gravi
1040 2282 1087 2342 in-

74 2363 232 2426 commodo
262 2371 357 2439 posset
384 2379 522 2440 reparare
540 2379 693 2430 errorem,
716 2371 747 2421 ct
771 2380 831 2424 non
852 2364 989 2437 iaceret,
1014 2376 1086 2430 ωηο

73 2453 166 2513 etiam
186 2457 303 2508 tenetur
318 2447 356 2506 ad
369 2447 595 2507 restitutionem.
611 2447 747 2526 Denique
764 2449 788 2507 si
802 2451 995 2512 confessarius
1011 2454 1089 2514 omi·

73 2535 151 2596 serit
172 2531 333 2594 admonere
356 2533 548 2610 poenitcntem
574 2531 612 2591 dc
641 2535 853 2606 restitutione,
879 2553 940 2594 non
968 2546 1086 2599 tenetur

74 2624 142 2701 ipsc
153 2619 309 2680 restituere
318 2661 326 2689 ‚
336 2617 469 2694 quamvis
479 2626 553 2676 esset
562 2616 705 2695 parochus
715 2661 724 2687 ‚
734 2628 764 2676 ct
773 2620 886 2678 etiamsi
901 2639 1019 2694 gratem
1026 2623 1088 2683 cul·

76 2722 150 2786 pam
175 2705 208 2762 in
236 2701 515 2773 boecommisissct.
528 2702 604 2760 Vide
624 2701 748 2760 Librum
769 2697 810 2780 (l.
835 2721 860 2763 c.
888 2721 919 2761 n.
942 2705 1033 2781 orti)
1057 2707 1088 2766 in

8 2835 9 2875 q
74 2808 139 2869 quo
164 2778 290 2848 discussa
309 2794 380 2846 sunt
403 2783 466 2848 baec
486 2787 585 2846 omnia
609 2802 677 2846 cum
696 2786 757 2846 suis
777 2787 962 2861 rationibus,
982 2797 1013 2848 et
1034 2807 1087 2850 ou·
1107 2802 1110 2805 ·

72 2872 263 2935 ctoritatibus
276 2871 342 2932 DD.

117 2961 193 3019 ttt.-
209 2961 261 3018 tu.
283 2958 376 3018 Debet
390 2975 507 3038 quoque
529 2960 721 3021 confessarius
735 2979 800 3022 csse
819 2958 936 3021 snmmb
955 2961 1087 3039 prudens

74 3048 108 3106 in
119 3042 416 3116 eustodiendosigilto
430 3047 642 3108 sacramentali.
654 3048 719 3106 iam
734 3055 838 3106 notram
850 3053 880 3104 et
892 3053 1007 3105 certum
1023 3053 1084 3119 est,

6 3181 7 3184 ,
76 3129 160 3209 qubd
189 3128 380 3188 confessarius
407 3147 569 3206 numquam
594 3140 690 3206 potest
713 3131 795 3207 loqui
821 3129 860 3189 de
891 3129 928 3188 iis
955 3149 1022 3207 quac
1053 3132 1086 3194 in

5 3243 7 3294 g
75 3214 260 3276 consessione
280 3212 414 3284 audivit,
431 3216 548 3292 quotics
560 3215 642 3275 adest
661 3216 826 3294 perieulum
842 3215 1029 3276 revetationis
1046 3217 1087 3278 si-

5 3343 6 3354 t
76 3300 142 3377 gitti
163 3295 287 3377 (directe
308 3296 355 3356 vel
374 3298 548 3377 indirecte),
574 3309 626 3358 aut
646 3297 823 3377 gravaminis
849 3300 1039 3378 poenitcntis3
1058 3310 1089 3362 et

5 3377 7 3438 t
75 3388 133 3448 boc
151 3384 247 3444 currit
270 3382 385 3442 etiamsi
399 3384 604 3448 tantummodo
627 3383 764 3454 dubitet,
786 3391 888 3444 utrum
913 3403 946 3446 ca
963 3386 995 3445 in
1018 3403 1089 3445 con·

5 3491 7 3548 t
75 3470 206 3532 t'essione
224 3467 371 3538 audierit,
389 3468 436 3528 vei
460 3487 544 3538 nen,
568 3477 621 3528 aut
641 3469 673 3528 iu
695 3467 800 3528 ordine
818 3468 856 3528 ad
878 3470 1088 3529 contessionem

5 3557 7 3596 i
77 3553 156 3635 (tto.
180 3553 211 3612 6.
229 3569 261 3612 u.
275 3552 369 3629 tob).
386 3553 598 3612 Verumtamen
619 3569 680 3611 non
704 3551 877 3630 prohibetur
899 3550 1089 3610 confessarius

6 3631 7 3670 ³
78 3635 275 3701 sermocinari
289 3636 478 3715 (generaliter
493 3634 655 3725 loquendo)
669 3635 707 3697 dc
723 3637 822 3715 aliquo
834 3642 952 3714 peccato
968 3634 999 3691 in
1019 3650 1090 3691 con·
