2475 3975
140 196 178 257 68
424 188 536 256 Prosit
548 187 732 271 cotrl'essorii.
751 187 825 267 Cop.
843 189 875 250 b.

142 294 276 357 habitum
291 294 487 377 extirpordrc.
508 292 608 371 Aliqui
628 293 770 354 ductores
784 292 837 369 qui
858 308 913 371 per
930 292 1023 353 solam
1044 292 1160 373 rigoris

142 380 220 438 viam
240 380 379 441 ridentur
398 380 474 441 velle
490 379 603 438 animas
625 376 718 437 salvas
739 376 835 435 iacere
846 420 858 452 ,
883 376 987 437 dicunt
1005 377 1160 439 recidivus

141 461 255 543 pejores
271 464 353 536 fieri,
363 463 432 525 ciam
450 472 519 523 ante
535 460 774 523 emendationem
793 458 1000 521 absolvuntur.
1014 460 1071 526 Sed
1090 462 1159 541 ipse

141 549 216 607 scire
235 549 342 608 vellem
361 547 397 607 ab
410 546 456 607 bis
468 546 615 624 magistris
634 544 728 617 meis,
749 561 786 603 au
804 561 907 605 omnes
926 544 1049 607 recidivi
1062 588 1071 616 ,
1084 542 1158 605 caim

141 634 205 692 sinc
233 632 417 693 absolutione
444 630 639 691 dimittuntur
667 636 801 689 carentes
827 629 922 707 gratid
951 634 1156 705 sacramenti,

142 734 243 776 omnes
263 716 388 775 evadant
406 714 562 785 fortiores,
580 723 611 773 et
633 730 737 775 omnes
763 713 972 773 emendentur.
997 715 1077 787 Quot
1097 732 1156 793 ego

143 802 264 861 miseros
278 800 346 861 novi
360 801 393 860 iu
412 798 551 860 exercitio
571 798 767 873 blissiouum,
785 798 839 875 qui
855 796 969 857 dimissi
982 798 1046 859 siue
1067 799 1157 859 abso-

142 883 256 945 lutione
265 930 274 957 ,
284 884 365 944 vitiis
377 893 408 945 et
420 882 616 962 desperationi
631 900 663 943 se
672 880 860 959 abjecerunt,
874 890 905 942 et
928 899 982 959 per
1004 884 1155 961 plurimos

141 987 234 1030 annos
259 970 425 1031 omiserunt
441 966 591 1029 confiteri!
608 964 754 1027 Caetcrirm
768 974 870 1045 repeto
889 985 898 1025 r
917 968 1042 1045 quisque
1063 987 1096 1028 se
1108 970 1157 1030 di·

142 1056 239 1131 rigere
261 1056 349 1117 debet
366 1055 451 1134 juxta
472 1053 574 1114 lumen
596 1070 656 1129 quo
672 1052 800 1113 donatur
824 1050 841 1113 i
867 1052 941 1113 Deo.
962 1052 1024 1114 lioe
1037 1065 1159 1118 certum

143 1152 211 1210 est,
228 1140 308 1219 quaid
327 1143 359 1199 in
382 1139 437 1197 bac
455 1138 577 1196 materia
592 1144 654 1196 tam
672 1145 774 1195 errant
789 1137 811 1198 ii
835 1137 887 1216 qui
907 1134 974 1215 plds
984 1136 1067 1215 justo
1081 1152 1155 1201 suut

143 1225 263 1295 faciles,
286 1222 375 1302 quim
395 1222 417 1283 ii
438 1222 490 1299 qui
515 1230 585 1281 sunt
604 1219 738 1280 difficiles
757 1220 796 1281 ad
820 1220 1043 1283 absolvendum.
1066 1224 1156 1286 ttutti

144 1307 264 1385 quidem
276 1316 400 1386 propter
419 1305 543 1370 nimiam
555 1305 725 1367 facilitatem
738 1314 808 1365 sunt
825 1306 858 1366 in
880 1325 983 1378 causa,
1004 1306 1088 1386 qubd
1110 1318 1156 1370 tot

144 1392 250 1453 animae
271 1394 433 1470 perdantur
448 1392 490 1473 (et
510 1391 609 1477 negari
633 1409 693 1453 nou
708 1398 805 1469 potest
826 1390 908 1470 qudd
928 1392 976 1452 isti
997 1392 1030 1452 in
1046 1389 1157 1471 maiori

144 1478 204 1538 sint
231 1496 382 1551 numero,
414 1487 445 1538 et
467 1476 563 1553 majus
586 1475 732 1536 damnum
759 1474 905 1548 afferant,
931 1474 1004 1537 dium
1028 1477 1095 1537 istis
1123 1480 1156 1539 in

144 1560 250 1640 majori
273 1580 398 1624 numero
416 1560 558 1623 accedunt
574 1553 738 1641 peccatores
763 1558 944 1639 habituati);
965 1561 1017 1622 sed
1039 1563 1091 1624 alii
1116 1565 1158 1625 ob

145 1648 272 1707 nimium
287 1649 418 1726 rigorem
436 1647 525 1706 etiam
539 1663 647 1723 magno
665 1652 734 1705 sunt
744 1643 854 1706 damno
867 1647 1036 1707 animarum
1052 1650 1155 1711 saluti.

145 1736 181 1794 lit
194 1734 290 1794 nescio
302 1776 311 1806 ,
324 1750 362 1791 an
380 1730 570 1792 confessarius
586 1730 692 1790 debeat
713 1726 831 1789 tantiam
845 1730 902 1791 sibi
915 1733 1091 1809 scrupulum
1109 1737 1157 1795 in-

142 1816 255 1895 jicere,
279 1817 398 1895 quaudo
411 1815 536 1876 absolvit
558 1814 764 1894 indispositos‚
787 1821 818 1873 et
839 1832 900 1874 uon
921 1815 1011 1879 etiam
1035 1820 1156 1895 quando

145 1904 300 1985 dispositos
317 1904 381 1964 siue
402 1902 586 1962 absolutione
610 1900 744 1961 dimittit.
761 1900 910 1961 Concludo
930 1899 998 1976 hic,
1018 1913 1050 1964 ct
1062 1904 1153 1967 dico:

145 1993 212 2054 lion
231 2009 306 2070 nego
320 1989 401 2070 qudd
419 1988 577 2067 aliquando
597 1986 674 2048 benai
694 1985 831 2065 prodesse
847 1989 939 2066 possit
954 1989 1086 2050 recidivo
1109 1994 1156 2052 di-

145 2077 255 2157 sposito
268 2075 370 2137 dilatio
388 2073 589 2135 absolutionis.
614 2073 687 2132 Dico
709 2071 838 2132 secundi)
858 2093 867 2130 z
885 2090 1002 2152 semper
1018 2075 1156 2152 proderit

144 2161 225 2241 qudd
247 2159 437 2228 conlcssarius
459 2155 629 2240 hujusmodi
645 2155 789 2218 recidivas
805 2154 934 2228 terreat,
961 2159 1155 2238 ostendatque

146 2249 295 2309 aesimon
320 2253 418 2325 posset
433 2261 482 2306 eos
508 2243 671 2304 absolvere.
692 2241 765 2301 Dico
786 2239 902 2302 tertid:
929 2239 1088 2303 Ordiuaric
1110 2245 1155 2306 lo-

144 2329 281 2408 quendo,
302 2330 438 2398 recidivis
460 2345 496 2386 ex
521 2327 680 2404 fragilitate
699 2325 876 2396 intrinseca,
902 2334 933 2386 ct
953 2344 1009 2404 pec
1033 2327 1155 2406 siguum

144 2413 411 2482 extraordinarium
429 2411 494 2489 jam
518 2411 690 2488 dispositis,
708 2411 800 2490 magis
823 2412 1015 2472 absolutionis
1040 2413 1156 2476 benoli-

144 2501 222 2560 cium
235 2498 388 2576 proderit,
406 2496 496 2576 quim
518 2496 632 2556 dilatio.
647 2495 767 2556 Utinam
779 2504 809 2556 et
820 2497 988 2557 confessarii
1007 2499 1155 2563 recidivus

143 2583 327 2653 absolverent
349 2581 413 2644 tum
429 2579 525 2642 saltim
545 2578 612 2642 crim
643 2582 725 2660 signa
747 2581 978 2642 extraordinaria
997 2582 1150 2645 afferunt!

145 2669 180 2729 ld
197 2669 276 2746 quod
296 2667 459 2747 lugendum
484 2675 528 2727 est
547 2687 556 2743 3
578 2665 658 2745 qudd
680 2663 795 2742 major,
821 2684 859 2725 ue
878 2666 973 2727 dicam
998 2669 1126 2730 maxima
1143 2715 1152 2744 ,

145 2753 386 2814 confessariorum
407 2770 475 2830 pars
501 2752 708 2814 universaliter
732 2750 877 2811 recidivus
901 2751 1060 2812 absolvunt
1089 2755 1154 2814 siue

145 2837 353 2910 distinctione,
372 2837 436 2898 sine
456 2837 539 2916 signo
559 2835 816 2906 extraordinario,
836 2838 901 2896 siue
925 2835 1153 2907 admonitione,

144 2933 174 2983 ct
188 2924 252 2984 sine
264 2924 363 3002 aliquo
382 2923 486 2984 saltem
507 2922 639 2984 remedio
654 2921 784 3000 praestito
799 2920 836 2980 ad
852 2921 1111 3000 emendationem3
1125 2932 1155 2984 ct

145 3004 215 3068 hinc
230 3007 300 3069 veri>
316 3007 470 3086 procedit,
493 3025 562 3067 nam
578 3005 641 3084 jam
663 3004 700 3065 ab
718 3004 902 3067 absolvendis
924 3005 1093 3086 dispositis,
1110 3015 1153 3069 tot

146 3093 492 3153 animacumuuiversalis
504 3091 659 3170 pernicies.

184 3176 234 3235 78.
257 3177 317 3236 lloe
341 3187 440 3238 tomen
461 3177 541 3256 quod
565 3175 761 3250 dictumest,
784 3175 982 3237 communiter
1002 3175 1153 3254 loquendo

145 3259 183 3320 tle
196 3256 373 3332 habitualis,
392 3272 422 3322 et
439 3260 593 3330 recidivis,
616 3278 678 3320 non
699 3259 833 3339 procedit
849 3260 912 3338 jam
935 3261 1013 3320 circa
1030 3261 1154 3322 initian·

145 3345 198 3406 dos
215 3343 248 3403 in
267 3343 354 3403 saeris
374 3345 528 3406 ordinibus
547 3343 714 3405 habituatos
727 3345 759 3406 in
778 3345 877 3424 aliquo
891 3345 964 3404 vitio
976 3344 1152 3422 (praesertim

145 3430 178 3488 iu
203 3437 320 3505 peceato
343 3427 452 3506 turpi),
475 3432 550 3490 circa
570 3429 624 3490 hos
648 3431 728 3489 enim
749 3430 807 3489 alia
829 3429 923 3488 currit
938 3431 1026 3489 ratio.
1049 3429 1152 3490 Laicus

146 3509 314 3569 habituatus
335 3510 446 3568 absolvi
464 3520 561 3586 potest
573 3557 581 3583 ‚
594 3531 711 3591 semper
726 3531 759 3573 ae
772 3521 816 3573 est
835 3513 993 3590 dispositus
1011 3513 1048 3573 ad
1062 3515 1151 3574 susci-

147 3589 291 3664 piendum
311 3601 525 3651 sacramentum
546 3597 743 3672 pocnitcutiae,
757 3597 809 3656 scd
828 3595 1010 3656 ordinandus
1023 3595 1152 3658 habitua-
