2475 3975
170 142 228 205 m
435 135 548 201 erasa
568 135 752 218 osmunt
768 134 905 217 11111.

466 334 506 398 11.
523 330 608 397 Circo
619 329 863 397 mnasonem.

207 582 275 644 aot.
297 516 478 652 Securum
493 578 675 641 adnotantur
691 578 813 641 monita.
833 580 859 641 l.
879 578 921 640 Ut
944 577 1064 639 infirmo
1078 576 1157 637 viati.

168 682 235 727 cum
258 666 418 727 ministrari
440 662 533 743 possit
559 679 675 723 necesse
702 679 763 723 non
786 671 855 737 est,
877 668 914 723 ut
934 664 1017 723 omni
1034 664 1098 724 vite
1116 676 1157 737 spo
1211 717 1212 720 ,

167 749 323 811 destitutus
339 748 398 822 ait,
415 750 466 811 sed
490 746 598 809 sufficit
617 747 723 809 mortis
742 748 931 827 periculum,
952 744 976 807 l.
996 750 1026 812 t.
1048 767 1080 809 a.
1099 747 1154 807 ast.
1211 747 1212 762 ¹

166 836 205 895 ΙΙ.
222 835 252 895 Si
272 833 402 896 vomitus
420 833 587 915 perieulum
603 832 699 905 adsit,
715 833 863 916 viaticum
880 833 950 895 dari
970 850 1032 897 non
1055 839 1154 911 potest,
1211 829 1212 858 ³

165 918 236 982 licet
257 922 456 1001 promittatur
478 919 660 999 experientia
675 936 745 982 curu
763 918 908 997 parturio
917 937 979 981 non
991 924 1156 988 consecratu
1211 945 1212 950 κ

164 1024 196 1067 n.
219 1008 288 1069 292.
308 1024 339 1068 o.
365 1007 406 1069 ln
430 1004 530 1069 tutto.
552 1006 606 1067 ΙΙΙ.
628 1004 732 1065 Pueris
747 1006 863 1067 ratione
884 1002 1063 1084 pollentibus
1082 1001 1155 1064 ctiam

164 1090 223 1153 riti
239 1092 387 1154 viaticum
410 1090 473 1151 dari
496 1096 617 1168 potestp
643 1106 758 1151 necnon
780 1088 990 1167 phreneticis,
1012 1080 1155 1149 dummodo

163 1176 262 1237 sanet
281 1176 389 1237 vixisse
411 1181 524 1235 constet
537 1215 546 1245 ,
559 1180 611 1233 aut
630 1172 720 1251 paulo
742 1173 812 1233 antio
835 1174 965 1236 confessi
985 1173 1065 1247 sint,
1080 1177 1155 1245 etpe
1211 1221 1212 1266 3

162 1262 291 1323 riculum
310 1258 511 1321 irreverentioe
530 1274 592 1319 non
617 1258 694 1318 adsit
711 1278 721 1318 1
742 1257 869 1337 ideoque
891 1278 966 1321 cum
984 1256 1047 1319 istis
1064 1254 1155 1337 prolia·

163 1343 264 1405 lriliter
293 1346 408 1407 licitum
437 1351 482 1405 est
500 1342 718 1421 experiricmn
737 1345 883 1424 particula
906 1363 970 1408 non
996 1345 1153 1403 consecrata.

164 1428 216 1489 tv.
229 1428 361 1491 infirmis
375 1430 464 1489 ctiam
486 1428 518 1489 in
539 1429 716 1499 Parascevc,
740 1438 776 1488 ut
796 1426 979 1492 liabetur-ex
996 1428 1028 1486 S.
1048 1424 1153 1483 Rituum
1211 1483 1212 1486 Ἴ

161 1514 404 1593 congregationis
414 1514 533 1575 decreto
542 1512 984 1585 annoltittcditmviaticum
993 1508 1152 1573 ministrare,
1211 1559 1212 1598 ἰ

162 1613 222 1657 non
239 1596 357 1659 tantum
369 1598 462 1669 lieet,
482 1595 532 1657 sed
554 1595 591 1655 ad
612 1594 671 1657 lroo
693 1596 814 1675 parochi
831 1606 985 1659 tenentur.

201 1685 269 1745 266.
288 1683 328 1744 V.
348 1680 521 1743 Communis
541 1680 688 1742 sententia
705 1690 805 1759 tonet,
821 1681 949 1761 quodie
966 1678 1065 1743 eadem
1082 1670 1152 1734 infir·

161 1769 262 1830 mitate
273 1772 384 1847 egroto
393 1762 566 1844 nonjeiuno
580 1765 692 1842 plurios
701 1765 850 1827 viaticum
865 1766 932 1827 dari
943 1764 1033 1845 pessit
1043 1784 1054 1838 3
1065 1758 1151 1819 saltem
1211 1765 1213 1860 J

159 1854 185 1914 oi
199 1853 315 1917 intersit
335 1868 386 1913 sex
404 1850 452 1911 vel
471 1859 537 1913 outo
554 1850 675 1913 dierum
690 1852 819 1930 spatium
832 1872 842 1930 3
853 1850 917 1913 imo
928 1848 1017 1912 multi
1031 1848 1152 1932 Doctores⁸

160 1939 263 2000 minus
280 1936 424 2017 temporit
443 1937 591 2002 intervelli
610 1935 753 2016 exigunt,
776 1934 842 1998 aida
858 1956 891 1998 11.
915 1938 987 2000 ast.
1007 1940 1036 1994 et
1050 1928 1110 1992 att.
1125 1924 1149 1980 81

1211 1867 1213 1993 Ι

160 2033 261 2086 tomen
276 2032 404 2104 egrotus
426 2020 514 2084 mano
536 2041 572 2084 ex
593 2041 646 2084 sua
665 2023 823 2085 devotione
837 2017 1084 2086 communicavit,
1100 2023 1150 2072 non
1211 1996 1212 2083 l

159 2120 257 2189 potest
271 2127 306 2172 eo
327 2110 453 2189 ipsomet
475 2107 523 2170 die
542 2108 689 2170 viaticum
705 2108 769 2170 duri
782 2152 791 2182 ,
804 2108 863 2168 nisi
882 2117 984 2170 tamen
1002 2099 1097 2167 mortis
1111 2109 1150 2172 Pi*

158 2194 289 2257 riculum
313 2211 351 2256 ex
375 2194 476 2272 aliquo
501 2194 721 2274 supervenienti
747 2194 853 2255 morbo
877 2195 1030 2261 violento,
1056 2191 1149 2254 nemie

158 2280 312 2351 vulneris,
332 2279 459 2351 veneni,
472 2279 596 2342 essisset
608 2263 712 2342 similis
725 2278 887 2340 advenerit.
901 2277 991 2340 Sociis
1002 2274 1027 2335 si
1038 2273 1149 2347 aegrotus

155 2363 193 2422 in
208 2362 382 2422 infirmitate
395 2359 458 2436 311111
480 2365 659 2430 constitutus.
669 2363 756 2431 mont
771 2363 999 2432 communicavit
1009 2381 1020 2440 ς
1032 2351 1092 2418 oldt
1104 2362 1147 2407 st·

158 2443 267 2506 tionem
283 2443 332 2504 oli.
349 2461 382 2502 to.
403 2445 471 2504 att.
496 2444 576 2506 Dat.
592 2447 623 2505 5.

195 2529 332 2590 111111.
351 2526 381 2590 Si
403 2535 502 2590 tamon
521 2529 661 2590 infirmus
675 2529 792 2592 tantiam
816 2535 964 2597 consessus
979 2532 1035 2599 sit,
1048 2530 1077 2586 θῑ
1093 2532 1146 2577 ”¹⁸⁶

1211 2286 1213 2421 l

156 2616 220 2676 lum
238 2614 428 2678 increbrescit
442 2622 535 2688 ,tunc
544 2614 678 2678 sacerdos
695 2633 765 2677 eum
781 2657 791 2690 ,
807 2625 843 2678 ut
863 2619 975 2699 quanti>
993 2600 1146 2698 1111111111
1162 2615 1165 2622 '
1211 2600 1212 2663 l

157 2701 250 2762 ticum
265 2702 388 2779 occipiat
399 2743 409 2776 ,
421 2699 524 2762 sedulo
536 2701 693 2779 disponat,
716 2710 752 2762 ut
770 2703 841 2782 sant
863 2716 986 2775 mento,
1005 2706 1033 2759 et
1052 2698 1144 2779 1111110,ΓΙ
1211 2690 1212 2753 ¹

155 2787 254 2848 lructu
271 2785 416 2863 recipiat3
436 2783 563 2864 ideoque
582 2785 761 2848 desiderium
782 2788 943 2867 recipiendi
960 2783 1097 2849 viaticum
1116 2782 1143 2826 111

155 2872 290 2932 animum
313 2869 455 2930 inducere
473 2878 582 2944 curet,
606 2880 642 2932 ut
667 2873 709 2933 ita
730 2872 865 2934 munitus
884 2868 1024 2937 daemonis
1047 2854 1142 2921 viribus

155 2955 262 3033 majori
284 2956 355 3018 nixu
383 2963 414 3016 et
433 2955 527 3034 gratit
556 2956 674 3017 obstare
695 2957 806 3036 possit,
830 2964 922 3034 utque
942 2957 1011 3020 lesu
1033 2942 1141 3009 Redem-
1211 2976 1213 2985 ‚

154 3042 213 3100 tori
234 3053 336 3104 nostro
356 3042 494 3120 mugisse
520 3041 625 3119 uuiat3
646 3041 788 3121 quicum
809 3041 937 3111 invisere
959 3036 1038 3119 cupit
1055 3015 1139 3104 (dicat)

154 3130 189 3182 ut
207 3143 272 3186 suas
298 3127 389 3206 possit
404 3129 435 3193 in
453 3145 486 3190 se
503 3129 611 3207 gratias
633 3129 805 3202 effundere,
830 3135 860 3190 et
885 3127 923 3190 ad
942 3124 1139 3205 eoelcstomvv

154 3207 241 3270 triam
260 3209 343 3272 brevi
363 3211 544 3290 perduceret
559 3214 605 3274 sin
620 3223 743 3288 nutem,
765 3223 799 3273 ut
820 3213 845 3275 si
866 3207 1044 3290 expedierit,
1063 3202 1138 3292 ctiam

154 3293 285 3367 eorporis
296 3295 421 3356 salutem
432 3297 629 3376 impertiatur.
646 3300 678 3362 S.
694 3295 823 3378 cyrillus
834 3294 995 3366 Alexandr.
1007 3270 1139 3358 altill¹¹⁰d

152 3382 250 3436 sancta
264 3374 441 3436 Eucharistia
456 3381 545 3442 ctione
562 3380 678 3444 inorbos
699 3377 818 3460 depellit
828 3389 857 3443 ot
873 3390 997 3464 egrotos
1008 3371 1097 3438 satal-
1107 3357 1136 3417 El

151 3456 189 3512 de
208 3464 323 3516 suomet
338 3465 422 3530 patre
434 3463 465 3520 S.
482 3466 602 3544 Gropor.
617 3466 772 3526 Nozions.
792 3451 1136 3548 111111,1111131111111111διο

152 3536 395 3600 communionem
411 3547 544 3628 accepit,
567 3550 727 3617 convaluit.
