2475 3975
115 151 175 215 258
356 147 495 208 Errantes
511 138 758 206 ordbeandoram.
771 138 845 220 Cap.
864 137 891 196 5.

117 260 188 314 rutae
205 249 300 330 suprcl
318 265 405 309 anm.
416 248 467 308 ln.
483 244 630 306 inducunt
644 235 764 301 cantum
788 233 1021 316 suspensionem
1040 231 1137 312 (Papa

117 334 239 414 quidem
254 341 453 406 mercatam,
474 330 499 390 si
512 336 557 388 est
569 323 712 406 publica),
725 321 776 383 sed
790 340 850 382 noo
864 319 1137 397 irregularitatem.

118 420 155 478 lit
169 417 249 478 idem
268 416 461 496 probabiliter
479 412 639 474 dicendum
661 409 700 470 dc
723 426 759 469 eo
783 407 835 486 qui
853 404 986 468 censuri
1003 402 1138 464 irretitus

118 518 234 562 sacrum
253 503 359 579 accipit
371 497 525 569 ordinem,
547 496 610 556 scil.
637 492 717 572 qubd
737 511 797 553 non
812 490 864 552 fiat
882 488 1065 563 irregularis
1082 483 1138 546 nisi

119 585 226 664 inipso
245 585 431 646 ordinatione
442 581 580 642 ordinem
593 577 676 640 ultrb
687 583 820 638 exerceat
831 619 839 647 ,
851 574 937 652 juxta
950 571 1082 634 dicenda
1092 567 1139 629 bic

120 687 153 729 rt.
167 671 217 729 bl.
232 670 269 730 V.
280 669 325 730 Ob
339 667 603 728 enormiacrimina
610 710 621 741 ,
634 665 657 724 si
671 664 730 724 sint
741 659 857 739 publica
870 669 901 719 ct
914 657 1040 719 notoria
1052 657 1140 725 facto,

120 753 168 813 rel
186 752 275 829 jure,
298 752 483 830 habeantque
507 749 525 811 b
549 749 618 827 jure
646 763 791 808 annexam
807 743 990 813 infamiam,
1010 751 1046 802 ut
1072 747 1141 800 sunt

119 837 316 909 adulterium,
339 838 485 912 incestus,
506 835 661 904 sodomia,
679 830 848 912 perjurium
864 829 893 888 in
911 827 1037 907 judicio
1047 871 1061 906 ‚v
1081 825 1141 886 bee-¹

120 921 213 993 retis,
236 922 362 983 simonia
378 922 524 1000 ,rapina,
545 917 744 990 lenocinium,
766 914 941 977 exercitium
958 927 1142 979 usurarum,

120 1008 415 1084 raptutuutterum,
429 1014 460 1068 et
471 1006 592 1067 similia.
611 1006 679 1069 llaee
698 1012 798 1064 autem
816 997 1047 1077 irregularitas,
1060 994 1088 1056 si
1099 1001 1143 1052 est

116 1093 190 1154 iacti
202 1138 211 1168 ,
223 1096 341 1154 tollitur
354 1113 412 1173 per
431 1095 691 1166 emendationem
710 1091 735 1150 si
755 1089 849 1167 juris,
864 1103 919 1164 por
937 1082 1143 1164 dispensatio-

123 1195 212 1253 nem,
223 1179 292 1239 ride
302 1177 351 1239 tit.
364 1179 394 1238 7.
408 1195 442 1237 a.
454 1178 548 1254 564).
558 1179 608 1237 vt.
617 1179 658 1236 Ex
669 1175 776 1250 injusta
790 1169 1004 1244 mutilatione,
1018 1176 1050 1230 et
1060 1163 1143 1226 tantis

123 1262 216 1341 magis
231 1281 267 1322 ex
290 1262 450 1324 homicidio
462 1262 646 1330 voluntario,
660 1279 697 1322 ex
714 1277 779 1341 cop.
792 1256 827 1320 Si
837 1256 916 1338 qais.
930 1258 962 1318 ’1.
983 1253 1021 1318 dc
1033 1251 1142 1316 larmir.

123 1347 165 1406 t't
180 1364 217 1405 ee
240 1345 378 1408 Cietaent.
398 1366 452 1408 aa.
469 1346 533 1409 eod.
551 1350 597 1407 tit.
622 1347 749 1424 Haecque
773 1341 976 1422 irregularitas
1004 1336 1143 1400 extendis
1223 1359 1224 1364 ¹

123 1436 174 1490 tur
196 1431 288 1494 etiam
315 1433 352 1493 ad
374 1433 566 1508 mandantes,
597 1433 801 1502 consulentes,
821 1436 872 1488 unt
896 1427 984 1488 aliter
1014 1439 1144 1486 concur·

123 1525 240 1590 rentes,
251 1535 286 1578 ex
297 1537 363 1597 cap.
375 1521 410 1579 Si
421 1518 562 1593 viduum,
573 1516 643 1578 dist.
658 1519 707 1578 58.
721 1516 796 1576 Vidc
808 1515 865 1574 alia
878 1531 969 1590 super
984 1511 1047 1574 hoe
1063 1526 1143 1590 puu-

123 1610 170 1660 cto
179 1596 201 1660 l.
218 1620 245 1660 c.
259 1621 291 1661 n.
304 1604 371 1661 565.
384 1610 478 1681 etseq.

161 1686 211 1746 89.
224 1716 264 1729 -
277 1687 509 1764 lrregnlaritates
533 1696 632 1748 autem
652 1703 688 1745 ex
711 1681 825 1764 delectu
845 1691 916 1744 sunl
932 1691 999 1745 octo
1022 1705 1032 1742 s
1062 1682 1088 1741 l.
1105 1694 1142 1740 ex

124 1770 238 1833 deiectu
257 1771 388 1842 anianae,
402 1790 437 1832 cx
463 1791 524 1850 quo
544 1773 719 1850 irregulares
738 1780 810 1832 suut
829 1772 858 1830 l.
873 1777 1029 1842 amentes,
1047 1765 1141 1845 plure-

124 1856 232 1928 nctici,
257 1866 287 1920 cl
307 1858 467 1936 epileptici.
485 1861 516 1918 2.
532 1855 796 1934 Illitte1²ati„juxta
814 1855 896 1918 dieta.
913 1852 961 1916 hic
983 1873 1015 1916 n.
1033 1855 1084 1914 55.
1109 1850 1138 1910 5.

123 1940 296 2023 Neophyti,
313 1961 365 2005 scu
389 1950 523 2005 recenter
545 1941 691 2021 conuersi.
718 1943 759 2013 ll.
780 1941 823 2001 lix
842 1940 957 2001 delectu
979 1935 1140 2017 corporis,

124 2046 232 2107 nempe
257 2030 282 2089 si
300 2030 368 2107 quis
381 2027 471 2087 habet
493 2027 621 2106 vitium,
648 2024 729 2103 quod
749 2026 799 2097 vel
815 2024 941 2101 impedit
964 2038 1140 2097 conglutino

124 2115 297 2175 exercitium
324 2112 462 2184 ordinis,
484 2112 533 2173 rel
557 2109 721 2173 notabilem
746 2108 832 2181 affert
853 2106 1064 2173 indecentiam.
1091 2106 1139 2167 Ex

124 2201 224 2281 primo
236 2203 331 2280 capite
342 2197 543 2282 impediamini
553 2207 623 2259 sunt
637 2197 813 2276 irregulares
826 2196 915 2269 caeci„
927 2193 1028 2265 surdi,
1041 2192 1137 2263 muti,

124 2296 255 2346 carentes
266 2306 356 2346 mauu
369 2330 378 2359 ,
392 2294 443 2345 aut
461 2285 561 2364 digitis
574 2284 731 2357 omnibuS,
754 2282 944 2363 aut-pollice,
964 2281 1012 2342 vel
1023 2280 1135 2349 indice.

125 2373 167 2433 Ex
180 2370 309 2431 seeundo
321 2379 422 2430 autem
432 2372 527 2445 capite
536 2369 735 2448 deformitatis
744 2380 813 2431 sont
825 2369 1000 2447 irregulares
1011 2366 1134 2444 leprosi,

124 2464 255 2516 carentes
273 2470 367 2520 nuso,
386 2461 418 2511 et·
434 2454 523 2510 aliter
540 2456 743 2523 monstruosi„
769 2452 840 2532 puli
857 2453 1000 2516 habentes
1014 2454 1137 2531 gibbam

76 2569 79 2573 ι
124 2539 208 2598 valde
220 2553 395 2611 enormem3
408 2534 475 2595 ride
487 2532 538 2597 lib.
553 2538 583 2595 7.
592 2555 626 2596 a.
641 2538 775 2599 405144.
788 2540 830 2603 m
845 2538 959 2600 delectu
970 2534 1135 2603 natalium,

125 2643 162 2685 cx
179 2641 239 2702 quo
258 2630 328 2683 suut
347 2622 638 2700 irregulares-omues
660 2621 831 2700 illegitimi3
848 2624 900 2702 qui
918 2628 1019 2685 tamen
1037 2622 1136 2701 legiti-

126 2719 264 2783 mantur,
285 2709 334 2769 vel
353 2727 408 2787 per
422 2707 602 2786 subsequens
620 2708 864 2780 matrimonium,
881 2709 934 2773 rel
949 2727 1004 2787 per
1023 2707 1136 2787 proies-

125 2798 240 2858 sionem
263 2793 450 2870 religiosam,
470 2794 519 2853 vel
539 2810 592 2870 por
607 2793 856 2873 dispensationem
878 2794 1029 2859 Pontiflois
1042 2792 1134 2857 avide

126 2881 189 2942 ibid
198 2899 231 2942 a.
248 2880 317 2941 itt.
331 2886 433 2955 etseq.
448 2878 500 2937 tv.
522 2880 565 2937 Ex
584 2878 699 2943 deiectu
719 2881 838 2952 oetatis,
856 2879 961 2957 dequo
972 2880 1040 2941 vide
1055 2879 1133 2941 dinta

126 2965 176 3028 bic
190 2986 224 3028 n.
237 2969 287 3027 45.
301 2972 330 3026 et
345 2965 396 3023 44.
412 2964 448 3023 V.
464 2965 507 3023 Ex
520 2962 633 3026 delectu
647 2965 853 3039 sacrementi,
876 2983 982 3042 nempe
999 2984 1036 3025 ex
1051 2964 1139 3041 biga.

128 3051 209 3123 mia:
221 3052 331 3112 dieitur
345 3047 543 3120 sacramenti,
561 3047 596 3109 ed
613 3048 694 3127 qubd
703 3048 778 3111 duas
790 3051 899 3113 doeens
913 3068 1019 3113 uxorea
1030 3053 1140 3131 nequit·

127 3134 194 3210 apte
208 3137 373 3213 siguificare
383 3136 525 3196 unionem
539 3131 647 3194 Christi
669 3153 741 3195 cnm
751 3136 876 3199 Ecclesia
887 3180 897 3211 ,
908 3154 974 3213 quae
983 3136 1039 3197 suit
1048 3140 1134 3198 unica

127 3216 191 3293 ejus
207 3236 323 3294 sponsa.
337 3222 466 3299 Bigamia
485 3225 585 3280 autem
605 3220 715 3299 triplex
734 3230 796 3293 est,
811 3242 877 3299 quoe
898 3222 1052 3301 impeditis
1071 3242 1133 3285 sna·

127 3300 261 3393 ceptione
271 3304 418 3397 ⁸ordinum
430 3350 438 3378 ,
450 3305 559 3365 scilicet
573 3308 601 3366 l.
615 3306 713 3382 Vero,
731 3308 851 3383 quando
863 3307 930 3385 quis
942 3325 1012 3368 cum
1021 3308 1139 3369 duabus·

126 3394 284 3439 successive
299 3397 405 3445 rerum
422 3390 568 3449 contraxit
586 3391 820 3451 matrimonium.
836 3394 866 3451 2.
884 3392 1135 3471 tanagritanum

126 3462 243 3528 quaudo
258 3464 324 3556 quis
339 3467 400 3556 sola
415 3469 621 3550 fictionejuris
637 3476 853 3537 censeturduas
874 3475 1131 3553 habuissenrtores,

126 3534 231 3610 dequo
247 3544 316 3603 mdc
329 3540 381 3604 tat.
403 3548 433 3605 7.
448 3568 482 3609 n.
499 3558 569 3617 444.
590 3560 620 3619 5.
638 3556 914 3632 Similitndtitnrr'c,
933 3578 1000 3637 quac
1012 3568 1131 3621 contra-
