<?xml version="1.0" encoding="UTF-8"?>
<!DOCTYPE html PUBLIC "-//W3C//DTD XHTML 1.0 Transitional//EN"
    "http://www.w3.org/TR/xhtml1/DTD/xhtml1-transitional.dtd">
<html xmlns="http://www.w3.org/1999/xhtml" xml:lang="en" lang="en">
 <head>
  <title>
</title>
<meta http-equiv="Content-Type" content="text/html;charset=utf-8" />
  <meta name='ocr-system' content='tesseract 3.04.00' />
  <meta name='ocr-capabilities' content='ocr_page ocr_carea ocr_par ocr_line ocrx_word'/>
</head>
<body>
  <div class='ocr_page' id='page_1' title='image "./theologiamorali04heilgoog_0064.png"; bbox 0 0 2475 3975; ppageno 0'>
   <div class='ocr_carea' id='block_1_1' title="bbox 155 144 877 231">
    <p class='ocr_par' dir='ltr' id='par_1_1' title="bbox 155 144 877 231">
     <span class='ocr_line' id='line_1_1' title="bbox 155 144 877 231; baseline -0.018 -10"><span class='ocrx_word' id='word_1_1' title='bbox 155 160 196 221; x_wconf 79' lang='grc'><strong>50</strong></span> <span class='ocrx_word' id='word_1_2' title='bbox 438 144 877 231; x_wconf 76' lang='lat' dir='ltr'><strong>Pruriseenletserii.cnp.ii.</strong></span> 
     </span>
    </p>
   </div>
   <div class='ocr_carea' id='block_1_2' title="bbox 82 250 1169 762">
    <p class='ocr_par' dir='ltr' id='par_1_2' title="bbox 82 250 1167 592">
     <span class='ocr_line' id='line_1_2' title="bbox 155 250 1164 341; baseline -0.005 -21"><span class='ocrx_word' id='word_1_3' title='bbox 155 264 243 341; x_wconf 80' lang='lat' dir='ltr'><strong>getur</strong></span> <span class='ocrx_word' id='word_1_4' title='bbox 256 258 285 321; x_wconf 92' lang='grc'><strong>1.</strong></span> <span class='ocrx_word' id='word_1_5' title='bbox 300 258 345 320; x_wconf 79' lang='lat' dir='ltr'><strong>An</strong></span> <span class='ocrx_word' id='word_1_6' title='bbox 364 255 453 319; x_wconf 86' lang='lat' dir='ltr'><strong>loerlt</strong></span> <span class='ocrx_word' id='word_1_7' title='bbox 468 270 660 335; x_wconf 77' lang='lat' dir='ltr'><strong>personarum</strong></span> <span class='ocrx_word' id='word_1_8' title='bbox 677 255 834 329; x_wconf 84' lang='lat' dir='ltr'><strong>receptor?</strong></span> <span class='ocrx_word' id='word_1_9' title='bbox 846 252 878 313; x_wconf 75' lang='lat'><strong>2.</strong></span> <span class='ocrx_word' id='word_1_10' title='bbox 900 250 948 313; x_wconf 80' lang='lat' dir='ltr'><strong>dn</strong></span> <span class='ocrx_word' id='word_1_11' title='bbox 963 268 1063 315; x_wconf 80' lang='lat' dir='ltr'><strong>musae</strong></span> <span class='ocrx_word' id='word_1_12' title='bbox 1077 262 1164 335; x_wconf 80' lang='lat' dir='ltr'><strong>erpe-</strong></span> 
     </span>
     <span class='ocr_line' id='line_1_3' title="bbox 82 334 1164 416; baseline -0.003 -11"><span class='ocrx_word' id='word_1_13' title='bbox 82 357 88 369; x_wconf 91' lang='lat'><strong>·</strong></span> <span class='ocrx_word' id='word_1_14' title='bbox 156 344 284 405; x_wconf 82' lang='lat' dir='ltr'><strong>diverit‘?</strong></span> <span class='ocrx_word' id='word_1_15' title='bbox 295 344 324 404; x_wconf 81' lang='grc'><strong>5.</strong></span> <span class='ocrx_word' id='word_1_16' title='bbox 335 342 382 404; x_wconf 79' lang='lat' dir='ltr'><strong>alu</strong></span> <span class='ocrx_word' id='word_1_17' title='bbox 400 338 606 416; x_wconf 86' lang='lat' dir='ltr'><strong>injudicando</strong></span> <span class='ocrx_word' id='word_1_18' title='bbox 626 338 804 398; x_wconf 76' lang='lat' dir='ltr'><strong>murcuiens</strong></span> <span class='ocrx_word' id='word_1_19' title='bbox 821 334 954 397; x_wconf 89' lang='lat' dir='ltr'><strong>studium</strong></span> <span class='ocrx_word' id='word_1_20' title='bbox 969 340 1164 416; x_wconf 85' lang='lat' dir='ltr'><strong>premiserit.</strong></span> 
     </span>
     <span class='ocr_line' id='line_1_4' title="bbox 156 420 1167 501; baseline -0.008 -11"><span class='ocrx_word' id='word_1_21' title='bbox 156 428 308 499; x_wconf 89' lang='lat' dir='ltr'><strong>emiserit,</strong></span> <span class='ocrx_word' id='word_1_22' title='bbox 326 426 373 487; x_wconf 82' lang='lat' dir='ltr'><strong>rel</strong></span> <span class='ocrx_word' id='word_1_23' title='bbox 387 442 423 485; x_wconf 86' lang='lat' dir='ltr'><strong>ex</strong></span> <span class='ocrx_word' id='word_1_24' title='bbox 443 424 542 501; x_wconf 84' lang='lat' dir='ltr'><strong>alique</strong></span> <span class='ocrx_word' id='word_1_25' title='bbox 558 423 651 482; x_wconf 88' lang='lat' dir='ltr'><strong>enimi</strong></span> <span class='ocrx_word' id='word_1_26' title='bbox 669 420 825 483; x_wconf 71' lang='lat' dir='ltr'><strong>effectione</strong></span> <span class='ocrx_word' id='word_1_27' title='bbox 840 430 939 482; x_wconf 86' lang='lat' dir='ltr'><strong>motus</strong></span> <span class='ocrx_word' id='word_1_28' title='bbox 956 440 1024 501; x_wconf 74' lang='lat' dir='ltr'><strong>erpa</strong></span> <span class='ocrx_word' id='word_1_29' title='bbox 1037 425 1167 485; x_wconf 81' lang='lat' dir='ltr'><strong>alteram</strong></span> 
     </span>
     <span class='ocr_line' id='line_1_5' title="bbox 155 506 647 592; baseline -0.018 -18"><span class='ocrx_word' id='word_1_30' title='bbox 155 530 191 574; x_wconf 86' lang='lat' dir='ltr'><strong>ex</strong></span> <span class='ocrx_word' id='word_1_31' title='bbox 204 511 337 592; x_wconf 83' lang='lat' dir='ltr'><strong>pertibus</strong></span> <span class='ocrx_word' id='word_1_32' title='bbox 349 508 507 570; x_wconf 88' lang='lat' dir='ltr'><strong>sententias</strong></span> <span class='ocrx_word' id='word_1_33' title='bbox 517 506 647 567; x_wconf 77' lang='lat' dir='ltr'><strong>dixerit?</strong></span> 
     </span>
    </p>

    <p class='ocr_par' dir='ltr' id='par_1_3' title="bbox 155 590 1169 762">
     <span class='ocr_line' id='line_1_6' title="bbox 195 590 1167 669; baseline -0.007 -9"><span class='ocrx_word' id='word_1_34' title='bbox 195 600 242 660; x_wconf 77' lang='lat' dir='ltr'><strong>dt.</strong></span> <span class='ocrx_word' id='word_1_35' title='bbox 256 598 286 656; x_wconf 83' lang='lat' dir='ltr'><strong>si</strong></span> <span class='ocrx_word' id='word_1_36' title='bbox 299 604 397 655; x_wconf 87' lang='lat' dir='ltr'><strong>eutem</strong></span> <span class='ocrx_word' id='word_1_37' title='bbox 415 590 526 653; x_wconf 69' lang='lat' dir='ltr'><strong>eremit</strong></span> <span class='ocrx_word' id='word_1_38' title='bbox 535 590 687 662; x_wconf 82' lang='lat' dir='ltr'><strong>·talrellio·,</strong></span> <span class='ocrx_word' id='word_1_39' title='bbox 702 590 904 669; x_wconf 68' lang='lat' dir='ltr'><strong>interrogetur</strong></span> <span class='ocrx_word' id='word_1_40' title='bbox 915 592 947 650; x_wconf 92' lang='grc'><strong>1.</strong></span> <span class='ocrx_word' id='word_1_41' title='bbox 961 591 1122 664; x_wconf 71' lang='lat' dir='ltr'><strong>Quomodo</strong></span> <span class='ocrx_word' id='word_1_42' title='bbox 1133 610 1167 653; x_wconf 88' lang='lat' dir='ltr'><strong>se</strong></span> 
     </span>
     <span class='ocr_line' id='line_1_7' title="bbox 155 674 1169 762; baseline -0.005 -20"><span class='ocrx_word' id='word_1_43' title='bbox 155 690 237 762; x_wconf 84' lang='lat' dir='ltr'><strong>geret</strong></span> <span class='ocrx_word' id='word_1_44' title='bbox 255 682 287 741; x_wconf 91' lang='lat' dir='ltr'><strong>in</strong></span> <span class='ocrx_word' id='word_1_45' title='bbox 307 677 456 759; x_wconf 78' lang='lat' dir='ltr'><strong>capiendis</strong></span> <span class='ocrx_word' id='word_1_46' title='bbox 470 674 758 737; x_wconf 75' lang='lat' dir='ltr'><strong>informationibus?</strong></span> <span class='ocrx_word' id='word_1_47' title='bbox 769 678 799 737; x_wconf 73' lang='lat'><strong>2.</strong></span> <span class='ocrx_word' id='word_1_48' title='bbox 813 679 860 735; x_wconf 78' lang='lat' dir='ltr'><strong>An</strong></span> <span class='ocrx_word' id='word_1_49' title='bbox 871 676 1065 735; x_wconf 74' lang='lat' dir='ltr'><strong>intermiserit</strong></span> <span class='ocrx_word' id='word_1_50' title='bbox 1075 678 1169 737; x_wconf 86' lang='lat' dir='ltr'><strong>inter·</strong></span> 
     </span>
    </p>
   </div>
   <div class='ocr_carea' id='block_1_3' title="bbox 151 760 1173 3048">
    <p class='ocr_par' dir='ltr' id='par_1_4' title="bbox 154 760 1170 924">
     <span class='ocr_line' id='line_1_8' title="bbox 156 760 1170 847; baseline -0.007 -17"><span class='ocrx_word' id='word_1_51' title='bbox 156 767 320 847; x_wconf 77' lang='lat' dir='ltr'><strong>rogationes</strong></span> <span class='ocrx_word' id='word_1_52' title='bbox 334 762 532 842; x_wconf 69' lang='lat' dir='ltr'><strong>suggestions?</strong></span> <span class='ocrx_word' id='word_1_53' title='bbox 548 762 577 822; x_wconf 82' lang='lat'><strong>5.</strong></span> <span class='ocrx_word' id='word_1_54' title='bbox 590 761 638 823; x_wconf 75' lang='lat' dir='ltr'><strong>du</strong></span> <span class='ocrx_word' id='word_1_55' title='bbox 654 763 776 823; x_wconf 87' lang='lat' dir='ltr'><strong>testium</strong></span> <span class='ocrx_word' id='word_1_56' title='bbox 795 760 992 841; x_wconf 82' lang='lat' dir='ltr'><strong>depositiones</strong></span> <span class='ocrx_word' id='word_1_57' title='bbox 1013 760 1170 823; x_wconf 74' lang='lat' dir='ltr'><strong>dulooe</strong></span> 
     </span>
     <span class='ocr_line' id='line_1_9' title="bbox 154 852 425 924; baseline -0.026 -8"><span class='ocrx_word' id='word_1_58' title='bbox 154 856 214 924; x_wconf 86' lang='lat' dir='ltr'><strong>rit,</strong></span> <span class='ocrx_word' id='word_1_59' title='bbox 228 854 275 913; x_wconf 84' lang='lat' dir='ltr'><strong>vel</strong></span> <span class='ocrx_word' id='word_1_60' title='bbox 288 852 425 911; x_wconf 83' lang='lat' dir='ltr'><strong>suxerit?</strong></span> 
     </span>
    </p>

    <p class='ocr_par' dir='ltr' id='par_1_5' title="bbox 151 929 1173 3048">
     <span class='ocr_line' id='line_1_10' title="bbox 194 929 1172 1017; baseline -0.005 -17"><span class='ocrx_word' id='word_1_61' title='bbox 194 939 243 1000; x_wconf 82' lang='grc'><strong>117.</strong></span> <span class='ocrx_word' id='word_1_62' title='bbox 259 934 412 1017; x_wconf 81' lang='lat' dir='ltr'><strong>Septimi,</strong></span> <span class='ocrx_word' id='word_1_63' title='bbox 431 933 456 994; x_wconf 91' lang='lat' dir='ltr'><strong>si</strong></span> <span class='ocrx_word' id='word_1_64' title='bbox 475 932 587 994; x_wconf 86' lang='lat' dir='ltr'><strong>secedit</strong></span> <span class='ocrx_word' id='word_1_65' title='bbox 602 930 736 993; x_wconf 87' lang='lat' dir='ltr'><strong>medicus</strong></span> <span class='ocrx_word' id='word_1_66' title='bbox 760 929 962 1010; x_wconf 79' lang='lat' dir='ltr'><strong>interrogetur</strong></span> <span class='ocrx_word' id='word_1_67' title='bbox 981 932 1012 991; x_wconf 94' lang='grc'><strong>1.</strong></span> <span class='ocrx_word' id='word_1_68' title='bbox 1024 930 1074 992; x_wconf 75' lang='lat' dir='ltr'><strong>dn</strong></span> <span class='ocrx_word' id='word_1_69' title='bbox 1096 935 1172 995; x_wconf 84' lang='lat' dir='ltr'><strong>sutis</strong></span> 
     </span>
     <span class='ocr_line' id='line_1_11' title="bbox 155 1014 1172 1094; baseline -0.006 -9"><span class='ocrx_word' id='word_1_70' title='bbox 155 1024 246 1085; x_wconf 88' lang='lat' dir='ltr'><strong>luerit</strong></span> <span class='ocrx_word' id='word_1_71' title='bbox 264 1030 396 1083; x_wconf 88' lang='lat' dir='ltr'><strong>versatus</strong></span> <span class='ocrx_word' id='word_1_72' title='bbox 417 1020 449 1079; x_wconf 88' lang='lat' dir='ltr'><strong>iu</strong></span> <span class='ocrx_word' id='word_1_73' title='bbox 465 1017 564 1079; x_wconf 89' lang='lat' dir='ltr'><strong>studio</strong></span> <span class='ocrx_word' id='word_1_74' title='bbox 585 1017 759 1089; x_wconf 75' lang='lat' dir='ltr'><strong>medicine,</strong></span> <span class='ocrx_word' id='word_1_75' title='bbox 782 1024 813 1077; x_wconf 91' lang='lat' dir='ltr'><strong>et</strong></span> <span class='ocrx_word' id='word_1_76' title='bbox 834 1016 867 1077; x_wconf 90' lang='lat' dir='ltr'><strong>in</strong></span> <span class='ocrx_word' id='word_1_77' title='bbox 892 1015 975 1094; x_wconf 85' lang='lat' dir='ltr'><strong>praxi</strong></span> <span class='ocrx_word' id='word_1_78' title='bbox 999 1014 1172 1079; x_wconf 89' lang='lat' dir='ltr'><strong>medendi?</strong></span> 
     </span>
     <span class='ocr_line' id='line_1_12' title="bbox 155 1098 1173 1179; baseline -0.007 -9"><span class='ocrx_word' id='word_1_79' title='bbox 155 1126 271 1170; x_wconf 86' lang='lat' dir='ltr'><strong>necnon</strong></span> <span class='ocrx_word' id='word_1_80' title='bbox 288 1126 326 1167; x_wconf 89' lang='lat' dir='ltr'><strong>sn</strong></span> <span class='ocrx_word' id='word_1_81' title='bbox 343 1104 475 1165; x_wconf 88' lang='lat' dir='ltr'><strong>studium</strong></span> <span class='ocrx_word' id='word_1_82' title='bbox 495 1100 633 1161; x_wconf 73' lang='lat' dir='ltr'><strong>adhibeor</strong></span> <span class='ocrx_word' id='word_1_83' title='bbox 648 1101 694 1177; x_wconf 84' lang='lat' dir='ltr'><strong>(ut</strong></span> <span class='ocrx_word' id='word_1_84' title='bbox 708 1098 839 1179; x_wconf 82' lang='lat' dir='ltr'><strong>tenetur)</strong></span> <span class='ocrx_word' id='word_1_85' title='bbox 852 1101 884 1159; x_wconf 92' lang='lat' dir='ltr'><strong>in</strong></span> <span class='ocrx_word' id='word_1_86' title='bbox 895 1100 1008 1161; x_wconf 87' lang='lat' dir='ltr'><strong>casibus</strong></span> <span class='ocrx_word' id='word_1_87' title='bbox 1020 1100 1173 1163; x_wconf 75' lang='lat' dir='ltr'><strong>dffiettio</strong></span> 
     </span>
     <span class='ocr_line' id='line_1_13' title="bbox 155 1185 1172 1270; baseline -0.007 -15"><span class='ocrx_word' id='word_1_88' title='bbox 155 1196 238 1255; x_wconf 90' lang='lat' dir='ltr'><strong>ribus</strong></span> <span class='ocrx_word' id='word_1_89' title='bbox 251 1194 301 1270; x_wconf 84' lang='lat' dir='ltr'><strong>qui</strong></span> <span class='ocrx_word' id='word_1_90' title='bbox 315 1190 496 1251; x_wconf 83' lang='lat' dir='ltr'><strong>occurrunt?</strong></span> <span class='ocrx_word' id='word_1_91' title='bbox 509 1188 540 1247; x_wconf 77' lang='lat'><strong>2.</strong></span> <span class='ocrx_word' id='word_1_92' title='bbox 551 1188 597 1245; x_wconf 77' lang='lat' dir='ltr'><strong>An</strong></span> <span class='ocrx_word' id='word_1_93' title='bbox 608 1186 696 1247; x_wconf 86' lang='lat' dir='ltr'><strong>elicui</strong></span> <span class='ocrx_word' id='word_1_94' title='bbox 706 1186 886 1263; x_wconf 83' lang='lat' dir='ltr'><strong>impertierit</strong></span> <span class='ocrx_word' id='word_1_95' title='bbox 894 1185 1044 1245; x_wconf 85' lang='lat' dir='ltr'><strong>licetrtiem</strong></span> <span class='ocrx_word' id='word_1_96' title='bbox 1055 1186 1172 1248; x_wconf 63' lang='lat' dir='ltr'><strong>mendi</strong></span> 
     </span>
     <span class='ocr_line' id='line_1_14' title="bbox 155 1270 1173 1348; baseline -0.004 -10"><span class='ocrx_word' id='word_1_97' title='bbox 155 1296 256 1339; x_wconf 88' lang='lat' dir='ltr'><strong>carnes</strong></span> <span class='ocrx_word' id='word_1_98' title='bbox 275 1276 314 1337; x_wconf 87' lang='lat' dir='ltr'><strong>ob</strong></span> <span class='ocrx_word' id='word_1_99' title='bbox 336 1290 453 1336; x_wconf 89' lang='lat' dir='ltr'><strong>merum</strong></span> <span class='ocrx_word' id='word_1_100' title='bbox 478 1270 645 1333; x_wconf 84' lang='lat' dir='ltr'><strong>humanum</strong></span> <span class='ocrx_word' id='word_1_101' title='bbox 661 1282 848 1347; x_wconf 84' lang='lat' dir='ltr'><strong>respectum,</strong></span> <span class='ocrx_word' id='word_1_102' title='bbox 869 1271 934 1331; x_wconf 92' lang='lat' dir='ltr'><strong>sine</strong></span> <span class='ocrx_word' id='word_1_103' title='bbox 947 1270 1026 1348; x_wconf 86' lang='lat' dir='ltr'><strong>justa</strong></span> <span class='ocrx_word' id='word_1_104' title='bbox 1052 1280 1173 1334; x_wconf 84' lang='lat' dir='ltr'><strong>eausa?</strong></span> 
     </span>
     <span class='ocr_line' id='line_1_15' title="bbox 155 1355 1170 1440; baseline -0.004 -17"><span class='ocrx_word' id='word_1_105' title='bbox 155 1364 185 1423; x_wconf 81' lang='lat'><strong>5.</strong></span> <span class='ocrx_word' id='word_1_106' title='bbox 205 1363 250 1423; x_wconf 76' lang='lat' dir='ltr'><strong>An</strong></span> <span class='ocrx_word' id='word_1_107' title='bbox 267 1359 386 1440; x_wconf 76' lang='lat' dir='ltr'><strong>aliquod</strong></span> <span class='ocrx_word' id='word_1_108' title='bbox 405 1358 604 1437; x_wconf 85' lang='lat' dir='ltr'><strong>periculosum</strong></span> <span class='ocrx_word' id='word_1_109' title='bbox 628 1356 795 1417; x_wconf 83' lang='lat' dir='ltr'><strong>remedium</strong></span> <span class='ocrx_word' id='word_1_110' title='bbox 808 1356 1000 1433; x_wconf 76' lang='lat' dir='ltr'><strong>applicaverit</strong></span> <span class='ocrx_word' id='word_1_111' title='bbox 1018 1355 1170 1431; x_wconf 84' lang='lat' dir='ltr'><strong>infirme,</strong></span> 
     </span>
     <span class='ocr_line' id='line_1_16' title="bbox 157 1436 1172 1522; baseline -0.003 -16"><span class='ocrx_word' id='word_1_112' title='bbox 157 1464 218 1506; x_wconf 90' lang='lat' dir='ltr'><strong>non</strong></span> <span class='ocrx_word' id='word_1_113' title='bbox 233 1444 329 1506; x_wconf 83' lang='lat' dir='ltr'><strong>adhuc</strong></span> <span class='ocrx_word' id='word_1_114' title='bbox 347 1446 385 1505; x_wconf 91' lang='lat' dir='ltr'><strong>de</strong></span> <span class='ocrx_word' id='word_1_115' title='bbox 403 1444 464 1503; x_wconf 87' lang='lat' dir='ltr'><strong>vitu</strong></span> <span class='ocrx_word' id='word_1_116' title='bbox 477 1442 632 1522; x_wconf 84' lang='lat' dir='ltr'><strong>desperate</strong></span> <span class='ocrx_word' id='word_1_117' title='bbox 645 1439 679 1520; x_wconf 83' lang='lat' dir='ltr'><strong>(l.</strong></span> <span class='ocrx_word' id='word_1_118' title='bbox 695 1444 726 1501; x_wconf 90' lang='lat' dir='ltr'><strong>l.</strong></span> <span class='ocrx_word' id='word_1_119' title='bbox 739 1459 823 1501; x_wconf 83' lang='lat' dir='ltr'><strong>num.</strong></span> <span class='ocrx_word' id='word_1_120' title='bbox 838 1442 887 1501; x_wconf 77' lang='lat' dir='ltr'><strong>te.</strong></span> <span class='ocrx_word' id='word_1_121' title='bbox 901 1436 953 1503; x_wconf 76' lang='lat' dir='ltr'><strong>tid.</strong></span> <span class='ocrx_word' id='word_1_122' title='bbox 967 1442 996 1503; x_wconf 78' lang='lat' dir='ltr'><strong>t.</strong></span> <span class='ocrx_word' id='word_1_123' title='bbox 1010 1458 1043 1500; x_wconf 84' lang='lat' dir='ltr'><strong>u.</strong></span> <span class='ocrx_word' id='word_1_124' title='bbox 1058 1441 1172 1520; x_wconf 55' lang='lat' dir='ltr'><strong>teti?</strong></span> 
     </span>
     <span class='ocr_line' id='line_1_17' title="bbox 154 1524 1172 1604; baseline -0.005 -13"><span class='ocrx_word' id='word_1_125' title='bbox 154 1533 184 1591; x_wconf 78' lang='grc'><strong>1.</strong></span> <span class='ocrx_word' id='word_1_126' title='bbox 198 1532 245 1591; x_wconf 77' lang='lat' dir='ltr'><strong>An</strong></span> <span class='ocrx_word' id='word_1_127' title='bbox 260 1530 350 1590; x_wconf 86' lang='lat' dir='ltr'><strong>suerit</strong></span> <span class='ocrx_word' id='word_1_128' title='bbox 364 1544 448 1589; x_wconf 89' lang='lat' dir='ltr'><strong>eausa</strong></span> <span class='ocrx_word' id='word_1_129' title='bbox 466 1536 501 1587; x_wconf 89' lang='lat' dir='ltr'><strong>ut</strong></span> <span class='ocrx_word' id='word_1_130' title='bbox 515 1526 647 1587; x_wconf 79' lang='lat' dir='ltr'><strong>rnuedia</strong></span> <span class='ocrx_word' id='word_1_131' title='bbox 660 1528 865 1604; x_wconf 69' lang='lat' dir='ltr'><strong>reciperentur</strong></span> <span class='ocrx_word' id='word_1_132' title='bbox 884 1525 922 1585; x_wconf 87' lang='lat' dir='ltr'><strong>ab</strong></span> <span class='ocrx_word' id='word_1_133' title='bbox 948 1526 1049 1603; x_wconf 87' lang='lat' dir='ltr'><strong>aliquo</strong></span> <span class='ocrx_word' id='word_1_134' title='bbox 1072 1524 1172 1603; x_wconf 83' lang='lat' dir='ltr'><strong>phar·</strong></span> 
     </span>
     <span class='ocr_line' id='line_1_18' title="bbox 156 1607 1172 1694; baseline -0.005 -18"><span class='ocrx_word' id='word_1_135' title='bbox 156 1614 304 1694; x_wconf 87' lang='lat' dir='ltr'><strong>macepnla</strong></span> <span class='ocrx_word' id='word_1_136' title='bbox 323 1630 377 1673; x_wconf 90' lang='lat' dir='ltr'><strong>sue</strong></span> <span class='ocrx_word' id='word_1_137' title='bbox 395 1612 508 1685; x_wconf 84' lang='lat' dir='ltr'><strong>emico,</strong></span> <span class='ocrx_word' id='word_1_138' title='bbox 524 1628 613 1689; x_wconf 89' lang='lat' dir='ltr'><strong>quem</strong></span> <span class='ocrx_word' id='word_1_139' title='bbox 634 1620 734 1671; x_wconf 90' lang='lat' dir='ltr'><strong>tamen</strong></span> <span class='ocrx_word' id='word_1_140' title='bbox 755 1610 875 1671; x_wconf 79' lang='lat' dir='ltr'><strong>noverit</strong></span> <span class='ocrx_word' id='word_1_141' title='bbox 889 1607 996 1688; x_wconf 85' lang='lat' dir='ltr'><strong>purdm</strong></span> <span class='ocrx_word' id='word_1_142' title='bbox 1014 1610 1172 1671; x_wconf 86' lang='lat' dir='ltr'><strong>esselide-</strong></span> 
     </span>
     <span class='ocr_line' id='line_1_19' title="bbox 155 1694 1170 1777; baseline -0.002 -18"><span class='ocrx_word' id='word_1_143' title='bbox 155 1700 232 1772; x_wconf 90' lang='lat' dir='ltr'><strong>lem,</strong></span> <span class='ocrx_word' id='word_1_144' title='bbox 254 1699 301 1759; x_wconf 88' lang='lat' dir='ltr'><strong>vel</strong></span> <span class='ocrx_word' id='word_1_145' title='bbox 321 1698 471 1777; x_wconf 89' lang='lat' dir='ltr'><strong>peritum,</strong></span> <span class='ocrx_word' id='word_1_146' title='bbox 494 1705 545 1757; x_wconf 83' lang='lat' dir='ltr'><strong>eut</strong></span> <span class='ocrx_word' id='word_1_147' title='bbox 563 1695 679 1775; x_wconf 83' lang='lat' dir='ltr'><strong>ineptes</strong></span> <span class='ocrx_word' id='word_1_148' title='bbox 704 1696 835 1756; x_wconf 86' lang='lat' dir='ltr'><strong>vendere</strong></span> <span class='ocrx_word' id='word_1_149' title='bbox 863 1694 1043 1757; x_wconf 72' lang='lat' dir='ltr'><strong>medicinas?</strong></span> <span class='ocrx_word' id='word_1_150' title='bbox 1063 1697 1095 1757; x_wconf 78' lang='grc'><strong>5.</strong></span> <span class='ocrx_word' id='word_1_151' title='bbox 1118 1698 1170 1757; x_wconf 76' lang='lat' dir='ltr'><strong>dn</strong></span> 
     </span>
     <span class='ocr_line' id='line_1_20' title="bbox 154 1778 1172 1861; baseline -0.004 -16"><span class='ocrx_word' id='word_1_152' title='bbox 154 1783 314 1845; x_wconf 85' lang='lat' dir='ltr'><strong>attenderit</strong></span> <span class='ocrx_word' id='word_1_153' title='bbox 326 1782 363 1843; x_wconf 92' lang='lat' dir='ltr'><strong>ad</strong></span> <span class='ocrx_word' id='word_1_154' title='bbox 382 1780 528 1843; x_wconf 87' lang='lat' dir='ltr'><strong>curandos</strong></span> <span class='ocrx_word' id='word_1_155' title='bbox 544 1780 748 1861; x_wconf 89' lang='lat' dir='ltr'><strong>pauperes,si</strong></span> <span class='ocrx_word' id='word_1_156' title='bbox 764 1781 802 1841; x_wconf 85' lang='lat' dir='ltr'><strong>ed</strong></span> <span class='ocrx_word' id='word_1_157' title='bbox 819 1779 876 1839; x_wconf 86' lang='lat' dir='ltr'><strong>hec</strong></span> <span class='ocrx_word' id='word_1_158' title='bbox 891 1778 1071 1858; x_wconf 81' lang='lat' dir='ltr'><strong>stipendium</strong></span> <span class='ocrx_word' id='word_1_159' title='bbox 1093 1797 1172 1841; x_wconf 86' lang='lat' dir='ltr'><strong>exc·</strong></span> 
     </span>
     <span class='ocr_line' id='line_1_21' title="bbox 155 1864 1172 1949; baseline -0.004 -20"><span class='ocrx_word' id='word_1_160' title='bbox 155 1870 231 1949; x_wconf 79' lang='lat' dir='ltr'><strong>gerit</strong></span> <span class='ocrx_word' id='word_1_161' title='bbox 244 1890 253 1947; x_wconf 88' lang='lat'>;</span> <span class='ocrx_word' id='word_1_162' title='bbox 266 1868 313 1928; x_wconf 77' lang='lat' dir='ltr'><strong>vel</strong></span> <span class='ocrx_word' id='word_1_163' title='bbox 330 1868 394 1928; x_wconf 89' lang='lat' dir='ltr'><strong>sine</strong></span> <span class='ocrx_word' id='word_1_164' title='bbox 411 1864 579 1945; x_wconf 90' lang='lat' dir='ltr'><strong>stipendio,</strong></span> <span class='ocrx_word' id='word_1_165' title='bbox 593 1864 617 1926; x_wconf 89' lang='lat' dir='ltr'><strong>si</strong></span> <span class='ocrx_word' id='word_1_166' title='bbox 631 1882 774 1945; x_wconf 87' lang='lat' dir='ltr'><strong>pauperes</strong></span> <span class='ocrx_word' id='word_1_167' title='bbox 787 1865 899 1925; x_wconf 75' lang='lat' dir='ltr'><strong>iuenet</strong></span> <span class='ocrx_word' id='word_1_168' title='bbox 915 1865 947 1923; x_wconf 92' lang='lat' dir='ltr'><strong>in</strong></span> <span class='ocrx_word' id='word_1_169' title='bbox 967 1865 1048 1942; x_wconf 74' lang='lat' dir='ltr'><strong>greti</strong></span> <span class='ocrx_word' id='word_1_170' title='bbox 1062 1882 1172 1925; x_wconf 87' lang='lat' dir='ltr'><strong>neees-</strong></span> 
     </span>
     <span class='ocr_line' id='line_1_22' title="bbox 154 1946 1172 2034; baseline -0.003 -19"><span class='ocrx_word' id='word_1_171' title='bbox 154 1956 239 2016; x_wconf 88' lang='lat' dir='ltr'><strong>sitate</strong></span> <span class='ocrx_word' id='word_1_172' title='bbox 252 1948 363 2034; x_wconf 81' lang='lat' dir='ltr'><strong>(Trull.</strong></span> <span class='ocrx_word' id='word_1_173' title='bbox 378 1960 399 2013; x_wconf 92' lang='lat' dir='ltr'><strong>t.</strong></span> <span class='ocrx_word' id='word_1_174' title='bbox 414 1948 682 2013; x_wconf 68' lang='lat' dir='ltr'><strong>ettennon.</strong></span> <span class='ocrx_word' id='word_1_175' title='bbox 699 1954 746 2013; x_wconf 90' lang='grc'><strong>11.</strong></span> <span class='ocrx_word' id='word_1_176' title='bbox 761 1950 795 2012; x_wconf 88' lang='lat' dir='ltr'><strong>in</strong></span> <span class='ocrx_word' id='word_1_177' title='bbox 804 1946 899 2031; x_wconf 77' lang='lat' dir='ltr'><strong>finel?</strong></span> <span class='ocrx_word' id='word_1_178' title='bbox 909 1949 939 2008; x_wconf 87' lang='grc'><strong>6.</strong></span> <span class='ocrx_word' id='word_1_179' title='bbox 951 1950 997 2009; x_wconf 81' lang='lat' dir='ltr'><strong>An</strong></span> <span class='ocrx_word' id='word_1_180' title='bbox 1014 1953 1172 2013; x_wconf 81' lang='lat' dir='ltr'><strong>curaverit</strong></span> 
     </span>
     <span class='ocr_line' id='line_1_23' title="bbox 154 2033 1170 2114; baseline -0.003 -14"><span class='ocrx_word' id='word_1_181' title='bbox 154 2057 221 2101; x_wconf 91' lang='lat' dir='ltr'><strong>suos</strong></span> <span class='ocrx_word' id='word_1_182' title='bbox 234 2037 356 2099; x_wconf 77' lang='lat' dir='ltr'><strong>mouere</strong></span> <span class='ocrx_word' id='word_1_183' title='bbox 367 2037 502 2096; x_wconf 85' lang='lat' dir='ltr'><strong>infirmos</strong></span> <span class='ocrx_word' id='word_1_184' title='bbox 513 2080 521 2108; x_wconf 92' lang='lat'><strong>,</strong></span> <span class='ocrx_word' id='word_1_185' title='bbox 531 2045 566 2096; x_wconf 91' lang='lat' dir='ltr'><strong>ut</strong></span> <span class='ocrx_word' id='word_1_186' title='bbox 578 2045 715 2114; x_wconf 87' lang='lat' dir='ltr'><strong>tempore</strong></span> <span class='ocrx_word' id='word_1_187' title='bbox 725 2035 826 2098; x_wconf 86' lang='lat' dir='ltr'><strong>debite</strong></span> <span class='ocrx_word' id='word_1_188' title='bbox 838 2034 1050 2096; x_wconf 83' lang='lat' dir='ltr'><strong>coniterentur</strong></span> <span class='ocrx_word' id='word_1_189' title='bbox 1058 2075 1069 2106; x_wconf 87' lang='lat'><strong>,</strong></span> <span class='ocrx_word' id='word_1_190' title='bbox 1077 2033 1170 2111; x_wconf 81' lang='lat' dir='ltr'><strong>juxte</strong></span> 
     </span>
     <span class='ocr_line' id='line_1_24' title="bbox 156 2119 1170 2205; baseline -0.005 -19"><span class='ocrx_word' id='word_1_191' title='bbox 156 2133 298 2205; x_wconf 86' lang='lat' dir='ltr'><strong>praecepta</strong></span> <span class='ocrx_word' id='word_1_192' title='bbox 315 2121 486 2202; x_wconf 77' lang='lat' dir='ltr'><strong>pontificis?</strong></span> <span class='ocrx_word' id='word_1_193' title='bbox 502 2123 546 2180; x_wconf 80' lang='lat' dir='ltr'><strong>lle</strong></span> <span class='ocrx_word' id='word_1_194' title='bbox 560 2119 617 2180; x_wconf 92' lang='lat' dir='ltr'><strong>hoc</strong></span> <span class='ocrx_word' id='word_1_195' title='bbox 634 2130 746 2200; x_wconf 87' lang='lat' dir='ltr'><strong>puncto</strong></span> <span class='ocrx_word' id='word_1_196' title='bbox 764 2122 796 2182; x_wconf 89' lang='lat' dir='ltr'><strong>in</strong></span> <span class='ocrx_word' id='word_1_197' title='bbox 816 2119 950 2197; x_wconf 86' lang='lat' dir='ltr'><strong>pluribus</strong></span> <span class='ocrx_word' id='word_1_198' title='bbox 967 2119 1073 2198; x_wconf 82' lang='lat' dir='ltr'><strong>Operis</strong></span> <span class='ocrx_word' id='word_1_199' title='bbox 1091 2120 1170 2182; x_wconf 88' lang='lat' dir='ltr'><strong>locis</strong></span> 
     </span>
     <span class='ocr_line' id='line_1_25' title="bbox 153 2199 1167 2285; baseline -0.005 -15"><span class='ocrx_word' id='word_1_200' title='bbox 153 2227 319 2272; x_wconf 88' lang='lat' dir='ltr'><strong>sermonem</strong></span> <span class='ocrx_word' id='word_1_201' title='bbox 335 2209 457 2269; x_wconf 83' lang='lat' dir='ltr'><strong>fecimus</strong></span> <span class='ocrx_word' id='word_1_202' title='bbox 475 2205 556 2285; x_wconf 81' lang='lat' dir='ltr'><strong>(tte.</strong></span> <span class='ocrx_word' id='word_1_203' title='bbox 577 2208 606 2267; x_wconf 87' lang='grc'><strong>1.</strong></span> <span class='ocrx_word' id='word_1_204' title='bbox 629 2225 664 2266; x_wconf 92' lang='lat' dir='ltr'><strong>n.</strong></span> <span class='ocrx_word' id='word_1_205' title='bbox 682 2202 913 2268; x_wconf 71' lang='lat' dir='ltr'><strong>innocentius</strong></span> <span class='ocrx_word' id='word_1_206' title='bbox 928 2199 994 2264; x_wconf 81' lang='lat' dir='ltr'><strong>to.</strong></span> <span class='ocrx_word' id='word_1_207' title='bbox 1010 2221 1045 2263; x_wconf 88' lang='lat' dir='ltr'><strong>n.</strong></span> <span class='ocrx_word' id='word_1_208' title='bbox 1060 2205 1167 2280; x_wconf 66' lang='lat' dir='ltr'><strong>teti,</strong></span> 
     </span>
     <span class='ocr_line' id='line_1_26' title="bbox 154 2289 1168 2369; baseline 0.002 -18"><span class='ocrx_word' id='word_1_209' title='bbox 154 2291 205 2352; x_wconf 88' lang='lat' dir='ltr'><strong>uhi</strong></span> <span class='ocrx_word' id='word_1_210' title='bbox 225 2294 339 2352; x_wconf 89' lang='lat' dir='ltr'><strong>dietum</strong></span> <span class='ocrx_word' id='word_1_211' title='bbox 355 2303 400 2352; x_wconf 89' lang='lat' dir='ltr'><strong>est</strong></span> <span class='ocrx_word' id='word_1_212' title='bbox 412 2289 494 2369; x_wconf 79' lang='lat' dir='ltr'><strong>quid</strong></span> <span class='ocrx_word' id='word_1_213' title='bbox 510 2289 702 2352; x_wconf 81' lang='lat' dir='ltr'><strong>Innocentius</strong></span> <span class='ocrx_word' id='word_1_214' title='bbox 714 2293 777 2353; x_wconf 76' lang='lat'><em>111.</em></span> <span class='ocrx_word' id='word_1_215' title='bbox 799 2290 921 2351; x_wconf 86' lang='lat' dir='ltr'><strong>medicis</strong></span> <span class='ocrx_word' id='word_1_216' title='bbox 941 2290 1102 2369; x_wconf 78' lang='lat' dir='ltr'><strong>precepit,</strong></span> <span class='ocrx_word' id='word_1_217' title='bbox 1125 2311 1168 2354; x_wconf 90' lang='lat' dir='ltr'><strong>ne</strong></span> 
     </span>
     <span class='ocr_line' id='line_1_27' title="bbox 154 2374 1169 2456; baseline 0.004 -21"><span class='ocrx_word' id='word_1_218' title='bbox 154 2375 278 2453; x_wconf 84' lang='lat' dir='ltr'><strong>alicujus</strong></span> <span class='ocrx_word' id='word_1_219' title='bbox 302 2375 415 2435; x_wconf 85' lang='lat' dir='ltr'><strong>infirmi</strong></span> <span class='ocrx_word' id='word_1_220' title='bbox 441 2392 543 2434; x_wconf 85' lang='lat' dir='ltr'><strong>curam</strong></span> <span class='ocrx_word' id='word_1_221' title='bbox 560 2378 762 2453; x_wconf 86' lang='lat' dir='ltr'><strong>susciperent,</strong></span> <span class='ocrx_word' id='word_1_222' title='bbox 775 2377 833 2437; x_wconf 91' lang='lat' dir='ltr'><strong>uisi</strong></span> <span class='ocrx_word' id='word_1_223' title='bbox 845 2374 928 2456; x_wconf 80' lang='lat' dir='ltr'><strong>priris</strong></span> <span class='ocrx_word' id='word_1_224' title='bbox 944 2376 996 2435; x_wconf 91' lang='lat' dir='ltr'><strong>ille</strong></span> <span class='ocrx_word' id='word_1_225' title='bbox 1014 2376 1169 2439; x_wconf 83' lang='lat' dir='ltr'><strong>consessus</strong></span> 
     </span>
     <span class='ocr_line' id='line_1_28' title="bbox 153 2456 1169 2540; baseline 0.005 -20"><span class='ocrx_word' id='word_1_226' title='bbox 153 2461 262 2532; x_wconf 82' lang='lat' dir='ltr'><strong>lucrit3</strong></span> <span class='ocrx_word' id='word_1_227' title='bbox 275 2467 306 2519; x_wconf 86' lang='lat' dir='ltr'><strong>et</strong></span> <span class='ocrx_word' id='word_1_228' title='bbox 326 2459 358 2519; x_wconf 79' lang='lat' dir='ltr'><strong>S·</strong></span> <span class='ocrx_word' id='word_1_229' title='bbox 378 2456 454 2519; x_wconf 82' lang='lat' dir='ltr'><strong>Pins</strong></span> <span class='ocrx_word' id='word_1_230' title='bbox 476 2459 512 2520; x_wconf 86' lang='lat' dir='ltr'><strong>V.</strong></span> <span class='ocrx_word' id='word_1_231' title='bbox 536 2457 716 2521; x_wconf 80' lang='lat' dir='ltr'><strong>confirmans</strong></span> <span class='ocrx_word' id='word_1_232' title='bbox 735 2462 794 2522; x_wconf 84' lang='lat' dir='ltr'><strong>tole</strong></span> <span class='ocrx_word' id='word_1_233' title='bbox 814 2468 1016 2539; x_wconf 81' lang='lat' dir='ltr'><strong>preceptum,</strong></span> <span class='ocrx_word' id='word_1_234' title='bbox 1040 2462 1169 2540; x_wconf 88' lang='lat' dir='ltr'><strong>insuper</strong></span> 
     </span>
     <span class='ocr_line' id='line_1_29' title="bbox 151 2541 1166 2623; baseline 0.005 -20"><span class='ocrx_word' id='word_1_235' title='bbox 151 2544 255 2623; x_wconf 81' lang='lat' dir='ltr'><strong>jussit,</strong></span> <span class='ocrx_word' id='word_1_236' title='bbox 279 2551 313 2602; x_wconf 92' lang='lat' dir='ltr'><strong>ut</strong></span> <span class='ocrx_word' id='word_1_237' title='bbox 330 2541 463 2603; x_wconf 88' lang='lat' dir='ltr'><strong>medicus</strong></span> <span class='ocrx_word' id='word_1_238' title='bbox 485 2551 553 2622; x_wconf 90' lang='lat' dir='ltr'><strong>post</strong></span> <span class='ocrx_word' id='word_1_239' title='bbox 571 2546 697 2606; x_wconf 86' lang='lat' dir='ltr'><strong>tertium</strong></span> <span class='ocrx_word' id='word_1_240' title='bbox 717 2546 799 2607; x_wconf 86' lang='lat' dir='ltr'><strong>diem</strong></span> <span class='ocrx_word' id='word_1_241' title='bbox 821 2546 970 2622; x_wconf 83' lang='lat' dir='ltr'><strong>relinqunt</strong></span> <span class='ocrx_word' id='word_1_242' title='bbox 986 2543 1166 2622; x_wconf 83' lang='lat' dir='ltr'><strong>infirmum,</strong></span> 
     </span>
     <span class='ocr_line' id='line_1_30' title="bbox 154 2629 1168 2708; baseline 0.003 -18"><span class='ocrx_word' id='word_1_243' title='bbox 154 2629 210 2690; x_wconf 91' lang='lat' dir='ltr'><strong>uisi</strong></span> <span class='ocrx_word' id='word_1_244' title='bbox 234 2629 306 2690; x_wconf 87' lang='lat' dir='ltr'><strong>sciat</strong></span> <span class='ocrx_word' id='word_1_245' title='bbox 323 2629 422 2708; x_wconf 90' lang='lat' dir='ltr'><strong>ipsum</strong></span> <span class='ocrx_word' id='word_1_246' title='bbox 442 2629 532 2690; x_wconf 86' lang='lat' dir='ltr'><strong>luisse</strong></span> <span class='ocrx_word' id='word_1_247' title='bbox 549 2630 728 2702; x_wconf 73' lang='lat' dir='ltr'><strong>confessum</strong></span> <span class='ocrx_word' id='word_1_248' title='bbox 745 2632 818 2692; x_wconf 87' lang='lat' dir='ltr'><strong>item</strong></span> <span class='ocrx_word' id='word_1_249' title='bbox 834 2629 985 2692; x_wconf 83' lang='lat' dir='ltr'><strong>mondavit</strong></span> <span class='ocrx_word' id='word_1_250' title='bbox 1005 2636 1041 2690; x_wconf 91' lang='lat' dir='ltr'><strong>ut</strong></span> <span class='ocrx_word' id='word_1_251' title='bbox 1059 2648 1168 2694; x_wconf 87' lang='lat' dir='ltr'><strong>omues</strong></span> 
     </span>
     <span class='ocr_line' id='line_1_31' title="bbox 154 2712 1167 2792; baseline 0.003 -18"><span class='ocrx_word' id='word_1_252' title='bbox 154 2714 280 2786; x_wconf 89' lang='lat' dir='ltr'><strong>medici,</strong></span> <span class='ocrx_word' id='word_1_253' title='bbox 294 2722 451 2792; x_wconf 84' lang='lat' dir='ltr'><strong>antequem</strong></span> <span class='ocrx_word' id='word_1_254' title='bbox 465 2714 591 2790; x_wconf 77' lang='lat' dir='ltr'><strong>gradum</strong></span> <span class='ocrx_word' id='word_1_255' title='bbox 613 2715 783 2777; x_wconf 76' lang='lat' dir='ltr'><strong>doctoratus</strong></span> <span class='ocrx_word' id='word_1_256' title='bbox 805 2721 971 2786; x_wconf 87' lang='lat' dir='ltr'><strong>assumant,</strong></span> <span class='ocrx_word' id='word_1_257' title='bbox 986 2712 1058 2774; x_wconf 85' lang='lat' dir='ltr'><strong>dent</strong></span> <span class='ocrx_word' id='word_1_258' title='bbox 1079 2713 1167 2792; x_wconf 82' lang='lat' dir='ltr'><strong>jure-</strong></span> 
     </span>
     <span class='ocr_line' id='line_1_32' title="bbox 153 2796 1169 2880; baseline 0.001 -19"><span class='ocrx_word' id='word_1_259' title='bbox 153 2809 289 2861; x_wconf 90' lang='lat' dir='ltr'><strong>mentum</strong></span> <span class='ocrx_word' id='word_1_260' title='bbox 312 2797 487 2858; x_wconf 78' lang='lat' dir='ltr'><strong>observandi</strong></span> <span class='ocrx_word' id='word_1_261' title='bbox 506 2797 563 2860; x_wconf 86' lang='lat' dir='ltr'><strong>ltec</strong></span> <span class='ocrx_word' id='word_1_262' title='bbox 582 2811 783 2880; x_wconf 69' lang='lat' dir='ltr'><strong>preceptum,</strong></span> <span class='ocrx_word' id='word_1_263' title='bbox 804 2799 893 2878; x_wconf 90' lang='lat' dir='ltr'><strong>idque</strong></span> <span class='ocrx_word' id='word_1_264' title='bbox 922 2796 1097 2860; x_wconf 90' lang='lat' dir='ltr'><strong>mandatum</strong></span> <span class='ocrx_word' id='word_1_265' title='bbox 1120 2813 1169 2865; x_wconf 89' lang='lat' dir='ltr'><strong>est</strong></span> 
     </span>
     <span class='ocr_line' id='line_1_33' title="bbox 153 2880 1168 2962; baseline 0.002 -17"><span class='ocrx_word' id='word_1_266' title='bbox 153 2883 291 2946; x_wconf 86' lang='lat' dir='ltr'><strong>omnibus</strong></span> <span class='ocrx_word' id='word_1_267' title='bbox 303 2881 443 2962; x_wconf 80' lang='lat' dir='ltr'><strong>collegiis.</strong></span> <span class='ocrx_word' id='word_1_268' title='bbox 459 2883 517 2946; x_wconf 87' lang='lat' dir='ltr'><strong>Sed</strong></span> <span class='ocrx_word' id='word_1_269' title='bbox 530 2883 656 2944; x_wconf 84' lang='lat' dir='ltr'><strong>dubium</strong></span> <span class='ocrx_word' id='word_1_270' title='bbox 671 2885 726 2959; x_wconf 89' lang='lat' dir='ltr'><strong>lit,</strong></span> <span class='ocrx_word' id='word_1_271' title='bbox 741 2882 889 2962; x_wconf 90' lang='lat' dir='ltr'><strong>quemodo</strong></span> <span class='ocrx_word' id='word_1_272' title='bbox 901 2880 1072 2958; x_wconf 85' lang='lat' dir='ltr'><strong>hujusmodi</strong></span> <span class='ocrx_word' id='word_1_273' title='bbox 1088 2901 1168 2962; x_wconf 68' lang='lat' dir='ltr'><strong>prer-</strong></span> 
     </span>
     <span class='ocr_line' id='line_1_34' title="bbox 154 2966 1168 3048; baseline 0.003 -20"><span class='ocrx_word' id='word_1_274' title='bbox 154 2979 272 3048; x_wconf 90' lang='lat' dir='ltr'><strong>ceptum</strong></span> <span class='ocrx_word' id='word_1_275' title='bbox 283 3013 291 3044; x_wconf 91' lang='lat'>‚</span> <span class='ocrx_word' id='word_1_276' title='bbox 301 2977 333 3030; x_wconf 92' lang='lat' dir='ltr'><strong>et</strong></span> <span class='ocrx_word' id='word_1_277' title='bbox 346 2966 551 3046; x_wconf 83' lang='lat' dir='ltr'><strong>juramentum</strong></span> <span class='ocrx_word' id='word_1_278' title='bbox 569 2967 783 3048; x_wconf 81' lang='lat' dir='ltr'><strong>intelligantur.</strong></span> <span class='ocrx_word' id='word_1_279' title='bbox 799 2969 902 3028; x_wconf 85' lang='lat' dir='ltr'><strong>Plures</strong></span> <span class='ocrx_word' id='word_1_280' title='bbox 917 2969 982 3026; x_wconf 83' lang='lat' dir='ltr'><strong>Du.</strong></span> <span class='ocrx_word' id='word_1_281' title='bbox 1001 2975 1168 3031; x_wconf 85' lang='lat' dir='ltr'><strong>tenuerunt</strong></span> 
     </span>
    </p>
   </div>
   <div class='ocr_carea' id='block_1_4' title="bbox 23 3051 1167 3132">
    <p class='ocr_par' dir='ltr' id='par_1_6' title="bbox 23 3051 1167 3132">
     <span class='ocr_line' id='line_1_35' title="bbox 23 3051 1167 3132; baseline 0.001 -19"><span class='ocrx_word' id='word_1_282' title='bbox 23 3099 29 3113; x_wconf 82' lang='grc'><em>,</em></span> <span class='ocrx_word' id='word_1_283' title='bbox 153 3069 187 3112; x_wconf 89' lang='lat' dir='ltr'><strong>ea</strong></span> <span class='ocrx_word' id='word_1_284' title='bbox 207 3055 365 3130; x_wconf 87' lang='lat' dir='ltr'><strong>procedere</strong></span> <span class='ocrx_word' id='word_1_285' title='bbox 372 3097 382 3129; x_wconf 93' lang='lat'><strong>,</strong></span> <span class='ocrx_word' id='word_1_286' title='bbox 402 3051 471 3114; x_wconf 86' lang='lat' dir='ltr'><strong>edm</strong></span> <span class='ocrx_word' id='word_1_287' title='bbox 489 3053 646 3114; x_wconf 79' lang='lat' dir='ltr'><strong>iufirmitas</strong></span> <span class='ocrx_word' id='word_1_288' title='bbox 660 3063 705 3114; x_wconf 90' lang='lat' dir='ltr'><strong>est</strong></span> <span class='ocrx_word' id='word_1_289' title='bbox 719 3053 902 3132; x_wconf 75' lang='lat' dir='ltr'><strong>periculoso3</strong></span> <span class='ocrx_word' id='word_1_290' title='bbox 916 3052 963 3112; x_wconf 84' lang='lat' dir='ltr'><strong>vel</strong></span> <span class='ocrx_word' id='word_1_291' title='bbox 977 3052 1082 3112; x_wconf 84' lang='lat' dir='ltr'><strong>saltem</strong></span> <span class='ocrx_word' id='word_1_292' title='bbox 1095 3051 1167 3114; x_wconf 82' lang='lat' dir='ltr'><strong>crim</strong></span> 
     </span>
    </p>
   </div>
   <div class='ocr_carea' id='block_1_5' title="bbox 153 3136 1221 3638">
    <p class='ocr_par' dir='ltr' id='par_1_7' title="bbox 153 3136 1221 3638">
     <span class='ocr_line' id='line_1_36' title="bbox 153 3136 1167 3217; baseline 0.003 -21"><span class='ocrx_word' id='word_1_293' title='bbox 153 3136 360 3200; x_wconf 81' lang='lat' dir='ltr'><strong>dubitaturan</strong></span> <span class='ocrx_word' id='word_1_294' title='bbox 382 3139 422 3198; x_wconf 91' lang='lat' dir='ltr'><strong>sit</strong></span> <span class='ocrx_word' id='word_1_295' title='bbox 442 3138 668 3217; x_wconf 81' lang='lat' dir='ltr'><strong>periculosa3ct</strong></span> <span class='ocrx_word' id='word_1_296' title='bbox 682 3139 715 3198; x_wconf 93' lang='lat' dir='ltr'><strong>in</strong></span> <span class='ocrx_word' id='word_1_297' title='bbox 734 3137 790 3200; x_wconf 82' lang='lat' dir='ltr'><strong>lroc</strong></span> <span class='ocrx_word' id='word_1_298' title='bbox 801 3137 1167 3200; x_wconf 83' lang='lat' dir='ltr'><strong>seusudireruutllullem</strong></span> 
     </span>
     <span class='ocr_line' id='line_1_37' title="bbox 153 3219 1168 3302; baseline 0.003 -21"><span class='ocrx_word' id='word_1_299' title='bbox 153 3222 185 3281; x_wconf 85' lang='lat' dir='ltr'><strong>S.</strong></span> <span class='ocrx_word' id='word_1_300' title='bbox 197 3219 250 3282; x_wconf 82' lang='lat' dir='ltr'><strong>Pii</strong></span> <span class='ocrx_word' id='word_1_301' title='bbox 263 3231 411 3300; x_wconf 85' lang='lat' dir='ltr'><strong>receptam</strong></span> <span class='ocrx_word' id='word_1_302' title='bbox 429 3225 528 3284; x_wconf 85' lang='lat' dir='ltr'><strong>luisse.</strong></span> <span class='ocrx_word' id='word_1_303' title='bbox 545 3223 602 3284; x_wconf 88' lang='lat' dir='ltr'><strong>Sed</strong></span> <span class='ocrx_word' id='word_1_304' title='bbox 614 3224 801 3285; x_wconf 88' lang='lat' dir='ltr'><strong>communior</strong></span> <span class='ocrx_word' id='word_1_305' title='bbox 811 3223 957 3284; x_wconf 87' lang='lat' dir='ltr'><strong>sententia</strong></span> <span class='ocrx_word' id='word_1_306' title='bbox 970 3223 1080 3282; x_wconf 89' lang='lat' dir='ltr'><strong>vultut</strong></span> <span class='ocrx_word' id='word_1_307' title='bbox 1093 3241 1168 3302; x_wconf 77' lang='lat' dir='ltr'><strong>pre·</strong></span> 
     </span>
     <span class='ocr_line' id='line_1_38' title="bbox 153 3304 1166 3387; baseline 0.005 -23"><span class='ocrx_word' id='word_1_308' title='bbox 153 3304 247 3366; x_wconf 85' lang='lat' dir='ltr'><strong>istum</strong></span> <span class='ocrx_word' id='word_1_309' title='bbox 261 3317 462 3384; x_wconf 80' lang='lat' dir='ltr'><strong>preceptum,</strong></span> <span class='ocrx_word' id='word_1_310' title='bbox 476 3307 611 3387; x_wconf 86' lang='lat' dir='ltr'><strong>quemvis</strong></span> <span class='ocrx_word' id='word_1_311' title='bbox 622 3323 684 3368; x_wconf 88' lang='lat' dir='ltr'><strong>uon</strong></span> <span class='ocrx_word' id='word_1_312' title='bbox 693 3308 803 3386; x_wconf 72' lang='lat' dir='ltr'><strong>obliget</strong></span> <span class='ocrx_word' id='word_1_313' title='bbox 813 3309 844 3383; x_wconf 88' lang='lat' dir='ltr'><strong>in</strong></span> <span class='ocrx_word' id='word_1_314' title='bbox 856 3323 1045 3384; x_wconf 90' lang='lat' dir='ltr'><strong>quocumque</strong></span> <span class='ocrx_word' id='word_1_315' title='bbox 1056 3309 1166 3370; x_wconf 86' lang='lat' dir='ltr'><strong>morbo</strong></span> 
     </span>
     <span class='ocr_line' id='line_1_39' title="bbox 154 3389 1221 3471; baseline 0.005 -23"><span class='ocrx_word' id='word_1_316' title='bbox 154 3389 212 3449; x_wconf 89' lang='lat' dir='ltr'><strong>levi</strong></span> <span class='ocrx_word' id='word_1_317' title='bbox 224 3431 233 3462; x_wconf 94' lang='lat'><strong>,</strong></span> <span class='ocrx_word' id='word_1_318' title='bbox 247 3398 346 3450; x_wconf 86' lang='lat' dir='ltr'><strong>temen</strong></span> <span class='ocrx_word' id='word_1_319' title='bbox 365 3409 426 3452; x_wconf 90' lang='lat' dir='ltr'><strong>uon</strong></span> <span class='ocrx_word' id='word_1_320' title='bbox 448 3391 676 3471; x_wconf 76' lang='lat' dir='ltr'><strong>intelligendum</strong></span> <span class='ocrx_word' id='word_1_321' title='bbox 687 3393 727 3453; x_wconf 89' lang='lat' dir='ltr'><strong>sit</strong></span> <span class='ocrx_word' id='word_1_322' title='bbox 740 3391 857 3453; x_wconf 83' lang='lat' dir='ltr'><strong>tautdm</strong></span> <span class='ocrx_word' id='word_1_323' title='bbox 872 3391 1025 3469; x_wconf 77' lang='lat' dir='ltr'><strong>urgerem</strong></span> <span class='ocrx_word' id='word_1_324' title='bbox 1049 3392 1165 3452; x_wconf 84' lang='lat' dir='ltr'><strong>morbis</strong></span> <span class='ocrx_word' id='word_1_325' title='bbox 1220 3408 1221 3411; x_wconf 71' lang='grc'>’</span> 
     </span>
     <span class='ocr_line' id='line_1_40' title="bbox 153 3473 1221 3553; baseline 0.007 -24"><span class='ocrx_word' id='word_1_326' title='bbox 153 3473 307 3533; x_wconf 74' lang='lat' dir='ltr'><strong>actualiter</strong></span> <span class='ocrx_word' id='word_1_327' title='bbox 321 3474 511 3551; x_wconf 87' lang='lat' dir='ltr'><strong>periculosis,</strong></span> <span class='ocrx_word' id='word_1_328' title='bbox 527 3477 579 3536; x_wconf 86' lang='lat' dir='ltr'><strong>sed</strong></span> <span class='ocrx_word' id='word_1_329' title='bbox 595 3477 685 3537; x_wconf 87' lang='lat' dir='ltr'><strong>etism</strong></span> <span class='ocrx_word' id='word_1_330' title='bbox 703 3477 735 3536; x_wconf 91' lang='lat' dir='ltr'><strong>in</strong></span> <span class='ocrx_word' id='word_1_331' title='bbox 751 3477 876 3553; x_wconf 88' lang='lat' dir='ltr'><strong>illisqui</strong></span> <span class='ocrx_word' id='word_1_332' title='bbox 901 3473 1065 3553; x_wconf 85' lang='lat' dir='ltr'><strong>prudenter</strong></span> <span class='ocrx_word' id='word_1_333' title='bbox 1080 3475 1165 3552; x_wconf 83' lang='lat' dir='ltr'><strong>judi·</strong></span> <span class='ocrx_word' id='word_1_334' title='bbox 1220 3508 1221 3513; x_wconf 42' lang='lat'>1</span> 
     </span>
     <span class='ocr_line' id='line_1_41' title="bbox 155 3557 1162 3638; baseline 0.012 -30"><span class='ocrx_word' id='word_1_335' title='bbox 155 3560 259 3611; x_wconf 89' lang='lat' dir='ltr'><strong>cantur</strong></span> <span class='ocrx_word' id='word_1_336' title='bbox 272 3573 357 3630; x_wconf 86' lang='lat' dir='ltr'><strong>posse</strong></span> <span class='ocrx_word' id='word_1_337' title='bbox 377 3557 409 3614; x_wconf 90' lang='lat' dir='ltr'><strong>in</strong></span> <span class='ocrx_word' id='word_1_338' title='bbox 425 3557 579 3632; x_wconf 73' lang='lat' dir='ltr'><strong>posterum</strong></span> <span class='ocrx_word' id='word_1_339' title='bbox 598 3559 665 3619; x_wconf 85' lang='lat' dir='ltr'><strong>fieri</strong></span> <span class='ocrx_word' id='word_1_340' title='bbox 679 3561 848 3638; x_wconf 88' lang='lat' dir='ltr'><strong>periculosi.</strong></span> <span class='ocrx_word' id='word_1_341' title='bbox 861 3562 898 3619; x_wconf 84' lang='lat' dir='ltr'><strong>Et</strong></span> <span class='ocrx_word' id='word_1_342' title='bbox 915 3558 991 3618; x_wconf 87' lang='lat' dir='ltr'><strong>ratio</strong></span> <span class='ocrx_word' id='word_1_343' title='bbox 1004 3566 1072 3633; x_wconf 87' lang='lat' dir='ltr'><strong>est,</strong></span> <span class='ocrx_word' id='word_1_344' title='bbox 1093 3563 1162 3636; x_wconf 84' lang='lat' dir='ltr'><strong>quin</strong></span> 
     </span>
    </p>
   </div>
   <div class='ocr_carea' id='block_1_6' title="bbox 0 0 1242 3975">
    <p class='ocr_par' dir='ltr' id='par_1_8' title="bbox 0 0 1242 3975">
     <span class='ocr_line' id='line_1_42' title="bbox 0 0 1242 3975; baseline 0 0"><span class='ocrx_word' id='word_1_345' title='bbox 0 0 1242 3975; x_wconf 95' lang='lat' dir='ltr'><strong> </strong></span> 
     </span>
    </p>
   </div>
  </div>
 </body>
</html>
