2475 3975
126 168 185 231 ibt
308 163 447 244 Epitomc
463 158 603 225 doctrine
624 156 744 224 moralis
762 168 791 223 ct
806 162 953 226 oenotriae

125 288 152 331 e.
169 270 198 331 b.
215 284 247 330 n.
263 268 292 329 t.
306 266 402 328 Debet
423 275 523 327 tamen
539 264 700 345 Episcopus
721 264 824 325 saltem
844 280 1038 342 cognoscere,
1060 266 1142 331 niam

125 350 229 417 reterl
246 352 287 414 sit
302 360 385 413 tanta
405 350 580 423 necessitas,
602 356 638 410 ut
657 347 702 409 bis
721 348 863 410 celebrari
880 366 954 427 opus
972 348 1021 411 sit.

164 438 219 501 llic
240 435 311 501 verd
333 436 438 498 uniens
459 443 503 495 cst
526 451 630 506 casus,
653 434 685 495 in
707 450 768 513 quc
792 434 837 495 bis
857 434 1005 496 celebrare
1026 434 1140 513 liceat;

125 524 322 605 nequeenim
341 522 384 582 Ias
404 528 448 580 est
463 518 640 579 sacrificium
656 528 790 597 repetere
805 520 866 579 sive
886 528 1007 599 propter
1025 520 1141 582 adven·

126 619 190 671 tum
213 608 364 686 hospitum
384 606 475 665 ctiam
495 604 660 676 nobilium,
681 604 770 663 etiam
790 604 976 684 principum,
993 614 1045 665 aut
1064 608 1139 685 Epi·

125 696 227 773 scopi,
246 691 298 771 qui
317 690 367 751 dic
385 689 461 750 testo
478 687 596 749 missam
618 704 679 748 non
699 687 871 761 audierint,
891 706 947 749 nec
966 690 1041 749 alius
1056 691 1139 752 adsit

125 775 281 850 sacerdos3
299 790 396 851 neque
416 773 497 834 enim
516 770 579 832 haec
599 780 643 833 est
664 778 744 832 tanta
766 772 939 845 necessitas,
956 784 1064 852 quanta
1085 794 1135 835 re·

125 861 254 941 quiritur
268 860 301 920 iu
318 877 382 939 cap.
395 852 579 919 consuluisti
592 901 600 929 ,
618 854 654 918 de
674 852 807 919 celebrat.
821 856 990 919 nemeaeum.
1002 860 1077 919 Item
1091 874 1132 920 ‘en

127 945 228 1007 cddem
249 945 365 1005 ratione
386 941 533 1003 nonlicet
551 942 589 1002 ob
608 940 820 1002 benedicendas
840 943 976 1020 nuptias,
993 960 1058 1021 quac
1074 944 1135 1005 dit·

125 1028 198 1091 ferri
215 1030 247 1091 in
268 1029 357 1090 aliam
376 1027 457 1087 diem
474 1044 533 1085 non
555 1026 678 1103 possint.
690 1028 773 1085 'Iunc
792 1026 873 1087 enim
896 1027 1037 1089 celebrari
1061 1046 1133 1107 pos·

126 1123 195 1175 sunt
208 1114 320 1193 nuptia
341 1113 404 1174 sine
419 1111 506 1171 missd
517 1152 526 1181 ,
539 1119 569 1169 et
585 1108 803 1171 benedictiones
818 1110 1036 1191 insequentem
1050 1110 1133 1175 diem

125 1198 289 1259 transferri.
304 1197 380 1259 lbid.
393 1197 416 1257 l.
429 1196 459 1255 ll.
472 1214 498 1255 c.
511 1196 540 1253 b.
554 1212 586 1254 n.
598 1195 627 1253 5.

164 1283 221 1343 Sed
242 1280 314 1363 quid
335 1282 359 1343 si
384 1278 615 1341 ministrandum
638 1278 677 1337 sit
693 1278 841 1338 Viatieum
864 1276 1011 1339 infirmo?
1030 1280 1134 1342 Profe-

127 1363 175 1426 ctd
187 1368 211 1427 si
229 1366 363 1428 sacerdos
379 1371 443 1442 tam
462 1364 580 1424 missam
597 1362 739 1433 absolvit,
755 1373 825 1423 tunc
838 1370 941 1442 utpote
956 1380 1016 1425 non
1027 1363 1133 1442 jejuno

126 1468 187 1511 nou
201 1452 270 1513 licet
288 1453 315 1512 ei
333 1449 436 1511 russiae
455 1448 611 1510 celebrare.
625 1448 656 1508 Si
676 1447 793 1507 missam
806 1464 867 1508 non
878 1447 1019 1525 absolvit,
1036 1458 1135 1528 potest

127 1536 291 1595 necessitati
307 1536 351 1594 illi
373 1534 542 1610 provideri,
557 1531 655 1591 dando
677 1539 792 1610 partem
811 1528 914 1592 hostlae
930 1550 1000 1592 suae.
1015 1534 1045 1593 si
1061 1534 1135 1595 vare

125 1617 258 1677 sacerdos
275 1616 457 1676 Eucharistid
479 1615 619 1693 quidem,
648 1632 708 1674 non
731 1632 803 1675 vero
827 1618 977 1677 ablutione
994 1624 1133 1697 percepta

126 1711 280 1762 moneatur
291 1700 329 1761 de
339 1699 454 1761 Viatico
469 1698 590 1760 infirmo
606 1699 804 1761 ministrando
817 1744 825 1775 ,
837 1710 908 1762 tuuc
921 1702 1023 1781 utique
1035 1714 1133 1781 potest

125 1784 213 1848 oliam
232 1786 350 1847 missam
369 1784 526 1846 celebrare.
541 1783 618 1845 lbid.

164 1870 239 1935 cum
262 1874 294 1934 in
317 1870 439 1949 alicujus
458 1868 534 1932 sorte
550 1870 686 1931 Ecclesiae
708 1868 818 1949 capelli
840 1878 901 1930 tam
927 1871 1034 1931 multas
1058 1874 1134 1933 mis·

125 1974 225 2019 sarum
243 1958 352 2019 ibidem
371 1956 611 2018 celebrandarum
627 1956 826 2034 eleemosynas
842 1956 985 2035 receperit
997 1964 1055 2030 ,ut
1069 1974 1133 2020 non

126 2046 219 2124 possit
233 2045 309 2105 inira
322 2041 535 2103 hebdomadam
548 2041 608 2101 illis
620 2040 774 2113 satisfieri,
796 2041 947 2102 mandavit
961 2044 992 2102 S.
1003 2045 1037 2104 G.
1051 2045 1133 2106 Gon·

125 2131 208 2203 cilii,
227 2139 261 2192 ut
277 2150 343 2210 quae
362 2135 519 2206 supersunt
537 2128 570 2189 in
594 2127 661 2189 aliis
679 2127 820 2188 alteribus
841 2127 974 2206 ejusdem
997 2132 1134 2194 Ecclesiae

126 2215 329 2290 celebrentur,
349 2213 538 2292 injunxitque
556 2213 664 2286 simul,
685 2221 719 2274 ut
735 2213 871 2290 deinceps
885 2213 986 2274 fideles
1003 2215 1134 2278 eleimo-
1228 2277 1229 2280 ,

126 2318 213 2380 synas
231 2301 358 2362 oblaturi
376 2299 411 2359 cd
431 2299 469 2362 de
490 2315 524 2359 re
542 2306 739 2372 moneantur,
758 2299 865 2378 scriptd
887 2297 992 2360 tabcttc
1011 2301 1045 2360 in
1066 2302 1134 2363 loco

126 2384 375 2445 visibililteelesicc
388 2382 530 2460 exposite.
544 2383 589 2443 Da
601 2382 713 2462 synod.
724 2381 810 2444 dioec.
825 2381 878 2444 lib.
887 2385 935 2444 lb.
944 2400 1007 2462 cap.
1017 2385 1048 2445 t.
1057 2402 1088 2445 n.
1101 2389 1133 2448 b.

163 2466 303 2540 Quamvis
325 2465 342 2526 h
367 2466 452 2525 Sacrd
473 2466 705 2545 congregatione
733 2464 839 2544 saepitls
863 2466 993 2528 decisum
1016 2468 1074 2529 fuit
1099 2471 1133 2532 in

126 2549 260 2615 oratoriis
271 2549 396 2632 publicis
403 2549 465 2610 sitis
472 2549 550 2610 intra
561 2550 637 2609 fines
644 2549 763 2628 parochi
774 2550 850 2628 juris
858 2569 918 2613 non
931 2569 991 2612 esse
1001 2553 1133 2632 parocho

126 2635 306 2718 prohibere,
325 2654 364 2698 ne
383 2637 478 2698 missae
492 2636 679 2697 celebrentur
692 2645 761 2702 ante
777 2635 895 2698 missam
911 2637 1132 2718 parochialem

125 2725 150 2782 si
172 2732 270 2783 tamen
292 2723 451 2800 Episcopus
479 2723 511 2783 in
532 2721 660 2802 Synodo¹
676 2719 709 2784 id
735 2721 909 2804 prohibeat,
940 2739 979 2784 ne
1001 2726 1133 2803 populus

127 2805 295 2867 retrahatur
316 2805 334 2866 t
357 2806 444 2865 missd
467 2806 628 2884 parochiali
644 2815 682 2869 ‘et
705 2807 865 2879 concione,
887 2807 1058 2870 constitutio
1079 2811 1132 2872 illa
1228 2867 1229 2870 ,

128 2890 217 2964 valet,
230 2900 260 2951 et
271 2889 412 2969 lipiseopo
422 2890 585 2968 parendum
598 2895 654 2950 cst.
667 2891 710 2951 De
720 2893 792 2970 Syn.
802 2892 888 2954 dioec.
898 2891 972 2953 hlh.
981 2911 1007 2952 c.
1016 2891 1045 2954 7.
1057 2913 1089 2954 n.
1099 2897 1132 2956 7.

164 2976 251 3036 Idissa
272 2975 443 3036 celebranda
459 2983 504 3036 cst
519 2973 556 3034 ab
576 2975 682 3037 eurord
697 2993 791 3054 usque
811 2976 848 3037 ad
869 2977 1134 3052 meridicm3tolc-

124 3068 210 3122 ratur
227 3070 325 3121 tamen
349 3062 518 3140 anticipatio
539 3061 636 3122 tertiae
655 3059 737 3122 hore
758 3065 869 3139 partis,
887 3064 961 3124 sicut
977 3072 1009 3123 et
1026 3081 1134 3142 prore·

125 3144 204 3221 gallo
224 3144 321 3205 tertiae
337 3143 418 3204 horca
437 3146 527 3223 partis
550 3154 616 3225 post
638 3145 811 3223 meridiem,
825 3154 859 3207 ut
878 3148 1021 3208 caedicio
1034 3150 1134 3211 Betae·

126 3225 197 3287 atati
209 3229 305 3290 XIII.
323 3231 396 3290 lest.
410 3229 486 3290 Eccl.
501 3232 550 3290 lb.
562 3248 594 3290 u.
608 3231 639 3290 b
654 3231 706 3292 Ius
722 3230 810 3293 habet
829 3233 987 3312 Episcopus
1009 3235 1133 3297 vetandi
1228 3247 1229 3250 ’

125 3309 214 3369 ctiam
238 3311 294 3370 sub
319 3314 415 3390 poenis
439 3314 607 3386 canonicIs,
636 3332 675 3374 ne
698 3315 846 3393 regulares
873 3316 950 3376 ultra
977 3328 1134 3381 consuetas
1228 3335 1229 3350 ³

124 3385 218 3528 &grans
232 3391 396 3532 pagebrent,
421 3405 455 3456 nt
476 3414 511 3456 cx
533 3396 658 3460 decretis
678 3401 709 3460 S.
726 3402 758 3461 C.
784 3400 931 3460 firmatur.
953 3395 1025 3460 lust.
1049 3405 1131 3466 Eccl.

161 3545 255 3610 Nemo
277 3555 409 3634 ignotus,
430 3559 491 3619 sire
509 3561 675 3639 saecularis,
697 3563 762 3625 'sire
784 3555 943 3643 regularis,
966 3567 1133 3638 semissen·
