2475 3975
122 110 180 173 ltu
406 104 518 167 Proeto
528 96 711 181 eorascascrii.
722 100 795 179 cop.
811 99 842 157 o.

124 208 321 275 nicaucnioue
337 204 610 285 contemplationis,
625 200 836 279 outcaligiois‚
848 207 900 260 aut
912 199 1055 273 unionis,
1068 216 1131 262 non

122 294 209 357 debet
227 295 253 355 ei
273 294 443 373 imponere,
457 298 491 351 ut
507 306 554 349 aas
572 284 708 365 rejiciat,
721 285 774 345 sed
784 294 819 345 ut
830 283 1002 357 humiliter,
1018 293 1129 345 etcum

122 382 284 461 gratiarum
297 379 411 439 actione
431 374 564 455 recipiat.
579 374 702 451 Semper
715 369 786 432 vend
809 378 911 431 utatur
932 370 1050 443 verbis,
1064 388 1132 449 quaa

123 467 253 527 unimam
268 482 328 525 non
339 458 462 523 omnind
474 475 605 518 securam
618 456 767 527 efficiant,
784 455 837 515 sed
847 456 1017 533 relinquant
1026 470 1133 533 quem·

123 551 192 611 dam
208 551 368 619 timorem,
387 545 439 623 qui
458 561 545 615 eam,
566 542 620 603 etsi
634 560 697 602 non
714 540 889 612 conturbet,
911 539 1043 599 detineat
1058 538 1131 599 vero

123 637 155 697 ln
166 634 350 704 humilitate,
363 638 393 691 et
409 630 446 690 ab
467 628 607 689 omnibus
618 626 805 687 alienatione.
820 626 935 686 Gratias
948 632 1047 684 autem
1058 642 1133 702 qua-

124 720 261 781 rumdam
287 714 463 777 notitiarum
484 714 691 774 distinctarum
716 730 782 789 quac
809 709 955 769 habentur
983 710 1132 786 perviam

123 804 291 874 visionum,
306 809 336 861 et
347 798 394 860 his
407 798 572 870 similium,
592 806 627 857 ut
636 793 772 875 superius
789 793 939 865 diximus,
953 791 1056 871 jubeat
1066 812 1134 853 con·

124 888 259 947 lassamus
277 880 511 947 constantissime
532 882 688 951 recusari,
713 897 830 959 semper
850 886 950 939 tamen
974 879 1005 937 in
1024 879 1133 959 spiritu

124 968 301 1031 humilitatis
316 970 357 1049 let
370 970 433 1029 sine
454 969 516 1028 ullo
529 974 724 1045 contemptu,
741 974 776 1025 ut
798 963 944 1043 expuendi
962 962 1131 1039 infaciem,

126 1056 270 1118 irridendi
283 1065 338 1117 ete.
351 1054 431 1133 quod
450 1072 511 1113 non
532 1053 623 1124 licet,
644 1058 679 1111 ut
700 1051 800 1128 plures
820 1048 988 1126 asserunt);
1013 1057 1045 1108 at
1062 1066 1136 1125 pro-

126 1142 260 1202 testando
274 1158 305 1199 sc
318 1156 416 1199 coram
433 1140 513 1197 Deo:
530 1136 567 1195 Sc
580 1136 657 1195 valle
670 1135 697 1195 ci
715 1135 746 1194 in
762 1153 836 1213 pura
854 1134 915 1194 lide
930 1134 1050 1194 servire.
1071 1134 1138 1193 Cae-

126 1224 243 1294 terdm,
258 1222 358 1301 inquit
377 1223 409 1283 S.
428 1218 563 1281 uterum
585 1219 672 1299 (Vito
687 1237 713 1279 c.
728 1220 777 1280 15.
801 1220 944 1279 etoleno.
964 1220 1015 1279 VI.
1030 1236 1055 1277 o.
1068 1216 1134 1294 9.),

37 1382 39 1387 Α
127 1306 207 1387 qudd
232 1306 476 1385 quotiescumque
504 1304 603 1364 anima
622 1304 713 1365 sentit
737 1321 769 1363 sc
794 1304 923 1363 suaviter
948 1300 1065 1362 accendi
1096 1302 1136 1363 ad

126 1409 258 1452 amorem
282 1408 351 1470 arga
369 1392 487 1466 Deum,
507 1387 617 1451 habdre
637 1389 726 1449 debet
750 1388 1048 1449 communicationem
1068 1395 1137 1450 tan·

127 1494 217 1553 quam
231 1476 384 1549 divinam,
401 1492 461 1536 non
479 1473 546 1536 idad
563 1484 597 1535 ut
610 1473 710 1534 credat
721 1491 754 1533 sc
770 1473 835 1533 aliis
847 1473 1022 1547 meliorem,
1039 1471 1091 1533 sed
1102 1482 1138 1535 ut

127 1561 261 1621 animum
279 1560 365 1619 faciat
387 1559 423 1620 ad
449 1558 606 1639 perlectids
620 1578 721 1619 coram
748 1559 811 1619 lleo
839 1557 1076 1633 ambulandum3
1094 1559 1137 1617 ito

127 1646 208 1706 enim
223 1642 335 1725 agendo
348 1644 428 1703 Deus
445 1644 552 1705 efficiet
572 1652 606 1705 ut
627 1643 762 1720 daemon,
786 1644 903 1704 etiamsi
927 1645 982 1704 iste
1006 1645 1137 1722 aliquam

127 1740 241 1811 partem
262 1728 404 1807 haberet,
424 1728 519 1789 victus
540 1734 715 1803 remaneat,
737 1736 768 1789 ct
790 1728 850 1788 suis
872 1728 943 1805 ipsis
968 1728 1059 1788 umis
1079 1728 1137 1789 siti

126 1814 310 1877 damnificet.

167 1902 235 1961 tlt.
254 1896 311 1961 Sed
330 1898 554 1960 concludamus.
565 1900 701 1960 Director
719 1914 791 1977 ergo
808 1898 837 1959 l.
856 1899 990 1975 imponat
1010 1898 1137 1971 animur,

127 1995 162 2049 ut
179 1984 315 2066 superius
336 1984 483 2058 diximus,
505 1995 540 2046 ut
560 1982 689 2045 fideliter
706 1994 826 2046 enarret
843 2001 947 2044 omnes
970 1986 1139 2046 communi·

127 2072 255 2134 cationes
275 2088 347 2150 quas
367 2067 456 2129 habet
477 2069 509 2129 in
531 2071 687 2142 oratione,
709 2070 821 2130 nullam
844 2079 942 2130 tamen
964 2087 1012 2129 eas
1027 2070 1138 2132 sciendi

127 2158 227 2236 gulam
239 2155 439 2216 demonstret:
452 2172 651 2234 necunquam
664 2155 730 2216 aliis
740 2153 909 2214 manilestet
918 2153 1025 2231 gratias
1034 2172 1138 2233 supcr-

129 2243 278 2302 naturales
290 2258 344 2299 suo
357 2240 513 2320 poenitenti
527 2259 697 2318 concessas3
713 2239 766 2301 liet
783 2240 864 2300 enim
880 2248 914 2299 ut
925 2239 970 2298 illi
990 2237 1054 2316 ejus
1071 2257 1139 2317 prc-

129 2325 210 2386 cibus
222 2341 253 2383 sa
266 2325 495 2397 commendent,
515 2343 641 2404 eamque
660 2326 788 2387 maximo
802 2324 992 2403 superbiendi
1006 2324 1139 2404 periculo

128 2418 299 2488 exponant:
318 2408 365 2468 vel
386 2411 410 2468 si
431 2409 585 2488 posthanc
605 2412 758 2487 notitiam,
773 2411 953 2472 levissimum
966 2412 1139 2471 intueantur

128 2493 295 2563 delectum,
313 2491 442 2552 muttum
464 2493 760 2573 scandalizabuntur,
783 2505 814 2557 ct
832 2496 864 2555 in
881 2495 1027 2557 derisione
1047 2493 1138 2556 haue-

128 2577 332 2640 buntuuon
343 2578 478 2640 ostendat
490 2579 560 2640 huic
578 2582 685 2642 animas
704 2580 811 2642 talibus
822 2582 974 2642 favoribus
993 2580 1140 2642 distincto

128 2661 305 2744 particulare
328 2663 448 2741 aliquod
471 2666 588 2745 signum
612 2667 835 2740 aestimationis,
863 2677 893 2726 et
912 2664 1013 2728 multo
1039 2663 1140 2725 minois
1236 2728 1237 2747 ,

128 2748 227 2808 mittat
245 2747 315 2806 alias
341 2750 518 2826 poenitentcs
538 2751 575 2812 ad
595 2752 756 2832 petendum
776 2750 934 2812 consilium
957 2751 995 2811 ab
1014 2769 1070 2825 ea,
1091 2751 1139 2810 val

128 2833 166 2892 ad
178 2829 394 2912 exposcendum
416 2833 572 2909 solatium,
589 2847 641 2897 aut
658 2837 872 2899 directionem:
890 2836 988 2916 potids
1003 2836 1140 2897 ostendat

128 2917 254 2980 minoris
275 2935 340 2978 eam
356 2917 472 2996 facere,
497 2919 586 3000 quim
605 2922 675 2983 alias
697 2923 810 2983 animas
830 2940 895 3004 quae
914 2922 1068 2983 ambulant
1087 2939 1141 2998 per

128 3002 205 3064 viam
224 3003 313 3077 fidei,
337 3005 478 3082 quoniam
501 3008 607 3069 animm
630 3007 676 3068 his
696 3007 847 3070 favoribus
869 3017 1002 3080 ornatae,
1023 3007 1140 3086 regula-

127 3089 202 3147 riter
223 3088 391 3166 loquendo,
408 3107 525 3171 semper
544 3101 574 3153 et
598 3091 729 3155 multllm
748 3101 819 3154 sunt
838 3091 1040 3154 humiliando.
1061 3094 1091 3154 ὅ.
1108 3094 1139 3154 si
1235 3144 1236 3165 ,

128 3169 260 3231 advertat
272 3175 402 3235 animam
413 3194 530 3238 servare
542 3175 761 3252 humilitatem,
773 3186 862 3259 atque
875 3179 1017 3240 timorem
1030 3178 1062 3238 in
1076 3179 1140 3239 istis
1217 3176 1236 3221 ·'

127 3252 236 3315 divinis
256 3261 593 3335 communicationibus,
613 3273 730 3343 oportet
753 3281 819 3324 cam
842 3262 1004 3341 adJuvare,
1025 3262 1088 3324 imd
1110 3272 1140 3324 ct
1235 3276 1236 3281 ’

128 3354 262 3436 securam
283 3339 398 3415 facere,
417 3348 531 3424 quoties
545 3349 683 3426 expedire
696 3350 877 3428 cognoverit.
892 3349 997 3427 'lnquit
1014 3350 1046 3410 S.
1064 3347 1140 3409 Tic·
1235 3342 1236 3417 ἶ

128 3441 228 3506 rasso,
244 3421 324 3522 qudd
335 3425 436 3521 aalma
457 3449 621 3512 numquam
636 3434 804 3495 movebitur
825 3435 862 3496 ad
884 3452 990 3512 magna
1010 3450 1065 3513 pro
1076 3435 1139 3494 Deo
1235 3422 1236 3451 ἶ

127 3505 254 3581 gerenda
265 3548 274 3579 ,
287 3525 343 3566 nasi
355 3515 508 3585 agnoverit
524 3535 555 3576 se
567 3535 673 3596 magna
690 3520 834 3598 accepisse
848 3518 865 3579 i
880 3521 954 3580 Deo.
967 3521 1004 3580 Et
1015 3517 1137 3596 quidem
