<?xml version="1.0" encoding="UTF-8"?>
<!DOCTYPE html PUBLIC "-//W3C//DTD XHTML 1.0 Transitional//EN"
    "http://www.w3.org/TR/xhtml1/DTD/xhtml1-transitional.dtd">
<html xmlns="http://www.w3.org/1999/xhtml" xml:lang="en" lang="en">
 <head>
  <title>
</title>
<meta http-equiv="Content-Type" content="text/html;charset=utf-8" />
  <meta name='ocr-system' content='tesseract 3.04.00' />
  <meta name='ocr-capabilities' content='ocr_page ocr_carea ocr_par ocr_line ocrx_word'/>
</head>
<body>
  <div class='ocr_page' id='page_1' title='image "./theologiamorali04heilgoog_0482.png"; bbox 0 0 2475 3975; ppageno 0'>
   <div class='ocr_carea' id='block_1_1' title="bbox 509 354 695 420">
    <p class='ocr_par' dir='ltr' id='par_1_1' title="bbox 509 354 695 420">
     <span class='ocr_line' id='line_1_1' title="bbox 509 354 695 420; baseline 0 -3"><span class='ocrx_word' id='word_1_1' title='bbox 509 354 695 420; x_wconf 71' lang='lat' dir='ltr'>sitiente.</span> 
     </span>
    </p>
   </div>
   <div class='ocr_carea' id='block_1_2' title="bbox 105 520 1130 2384">
    <p class='ocr_par' dir='ltr' id='par_1_2' title="bbox 105 520 1123 945">
     <span class='ocr_line' id='line_1_2' title="bbox 144 520 1121 607; baseline -0.002 -20"><span class='ocrx_word' id='word_1_2' title='bbox 144 526 281 607; x_wconf 75' lang='lat' dir='ltr'><strong>synodus</strong></span> <span class='ocrx_word' id='word_1_3' title='bbox 294 526 454 589; x_wconf 75' lang='lat' dir='ltr'>diocesem</span> <span class='ocrx_word' id='word_1_4' title='bbox 466 543 526 587; x_wconf 92' lang='lat' dir='ltr'>non</span> <span class='ocrx_word' id='word_1_5' title='bbox 541 520 703 585; x_wconf 80' lang='lat' dir='ltr'>necessarii</span> <span class='ocrx_word' id='word_1_6' title='bbox 723 522 936 585; x_wconf 75' lang='lat' dir='ltr'><strong>transmittitur</strong></span> <span class='ocrx_word' id='word_1_7' title='bbox 947 524 984 587; x_wconf 90' lang='lat' dir='ltr'>ad</span> <span class='ocrx_word' id='word_1_8' title='bbox 1001 540 1121 585; x_wconf 88' lang='lat' dir='ltr'>sacram</span> 
     </span>
     <span class='ocr_line' id='line_1_3' title="bbox 105 607 1120 693; baseline -0.002 -20"><span class='ocrx_word' id='word_1_9' title='bbox 105 613 366 693; x_wconf 70' lang='lat' dir='ltr'>Congregetionem</span> <span class='ocrx_word' id='word_1_10' title='bbox 379 610 501 673; x_wconf 81' lang='lat' dir='ltr'>Concilii</span> <span class='ocrx_word' id='word_1_11' title='bbox 514 654 523 681; x_wconf 97' lang='lat'>,</span> <span class='ocrx_word' id='word_1_12' title='bbox 535 616 569 669; x_wconf 88' lang='lat' dir='ltr'>ut</span> <span class='ocrx_word' id='word_1_13' title='bbox 578 607 615 669; x_wconf 94' lang='lat' dir='ltr'>ab</span> <span class='ocrx_word' id='word_1_14' title='bbox 624 608 657 669; x_wconf 83' lang='lat' dir='ltr'>et</span> <span class='ocrx_word' id='word_1_15' title='bbox 669 616 911 687; x_wconf 73' lang='lat' dir='ltr'>recognoscatur,</span> <span class='ocrx_word' id='word_1_16' title='bbox 925 610 1120 683; x_wconf 73' lang='lat' dir='ltr'>emendetur,</span> 
     </span>
     <span class='ocr_line' id='line_1_4' title="bbox 106 694 1122 776; baseline -0.001 -19"><span class='ocrx_word' id='word_1_17' title='bbox 106 706 137 757; x_wconf 91' lang='lat' dir='ltr'>et</span> <span class='ocrx_word' id='word_1_18' title='bbox 155 698 346 776; x_wconf 77' lang='lat' dir='ltr'>approbetur.</span> <span class='ocrx_word' id='word_1_19' title='bbox 361 700 405 759; x_wconf 84' lang='lat' dir='ltr'>De</span> <span class='ocrx_word' id='word_1_20' title='bbox 419 696 532 775; x_wconf 84' lang='lat' dir='ltr'>Synod.</span> <span class='ocrx_word' id='word_1_21' title='bbox 543 694 659 755; x_wconf 79' lang='lat' dir='ltr'>dicaces.</span> <span class='ocrx_word' id='word_1_22' title='bbox 677 694 699 755; x_wconf 87' lang='lat' dir='ltr'>l.</span> <span class='ocrx_word' id='word_1_23' title='bbox 722 694 770 755; x_wconf 88' lang='grc' dir='ltr'>ι5.</span> <span class='ocrx_word' id='word_1_24' title='bbox 788 713 815 754; x_wconf 89' lang='lat' dir='ltr'>c.</span> <span class='ocrx_word' id='word_1_25' title='bbox 829 694 857 757; x_wconf 83' lang='grc'>5.</span> <span class='ocrx_word' id='word_1_26' title='bbox 871 714 902 757; x_wconf 87' lang='grc' dir='ltr'>ιι.</span> <span class='ocrx_word' id='word_1_27' title='bbox 917 694 1032 757; x_wconf 62' lang='lat' dir='ltr'>ullam</span> <span class='ocrx_word' id='word_1_28' title='bbox 1047 697 1122 756; x_wconf 85' lang='lat' dir='ltr'>Six-</span> 
     </span>
     <span class='ocr_line' id='line_1_5' title="bbox 106 776 1123 859; baseline 0.002 -20"><span class='ocrx_word' id='word_1_29' title='bbox 106 781 168 841; x_wconf 90' lang='lat' dir='ltr'>tina</span> <span class='ocrx_word' id='word_1_30' title='bbox 188 782 386 853; x_wconf 88' lang='lat' dir='ltr'>constitutio,</span> <span class='ocrx_word' id='word_1_31' title='bbox 407 799 475 859; x_wconf 83' lang='lat' dir='ltr'>quaa</span> <span class='ocrx_word' id='word_1_32' title='bbox 499 780 599 841; x_wconf 76' lang='lat' dir='ltr'>afferri</span> <span class='ocrx_word' id='word_1_33' title='bbox 615 777 655 839; x_wconf 88' lang='lat' dir='ltr'>od</span> <span class='ocrx_word' id='word_1_34' title='bbox 677 778 708 839; x_wconf 90' lang='lat' dir='ltr'>id</span> <span class='ocrx_word' id='word_1_35' title='bbox 728 786 849 857; x_wconf 88' lang='lat' dir='ltr'>posset,</span> <span class='ocrx_word' id='word_1_36' title='bbox 868 776 943 841; x_wconf 87' lang='lat' dir='ltr'>nihil</span> <span class='ocrx_word' id='word_1_37' title='bbox 966 782 1000 847; x_wconf 75' lang='lat' dir='ltr'>et</span> <span class='ocrx_word' id='word_1_38' title='bbox 1023 780 1063 841; x_wconf 90' lang='lat' dir='ltr'>de</span> <span class='ocrx_word' id='word_1_39' title='bbox 1081 797 1123 841; x_wconf 86' lang='lat' dir='ltr'>re</span> 
     </span>
     <span class='ocr_line' id='line_1_6' title="bbox 107 862 793 945; baseline -0.004 -21"><span class='ocrx_word' id='word_1_40' title='bbox 107 866 231 939; x_wconf 75' lang='lat' dir='ltr'>statuit,</span> <span class='ocrx_word' id='word_1_41' title='bbox 255 866 311 927; x_wconf 92' lang='lat' dir='ltr'>nisi</span> <span class='ocrx_word' id='word_1_42' title='bbox 336 866 432 945; x_wconf 88' lang='lat' dir='ltr'>quood</span> <span class='ocrx_word' id='word_1_43' title='bbox 447 865 576 925; x_wconf 83' lang='lat' dir='ltr'>Concilio</span> <span class='ocrx_word' id='word_1_44' title='bbox 590 862 793 942; x_wconf 86' lang='lat' dir='ltr'>provincialia.</span> 
     </span>
    </p>

    <p class='ocr_par' dir='ltr' id='par_1_3' title="bbox 107 948 1130 1539">
     <span class='ocr_line' id='line_1_7' title="bbox 145 948 1123 1029; baseline 0.001 -19"><span class='ocrx_word' id='word_1_45' title='bbox 145 950 375 1011; x_wconf 85' lang='lat' dir='ltr'>Constitutionee</span> <span class='ocrx_word' id='word_1_46' title='bbox 392 948 547 1029; x_wconf 78' lang='lat' dir='ltr'>synodales</span> <span class='ocrx_word' id='word_1_47' title='bbox 577 949 678 1009; x_wconf 90' lang='lat' dir='ltr'>statim</span> <span class='ocrx_word' id='word_1_48' title='bbox 706 966 738 1007; x_wconf 94' lang='lat' dir='ltr'>ac</span> <span class='ocrx_word' id='word_1_49' title='bbox 759 948 1002 1027; x_wconf 82' lang='lat' dir='ltr'>promulgantur,</span> <span class='ocrx_word' id='word_1_50' title='bbox 1021 950 1123 1026; x_wconf 86' lang='lat' dir='ltr'>ligare</span> 
     </span>
     <span class='ocr_line' id='line_1_8' title="bbox 107 1032 1126 1113; baseline -0.005 -20"><span class='ocrx_word' id='word_1_51' title='bbox 107 1033 239 1095; x_wconf 90' lang='lat' dir='ltr'>subditos</span> <span class='ocrx_word' id='word_1_52' title='bbox 253 1036 419 1113; x_wconf 89' lang='lat' dir='ltr'>incipiunt,</span> <span class='ocrx_word' id='word_1_53' title='bbox 434 1051 532 1111; x_wconf 88' lang='lat' dir='ltr'>neque</span> <span class='ocrx_word' id='word_1_54' title='bbox 544 1034 686 1093; x_wconf 74' lang='lat' dir='ltr'>bimestre</span> <span class='ocrx_word' id='word_1_55' title='bbox 701 1032 932 1110; x_wconf 89' lang='lat' dir='ltr'>expectandum,</span> <span class='ocrx_word' id='word_1_56' title='bbox 947 1042 980 1093; x_wconf 91' lang='lat' dir='ltr'>ut</span> <span class='ocrx_word' id='word_1_57' title='bbox 996 1034 1126 1113; x_wconf 82' lang='lat' dir='ltr'>delegi..</span> 
     </span>
     <span class='ocr_line' id='line_1_9' title="bbox 108 1116 1124 1201; baseline 0.003 -21"><span class='ocrx_word' id='word_1_58' title='bbox 108 1120 163 1182; x_wconf 89' lang='lat' dir='ltr'>bus</span> <span class='ocrx_word' id='word_1_59' title='bbox 185 1121 387 1201; x_wconf 76' lang='lat' dir='ltr'>imperialibus</span> <span class='ocrx_word' id='word_1_60' title='bbox 410 1119 547 1179; x_wconf 86' lang='lat' dir='ltr'>edicitur.</span> <span class='ocrx_word' id='word_1_61' title='bbox 562 1121 594 1179; x_wconf 86' lang='lat' dir='ltr'>L.</span> <span class='ocrx_word' id='word_1_62' title='bbox 608 1120 697 1200; x_wconf 78' lang='lat' dir='ltr'>Lepos</span> <span class='ocrx_word' id='word_1_63' title='bbox 718 1116 936 1179; x_wconf 75' lang='lat' dir='ltr'>secretissimae.</span> <span class='ocrx_word' id='word_1_64' title='bbox 951 1121 984 1179; x_wconf 81' lang='lat' dir='ltr'>G.</span> <span class='ocrx_word' id='word_1_65' title='bbox 1001 1118 1087 1193; x_wconf 80' lang='lat' dir='ltr'>dele</span> <span class='ocrx_word' id='word_1_66' title='bbox 1114 1164 1124 1183; x_wconf 86' lang='lat'><strong>.</strong></span> 
     </span>
     <span class='ocr_line' id='line_1_10' title="bbox 107 1202 1125 1283; baseline 0.001 -18"><span class='ocrx_word' id='word_1_67' title='bbox 107 1214 137 1266; x_wconf 90' lang='lat' dir='ltr'>et</span> <span class='ocrx_word' id='word_1_68' title='bbox 152 1203 215 1268; x_wconf 78' lang='lat' dir='ltr'>aad.</span> <span class='ocrx_word' id='word_1_69' title='bbox 240 1203 336 1267; x_wconf 85' lang='lat' dir='ltr'>ooeel.</span> <span class='ocrx_word' id='word_1_70' title='bbox 351 1208 400 1267; x_wconf 82' lang='lat' dir='ltr'>tt.</span> <span class='ocrx_word' id='word_1_71' title='bbox 423 1213 452 1265; x_wconf 88' lang='lat' dir='ltr'>et</span> <span class='ocrx_word' id='word_1_72' title='bbox 467 1204 505 1265; x_wconf 91' lang='lat' dir='ltr'>de</span> <span class='ocrx_word' id='word_1_73' title='bbox 528 1202 823 1283; x_wconf 75' lang='lat' dir='ltr'>legibuspontiiiciis</span> <span class='ocrx_word' id='word_1_74' title='bbox 839 1202 973 1265; x_wconf 87' lang='lat' dir='ltr'>doctores</span> <span class='ocrx_word' id='word_1_75' title='bbox 993 1205 1125 1283; x_wconf 79' lang='lat' dir='ltr'>qnidam</span> 
     </span>
     <span class='ocr_line' id='line_1_11' title="bbox 107 1290 1125 1371; baseline -0.002 -18"><span class='ocrx_word' id='word_1_76' title='bbox 107 1300 263 1367; x_wconf 80' lang='lat' dir='ltr'>asserum,</span> <span class='ocrx_word' id='word_1_77' title='bbox 284 1292 350 1353; x_wconf 89' lang='lat' dir='ltr'>aliis</span> <span class='ocrx_word' id='word_1_78' title='bbox 367 1292 460 1371; x_wconf 75' lang='lat' dir='ltr'>magis</span> <span class='ocrx_word' id='word_1_79' title='bbox 481 1290 679 1351; x_wconf 88' lang='lat' dir='ltr'>communiter</span> <span class='ocrx_word' id='word_1_80' title='bbox 704 1290 906 1367; x_wconf 68' lang='lat' dir='ltr'>negantibus,</span> <span class='ocrx_word' id='word_1_81' title='bbox 928 1290 1004 1357; x_wconf 89' lang='lat' dir='ltr'>nibil</span> <span class='ocrx_word' id='word_1_82' title='bbox 1032 1292 1125 1357; x_wconf 87' lang='lat' dir='ltr'>enirn</span> 
     </span>
     <span class='ocr_line' id='line_1_12' title="bbox 108 1373 1130 1455; baseline 0 -18"><span class='ocrx_word' id='word_1_83' title='bbox 108 1377 184 1437; x_wconf 89' lang='lat' dir='ltr'>cirea</span> <span class='ocrx_word' id='word_1_84' title='bbox 203 1375 260 1438; x_wconf 91' lang='lat' dir='ltr'>boc</span> <span class='ocrx_word' id='word_1_85' title='bbox 272 1378 412 1450; x_wconf 75' lang='lat' dir='ltr'>statuitur</span> <span class='ocrx_word' id='word_1_86' title='bbox 434 1375 471 1435; x_wconf 91' lang='lat' dir='ltr'>de</span> <span class='ocrx_word' id='word_1_87' title='bbox 495 1375 609 1455; x_wconf 54' lang='lat' dir='ltr'>lmibus</span> <span class='ocrx_word' id='word_1_88' title='bbox 624 1373 660 1433; x_wconf 91' lang='lat' dir='ltr'>ab</span> <span class='ocrx_word' id='word_1_89' title='bbox 683 1374 872 1438; x_wconf 83' lang='lat' dir='ltr'>interioribus</span> <span class='ocrx_word' id='word_1_90' title='bbox 894 1374 982 1449; x_wconf 83' lang='lat' dir='ltr'>latis,</span> <span class='ocrx_word' id='word_1_91' title='bbox 1000 1384 1034 1437; x_wconf 85' lang='lat' dir='ltr'>ut</span> <span class='ocrx_word' id='word_1_92' title='bbox 1049 1394 1130 1439; x_wconf 69' lang='lat' dir='ltr'>mo-</span> 
     </span>
     <span class='ocr_line' id='line_1_13' title="bbox 108 1458 916 1539; baseline -0.002 -18"><span class='ocrx_word' id='word_1_93' title='bbox 108 1468 191 1521; x_wconf 87' lang='lat' dir='ltr'>ment</span> <span class='ocrx_word' id='word_1_94' title='bbox 204 1462 269 1519; x_wconf 83' lang='lat' dir='ltr'><strong>DI).</strong></span> <span class='ocrx_word' id='word_1_95' title='bbox 287 1460 395 1539; x_wconf 90' lang='lat' dir='ltr'>plures.</span> <span class='ocrx_word' id='word_1_96' title='bbox 412 1462 455 1519; x_wconf 89' lang='lat' dir='ltr'>De</span> <span class='ocrx_word' id='word_1_97' title='bbox 465 1460 538 1539; x_wconf 90' lang='lat' dir='ltr'>Syn.</span> <span class='ocrx_word' id='word_1_98' title='bbox 554 1459 641 1519; x_wconf 82' lang='lat' dir='ltr'>dimc.</span> <span class='ocrx_word' id='word_1_99' title='bbox 655 1458 679 1519; x_wconf 88' lang='grc' dir='ltr'>ι.</span> <span class='ocrx_word' id='word_1_100' title='bbox 695 1458 744 1517; x_wconf 80' lang='grc'>15.</span> <span class='ocrx_word' id='word_1_101' title='bbox 754 1475 780 1517; x_wconf 91' lang='lat' dir='ltr'>c.</span> <span class='ocrx_word' id='word_1_102' title='bbox 794 1460 824 1521; x_wconf 87' lang='lat' dir='ltr'>t.</span> <span class='ocrx_word' id='word_1_103' title='bbox 838 1477 870 1523; x_wconf 85' lang='grc' dir='ltr'>ιι.</span> <span class='ocrx_word' id='word_1_104' title='bbox 884 1460 916 1519; x_wconf 73' lang='grc' dir='ltr'><strong>ι.</strong></span> 
     </span>
    </p>

    <p class='ocr_par' dir='ltr' id='par_1_4' title="bbox 108 1542 1130 2384">
     <span class='ocr_line' id='line_1_14' title="bbox 145 1542 1125 1621; baseline 0.002 -18"><span class='ocrx_word' id='word_1_105' title='bbox 145 1544 303 1620; x_wconf 80' lang='lat' dir='ltr'>Regulares</span> <span class='ocrx_word' id='word_1_106' title='bbox 325 1545 414 1604; x_wconf 91' lang='lat' dir='ltr'>etiam</span> <span class='ocrx_word' id='word_1_107' title='bbox 432 1543 632 1620; x_wconf 73' lang='lat' dir='ltr'>subjiciuntur</span> <span class='ocrx_word' id='word_1_108' title='bbox 656 1542 770 1621; x_wconf 84' lang='lat' dir='ltr'>legibus</span> <span class='ocrx_word' id='word_1_109' title='bbox 791 1542 981 1621; x_wconf 75' lang='lat' dir='ltr'>synodalibus</span> <span class='ocrx_word' id='word_1_110' title='bbox 1001 1544 1125 1617; x_wconf 85' lang='lat' dir='ltr'>iniis,</span> 
     </span>
     <span class='ocr_line' id='line_1_15' title="bbox 108 1626 1127 1707; baseline 0.006 -22"><span class='ocrx_word' id='word_1_111' title='bbox 108 1645 174 1707; x_wconf 82' lang='lat' dir='ltr'>qum</span> <span class='ocrx_word' id='word_1_112' title='bbox 194 1626 355 1703; x_wconf 89' lang='lat' dir='ltr'>respiciunt</span> <span class='ocrx_word' id='word_1_113' title='bbox 376 1644 477 1684; x_wconf 89' lang='lat' dir='ltr'>curam</span> <span class='ocrx_word' id='word_1_114' title='bbox 499 1628 689 1699; x_wconf 82' lang='lat' dir='ltr'>animarum,</span> <span class='ocrx_word' id='word_1_115' title='bbox 711 1636 741 1683; x_wconf 91' lang='lat' dir='ltr'>et</span> <span class='ocrx_word' id='word_1_116' title='bbox 759 1637 1011 1689; x_wconf 86' lang='lat' dir='ltr'>sacramentorum</span> <span class='ocrx_word' id='word_1_117' title='bbox 1021 1626 1127 1691; x_wconf 80' lang='lat' dir='ltr'>admi-</span> 
     </span>
     <span class='ocr_line' id='line_1_16' title="bbox 109 1706 1126 1789; baseline 0.002 -18"><span class='ocrx_word' id='word_1_118' title='bbox 109 1710 314 1771; x_wconf 87' lang='lat' dir='ltr'>nistrationem</span> <span class='ocrx_word' id='word_1_119' title='bbox 325 1754 333 1781; x_wconf 91' lang='lat'>,</span> <span class='ocrx_word' id='word_1_120' title='bbox 346 1707 472 1770; x_wconf 78' lang='lat' dir='ltr'>ex&#39;l&#39;rid.</span> <span class='ocrx_word' id='word_1_121' title='bbox 482 1710 609 1771; x_wconf 61' lang='lat' dir='ltr'>cesset.</span> <span class='ocrx_word' id='word_1_122' title='bbox 623 1728 685 1787; x_wconf 87' lang='lat' dir='ltr'>cap.</span> <span class='ocrx_word' id='word_1_123' title='bbox 700 1709 748 1769; x_wconf 91' lang='lat' dir='ltr'>ll.</span> <span class='ocrx_word' id='word_1_124' title='bbox 758 1706 793 1769; x_wconf 83' lang='lat' dir='ltr'>de</span> <span class='ocrx_word' id='word_1_125' title='bbox 802 1707 985 1789; x_wconf 65' lang='lat' dir='ltr'>regularibus</span> <span class='ocrx_word' id='word_1_126' title='bbox 995 1754 1003 1779; x_wconf 88' lang='lat'>‚</span> <span class='ocrx_word' id='word_1_127' title='bbox 1012 1730 1126 1789; x_wconf 84' lang='lat' dir='ltr'>quem-</span> 
     </span>
     <span class='ocr_line' id='line_1_17' title="bbox 109 1790 1130 1865; baseline 0.003 -11"><span class='ocrx_word' id='word_1_128' title='bbox 109 1796 155 1855; x_wconf 82' lang='lat' dir='ltr'>vis</span> <span class='ocrx_word' id='word_1_129' title='bbox 179 1792 261 1855; x_wconf 78' lang='lat' dir='ltr'>sectis</span> <span class='ocrx_word' id='word_1_130' title='bbox 284 1794 323 1854; x_wconf 87' lang='lat' dir='ltr'>sit</span> <span class='ocrx_word' id='word_1_131' title='bbox 344 1794 377 1855; x_wconf 90' lang='lat' dir='ltr'>in</span> <span class='ocrx_word' id='word_1_132' title='bbox 394 1793 477 1865; x_wconf 89' lang='lat' dir='ltr'>aliis,</span> <span class='ocrx_word' id='word_1_133' title='bbox 494 1790 545 1853; x_wconf 87' lang='lat' dir='ltr'>sed</span> <span class='ocrx_word' id='word_1_134' title='bbox 573 1792 610 1853; x_wconf 90' lang='lat' dir='ltr'>ad</span> <span class='ocrx_word' id='word_1_135' title='bbox 628 1792 794 1855; x_wconf 83' lang='lat' dir='ltr'>evitandam</span> <span class='ocrx_word' id='word_1_136' title='bbox 818 1792 1034 1859; x_wconf 80' lang='lat' dir='ltr'>deformitatem</span> <span class='ocrx_word' id='word_1_137' title='bbox 1053 1812 1130 1857; x_wconf 87' lang='lat' dir='ltr'>sese</span> 
     </span>
     <span class='ocr_line' id='line_1_18' title="bbox 109 1876 1128 1956; baseline 0.001 -17"><span class='ocrx_word' id='word_1_138' title='bbox 109 1880 169 1939; x_wconf 88' lang='lat' dir='ltr'>illis</span> <span class='ocrx_word' id='word_1_139' title='bbox 198 1878 381 1939; x_wconf 88' lang='lat' dir='ltr'>eeniorment</span> <span class='ocrx_word' id='word_1_140' title='bbox 406 1884 540 1955; x_wconf 88' lang='lat' dir='ltr'>oportet,</span> <span class='ocrx_word' id='word_1_141' title='bbox 565 1895 626 1939; x_wconf 91' lang='lat' dir='ltr'>non</span> <span class='ocrx_word' id='word_1_142' title='bbox 653 1886 752 1939; x_wconf 88' lang='lat' dir='ltr'>tamen</span> <span class='ocrx_word' id='word_1_143' title='bbox 773 1876 829 1939; x_wconf 92' lang='lat' dir='ltr'>sub</span> <span class='ocrx_word' id='word_1_144' title='bbox 852 1878 933 1955; x_wconf 78' lang='lat' dir='ltr'>gravi</span> <span class='ocrx_word' id='word_1_145' title='bbox 959 1896 1006 1937; x_wconf 87' lang='lat' dir='ltr'>eas</span> <span class='ocrx_word' id='word_1_146' title='bbox 1023 1881 1128 1956; x_wconf 82' lang='lat' dir='ltr'>negli-</span> 
     </span>
     <span class='ocr_line' id='line_1_19' title="bbox 109 1961 1127 2044; baseline 0.004 -20"><span class='ocrx_word' id='word_1_147' title='bbox 109 1971 235 2044; x_wconf 83' lang='lat' dir='ltr'>gerent,</span> <span class='ocrx_word' id='word_1_148' title='bbox 255 1961 626 2025; x_wconf 82' lang='lat' dir='ltr'>notanteSuorio.deuset</span> <span class='ocrx_word' id='word_1_149' title='bbox 648 1967 748 2028; x_wconf 70' lang='lat' dir='ltr'>manen</span> <span class='ocrx_word' id='word_1_150' title='bbox 770 1961 905 2029; x_wconf 74' lang='lat' dir='ltr'>Pontifex</span> <span class='ocrx_word' id='word_1_151' title='bbox 920 1973 1025 2028; x_wconf 87' lang='lat' dir='ltr'>contre</span> <span class='ocrx_word' id='word_1_152' title='bbox 1039 1980 1127 2028; x_wconf 89' lang='lat' dir='ltr'>non·</span> 
     </span>
     <span class='ocr_line' id='line_1_20' title="bbox 111 2045 1126 2128; baseline -0.002 -18"><span class='ocrx_word' id='word_1_153' title='bbox 111 2050 210 2110; x_wconf 87' lang='lat' dir='ltr'>nullos</span> <span class='ocrx_word' id='word_1_154' title='bbox 226 2047 398 2128; x_wconf 68' lang='lat' dir='ltr'>regulares,</span> <span class='ocrx_word' id='word_1_155' title='bbox 418 2049 553 2126; x_wconf 88' lang='lat' dir='ltr'>quamvis</span> <span class='ocrx_word' id='word_1_156' title='bbox 571 2057 731 2112; x_wconf 87' lang='lat' dir='ltr'>teneantur</span> <span class='ocrx_word' id='word_1_157' title='bbox 755 2046 792 2108; x_wconf 86' lang='lat' dir='ltr'>ad</span> <span class='ocrx_word' id='word_1_158' title='bbox 811 2047 883 2110; x_wconf 86' lang='lat' dir='ltr'>festa</span> <span class='ocrx_word' id='word_1_159' title='bbox 903 2045 1057 2108; x_wconf 86' lang='lat' dir='ltr'>dioeceseos</span> <span class='ocrx_word' id='word_1_160' title='bbox 1082 2068 1126 2118; x_wconf 70' lang='lat' dir='ltr'>er</span> 
     </span>
     <span class='ocr_line' id='line_1_21' title="bbox 111 2128 1125 2213; baseline 0.004 -19"><span class='ocrx_word' id='word_1_161' title='bbox 111 2134 196 2194; x_wconf 86' lang='lat' dir='ltr'>Trid.</span> <span class='ocrx_word' id='word_1_162' title='bbox 208 2150 277 2192; x_wconf 89' lang='lat' dir='ltr'>sess.</span> <span class='ocrx_word' id='word_1_163' title='bbox 294 2135 345 2194; x_wconf 77' lang='lat' dir='ltr'>et.</span> <span class='ocrx_word' id='word_1_164' title='bbox 360 2151 387 2192; x_wconf 90' lang='lat' dir='ltr'>c.</span> <span class='ocrx_word' id='word_1_165' title='bbox 401 2134 449 2194; x_wconf 75' lang='grc' dir='ltr'>ιι.</span> <span class='ocrx_word' id='word_1_166' title='bbox 462 2129 498 2193; x_wconf 82' lang='lat' dir='ltr'>de</span> <span class='ocrx_word' id='word_1_167' title='bbox 508 2128 616 2213; x_wconf 68' lang='lat' dir='ltr'>repeat„</span> <span class='ocrx_word' id='word_1_168' title='bbox 631 2147 693 2198; x_wconf 79' lang='lat' dir='ltr'>nou</span> <span class='ocrx_word' id='word_1_169' title='bbox 713 2140 811 2198; x_wconf 86' lang='lat' dir='ltr'>temen</span> <span class='ocrx_word' id='word_1_170' title='bbox 831 2131 926 2192; x_wconf 75' lang='lat' dir='ltr'>teneri</span> <span class='ocrx_word' id='word_1_171' title='bbox 947 2133 984 2195; x_wconf 85' lang='lat' dir='ltr'>cd</span> <span class='ocrx_word' id='word_1_172' title='bbox 1002 2130 1125 2209; x_wconf 79' lang='lat' dir='ltr'>jejunia</span> 
     </span>
     <span class='ocr_line' id='line_1_22' title="bbox 110 2215 1126 2294; baseline 0.002 -17"><span class='ocrx_word' id='word_1_173' title='bbox 110 2217 148 2278; x_wconf 89' lang='lat' dir='ltr'>ab</span> <span class='ocrx_word' id='word_1_174' title='bbox 163 2218 305 2294; x_wconf 84' lang='lat' dir='ltr'>Episcopo</span> <span class='ocrx_word' id='word_1_175' title='bbox 320 2216 445 2292; x_wconf 88' lang='lat' dir='ltr'>indicta,</span> <span class='ocrx_word' id='word_1_176' title='bbox 467 2217 523 2276; x_wconf 88' lang='lat' dir='ltr'>nisi</span> <span class='ocrx_word' id='word_1_177' title='bbox 537 2218 593 2282; x_wconf 86' lang='lat' dir='ltr'>alia</span> <span class='ocrx_word' id='word_1_178' title='bbox 615 2215 796 2280; x_wconf 86' lang='lat' dir='ltr'>consuetudo</span> <span class='ocrx_word' id='word_1_179' title='bbox 815 2216 847 2274; x_wconf 91' lang='lat' dir='ltr'>in</span> <span class='ocrx_word' id='word_1_180' title='bbox 861 2215 1037 2294; x_wconf 87' lang='lat' dir='ltr'>quibusdam</span> <span class='ocrx_word' id='word_1_181' title='bbox 1051 2235 1126 2280; x_wconf 89' lang='lat' dir='ltr'>mo·</span> 
     </span>
     <span class='ocr_line' id='line_1_23' title="bbox 109 2299 1125 2384; baseline 0 -20"><span class='ocrx_word' id='word_1_182' title='bbox 109 2301 244 2367; x_wconf 86' lang='lat' dir='ltr'>uesteriis</span> <span class='ocrx_word' id='word_1_183' title='bbox 253 2299 331 2364; x_wconf 80' lang='lat' dir='ltr'>lcrtb</span> <span class='ocrx_word' id='word_1_184' title='bbox 343 2301 577 2369; x_wconf 66' lang='lat' dir='ltr'>invaluissetbe</span> <span class='ocrx_word' id='word_1_185' title='bbox 591 2303 665 2384; x_wconf 79' lang='lat' dir='ltr'>S&#39;yn.</span> <span class='ocrx_word' id='word_1_186' title='bbox 675 2301 760 2364; x_wconf 80' lang='lat' dir='ltr'>dimo.</span> <span class='ocrx_word' id='word_1_187' title='bbox 773 2300 796 2360; x_wconf 89' lang='lat' dir='ltr'>l.</span> <span class='ocrx_word' id='word_1_188' title='bbox 809 2300 860 2365; x_wconf 80' lang='grc'>15.</span> <span class='ocrx_word' id='word_1_189' title='bbox 875 2317 902 2360; x_wconf 86' lang='lat' dir='ltr'>c.</span> <span class='ocrx_word' id='word_1_190' title='bbox 916 2301 946 2366; x_wconf 79' lang='grc' dir='ltr'><strong>ι.</strong></span> <span class='ocrx_word' id='word_1_191' title='bbox 959 2319 992 2367; x_wconf 85' lang='grc' dir='ltr'>ιι.</span> <span class='ocrx_word' id='word_1_192' title='bbox 1003 2301 1032 2366; x_wconf 81' lang='grc'>5,.</span> <span class='ocrx_word' id='word_1_193' title='bbox 1046 2310 1078 2362; x_wconf 90' lang='lat' dir='ltr'>et</span> <span class='ocrx_word' id='word_1_194' title='bbox 1090 2306 1125 2373; x_wconf 73' lang='lat'>6,</span> 
     </span>
    </p>
   </div>
   <div class='ocr_carea' id='block_1_3' title="bbox 524 2471 705 2540">
    <p class='ocr_par' dir='ltr' id='par_1_5' title="bbox 524 2471 705 2540">
     <span class='ocr_line' id='line_1_24' title="bbox 524 2471 705 2540; baseline 0.022 -5"><span class='ocrx_word' id='word_1_195' title='bbox 524 2471 705 2540; x_wconf 65' lang='lat' dir='ltr'>sabaeus,</span> 
     </span>
    </p>
   </div>
   <div class='ocr_carea' id='block_1_4' title="bbox 104 166 917 255">
    <p class='ocr_par' dir='ltr' id='par_1_6' title="bbox 104 10 1219 1423">
     <span class='ocr_line' id='line_1_25' title="bbox 104 166 917 255; baseline -0.006 -19"><span class='ocrx_word' id='word_1_196' title='bbox 104 176 163 238; x_wconf 80' lang='lat' dir='ltr'>ue</span> <span class='ocrx_word' id='word_1_197' title='bbox 291 171 427 255; x_wconf 76' lang='lat' dir='ltr'>Epitoaae</span> <span class='ocrx_word' id='word_1_198' title='bbox 439 167 579 235; x_wconf 68' lang='lat' dir='ltr'>metriae</span> <span class='ocrx_word' id='word_1_199' title='bbox 591 167 714 233; x_wconf 75' lang='grc' dir='ltr'><strong>ιιιονιιιιι</strong></span> <span class='ocrx_word' id='word_1_200' title='bbox 729 166 917 231; x_wconf 78' lang='lat' dir='ltr'>eteecoatue</span> 
     </span>
    </p>
   </div>
   <div class='ocr_carea' id='block_1_5' title="bbox 111 2637 1129 3152">
    <p class='ocr_par' dir='ltr' id='par_1_7' title="bbox 111 2617 1219 3152">
     <span class='ocr_line' id='line_1_26' title="bbox 148 2637 1129 2722; baseline 0 -19"><span class='ocrx_word' id='word_1_201' title='bbox 148 2640 296 2704; x_wconf 83' lang='lat' dir='ltr'>l&#39;abaoum</span> <span class='ocrx_word' id='word_1_202' title='bbox 308 2659 362 2722; x_wconf 88' lang='lat' dir='ltr'>per</span> <span class='ocrx_word' id='word_1_203' title='bbox 373 2659 459 2702; x_wconf 88' lang='lat' dir='ltr'>nares</span> <span class='ocrx_word' id='word_1_204' title='bbox 471 2639 605 2714; x_wconf 85' lang='lat' dir='ltr'>trabere,</span> <span class='ocrx_word' id='word_1_205' title='bbox 617 2643 664 2702; x_wconf 89' lang='lat' dir='ltr'>vel</span> <span class='ocrx_word' id='word_1_206' title='bbox 677 2640 739 2719; x_wconf 85' lang='lat' dir='ltr'>ejus</span> <span class='ocrx_word' id='word_1_207' title='bbox 750 2642 866 2702; x_wconf 84' lang='lat' dir='ltr'>sumum</span> <span class='ocrx_word' id='word_1_208' title='bbox 883 2639 918 2700; x_wconf 76' lang='lat' dir='ltr'>ba</span> <span class='ocrx_word' id='word_1_209' title='bbox 932 2657 964 2700; x_wconf 88' lang='lat' dir='ltr'>as</span> <span class='ocrx_word' id='word_1_210' title='bbox 977 2637 1129 2709; x_wconf 87' lang='lat' dir='ltr'>inducere</span> 
     </span>
     <span class='ocr_line' id='line_1_27' title="bbox 111 2725 1123 2803; baseline -0.003 -13"><span class='ocrx_word' id='word_1_211' title='bbox 111 2734 179 2791; x_wconf 89' lang='lat' dir='ltr'>ante</span> <span class='ocrx_word' id='word_1_212' title='bbox 203 2728 297 2786; x_wconf 86' lang='lat' dir='ltr'>missae</span> <span class='ocrx_word' id='word_1_213' title='bbox 315 2725 564 2799; x_wconf 65' lang='lat' dir='ltr'>ostemationem,</span> <span class='ocrx_word' id='word_1_214' title='bbox 583 2727 630 2787; x_wconf 88' lang='lat' dir='ltr'>vel</span> <span class='ocrx_word' id='word_1_215' title='bbox 644 2726 860 2788; x_wconf 88' lang='lat' dir='ltr'>communionis</span> <span class='ocrx_word' id='word_1_216' title='bbox 878 2725 1123 2803; x_wconf 78' lang='lat' dir='ltr'>perceptionem,</span> 
     </span>
     <span class='ocr_line' id='line_1_28' title="bbox 113 2807 1129 2890; baseline -0.001 -19"><span class='ocrx_word' id='word_1_217' title='bbox 113 2828 298 2890; x_wconf 79' lang='lat' dir='ltr'>nequaquam</span> <span class='ocrx_word' id='word_1_218' title='bbox 318 2810 555 2872; x_wconf 85' lang='lat' dir='ltr'>interdicendum</span> <span class='ocrx_word' id='word_1_219' title='bbox 573 2820 671 2872; x_wconf 87' lang='lat' dir='ltr'>censet</span> <span class='ocrx_word' id='word_1_220' title='bbox 687 2809 839 2879; x_wconf 81' lang='lat' dir='ltr'>Pontifex,</span> <span class='ocrx_word' id='word_1_221' title='bbox 850 2826 946 2886; x_wconf 90' lang='lat' dir='ltr'>neque</span> <span class='ocrx_word' id='word_1_222' title='bbox 961 2807 1129 2884; x_wconf 73' lang='lat' dir='ltr'>prohibem.</span> 
     </span>
     <span class='ocr_line' id='line_1_29' title="bbox 112 2890 1125 2972; baseline -0.001 -16"><span class='ocrx_word' id='word_1_223' title='bbox 112 2897 183 2956; x_wconf 91' lang='lat' dir='ltr'>dum</span> <span class='ocrx_word' id='word_1_224' title='bbox 200 2892 331 2972; x_wconf 76' lang='lat' dir='ltr'>judicat,</span> <span class='ocrx_word' id='word_1_225' title='bbox 357 2891 426 2959; x_wconf 79' lang='lat' dir='ltr'>oiim</span> <span class='ocrx_word' id='word_1_226' title='bbox 444 2894 483 2954; x_wconf 91' lang='lat' dir='ltr'>ob</span> <span class='ocrx_word' id='word_1_227' title='bbox 501 2905 666 2972; x_wconf 82' lang='lat' dir='ltr'>receptam,</span> <span class='ocrx_word' id='word_1_228' title='bbox 691 2912 724 2952; x_wconf 89' lang='lat' dir='ltr'>ac</span> <span class='ocrx_word' id='word_1_229' title='bbox 753 2893 954 2971; x_wconf 77' lang='lat' dir='ltr'>pervulgatam</span> <span class='ocrx_word' id='word_1_230' title='bbox 970 2890 1125 2968; x_wconf 78' lang='lat' dir='ltr'>cjaasmodi</span> 
     </span>
     <span class='ocr_line' id='line_1_30' title="bbox 112 2973 1125 3060; baseline -0.002 -20"><span class='ocrx_word' id='word_1_231' title='bbox 112 2979 374 3049; x_wconf 88' lang='lat' dir='ltr'>consuetudinem,</span> <span class='ocrx_word' id='word_1_232' title='bbox 396 2979 493 3040; x_wconf 91' lang='lat' dir='ltr'>omnis</span> <span class='ocrx_word' id='word_1_233' title='bbox 507 2979 538 3039; x_wconf 90' lang='lat' dir='ltr'>in</span> <span class='ocrx_word' id='word_1_234' title='bbox 558 2979 594 3040; x_wconf 75' lang='lat' dir='ltr'>ea</span> <span class='ocrx_word' id='word_1_235' title='bbox 610 2997 646 3060; x_wconf 85' lang='lat' dir='ltr'>re</span> <span class='ocrx_word' id='word_1_236' title='bbox 665 2977 755 3038; x_wconf 88' lang='lat' dir='ltr'>modb</span> <span class='ocrx_word' id='word_1_237' title='bbox 779 2977 855 3038; x_wconf 88' lang='lat' dir='ltr'>absit</span> <span class='ocrx_word' id='word_1_238' title='bbox 878 2973 1068 3052; x_wconf 81' lang='lat' dir='ltr'>inhonestas,</span> <span class='ocrx_word' id='word_1_239' title='bbox 1089 2988 1125 3050; x_wconf 74' lang='lat' dir='ltr'>et</span> 
     </span>
     <span class='ocr_line' id='line_1_31' title="bbox 111 3061 965 3152; baseline -0.002 -26"><span class='ocrx_word' id='word_1_240' title='bbox 111 3064 291 3133; x_wconf 86' lang='lat' dir='ltr'>indecentia.</span> <span class='ocrx_word' id='word_1_241' title='bbox 304 3065 348 3124; x_wconf 80' lang='lat' dir='ltr'>lte</span> <span class='ocrx_word' id='word_1_242' title='bbox 361 3065 435 3152; x_wconf 77' lang='lat' dir='ltr'>Syn.</span> <span class='ocrx_word' id='word_1_243' title='bbox 448 3064 534 3127; x_wconf 87' lang='lat' dir='ltr'>dioeo.</span> <span class='ocrx_word' id='word_1_244' title='bbox 545 3064 599 3131; x_wconf 87' lang='lat' dir='ltr'>lib.</span> <span class='ocrx_word' id='word_1_245' title='bbox 614 3065 664 3128; x_wconf 88' lang='lat' dir='ltr'>lt.</span> <span class='ocrx_word' id='word_1_246' title='bbox 678 3081 705 3126; x_wconf 87' lang='lat' dir='ltr'>c.</span> <span class='ocrx_word' id='word_1_247' title='bbox 727 3061 776 3130; x_wconf 71' lang='grc' dir='ltr'><strong>ιδ..</strong></span> <span class='ocrx_word' id='word_1_248' title='bbox 791 3080 823 3122; x_wconf 90' lang='grc' dir='ltr'>ιι.</span> <span class='ocrx_word' id='word_1_249' title='bbox 837 3063 871 3130; x_wconf 81' lang='grc'>5.</span> <span class='ocrx_word' id='word_1_250' title='bbox 963 3121 965 3124; x_wconf 84' lang='grc'><em>,</em></span> 
     </span>
    </p>
   </div>
   <div class='ocr_carea' id='block_1_6' title="bbox 479 3228 1077 3298">
    <p class='ocr_par' dir='ltr' id='par_1_8' title="bbox 479 3225 1219 3334">
     <span class='ocr_line' id='line_1_32' title="bbox 479 3228 1077 3298; baseline 0.004 -5"><span class='ocrx_word' id='word_1_251' title='bbox 479 3233 706 3298; x_wconf 67' lang='lat' dir='ltr'>tenuatum,</span> <span class='ocrx_word' id='word_1_252' title='bbox 1072 3228 1077 3235; x_wconf 76' lang='grc'>’</span> 
     </span>
    </p>
   </div>
   <div class='ocr_carea' id='block_1_7' title="bbox 96 3394 1219 3563">
    <p class='ocr_par' dir='ltr' id='par_1_9' title="bbox 96 3385 1219 3563">
     <span class='ocr_line' id='line_1_33' title="bbox 96 3394 1125 3482; baseline 0.011 -29"><span class='ocrx_word' id='word_1_253' title='bbox 96 3458 99 3461; x_wconf 6' lang='grc' dir='ltr'>χ</span> <span class='ocrx_word' id='word_1_254' title='bbox 151 3394 326 3456; x_wconf 87' lang='lat' dir='ltr'>idulieribus</span> <span class='ocrx_word' id='word_1_255' title='bbox 340 3398 492 3458; x_wconf 74' lang='lat' dir='ltr'>&#39;sortiariis</span> <span class='ocrx_word' id='word_1_256' title='bbox 504 3417 565 3460; x_wconf 93' lang='lat' dir='ltr'>non</span> <span class='ocrx_word' id='word_1_257' title='bbox 578 3400 771 3479; x_wconf 84' lang='lat' dir='ltr'>collegialiter</span> <span class='ocrx_word' id='word_1_258' title='bbox 786 3399 954 3462; x_wconf 82' lang='lat' dir='ltr'>viventibus</span> <span class='ocrx_word' id='word_1_259' title='bbox 974 3420 1036 3462; x_wconf 88' lang='lat' dir='ltr'>non</span> <span class='ocrx_word' id='word_1_260' title='bbox 1050 3418 1125 3482; x_wconf 80' lang='lat' dir='ltr'>pos-</span> 
     </span>
     <span class='ocr_line' id='line_1_34' title="bbox 112 3478 1219 3563; baseline 0.015 -34"><span class='ocrx_word' id='word_1_261' title='bbox 112 3486 182 3532; x_wconf 83' lang='lat' dir='ltr'>sunt</span> <span class='ocrx_word' id='word_1_262' title='bbox 196 3478 346 3555; x_wconf 80' lang='lat' dir='ltr'>regulares</span> <span class='ocrx_word' id='word_1_263' title='bbox 357 3480 427 3538; x_wconf 87' lang='lat' dir='ltr'>dare</span> <span class='ocrx_word' id='word_1_264' title='bbox 445 3481 580 3542; x_wconf 90' lang='lat' dir='ltr'>habitum</span> <span class='ocrx_word' id='word_1_265' title='bbox 590 3486 635 3543; x_wconf 90' lang='lat' dir='ltr'>sui</span> <span class='ocrx_word' id='word_1_266' title='bbox 650 3485 762 3542; x_wconf 91' lang='lat' dir='ltr'>ordinis</span> <span class='ocrx_word' id='word_1_267' title='bbox 778 3485 842 3543; x_wconf 87' lang='lat' dir='ltr'>sine</span> <span class='ocrx_word' id='word_1_268' title='bbox 856 3483 974 3544; x_wconf 72' lang='lat' dir='ltr'>licentiis</span> <span class='ocrx_word' id='word_1_269' title='bbox 984 3487 1122 3563; x_wconf 87' lang='lat' dir='ltr'>Episcopi</span> <span class='ocrx_word' id='word_1_270' title='bbox 1218 3493 1219 3536; x_wconf 85' lang='lat' dir='ltr'>l</span> 
     </span>
    </p>
   </div>
   <div class='ocr_carea' id='block_1_8' title="bbox 109 3551 1123 3651">
    <p class='ocr_par' dir='ltr' id='par_1_10' title="bbox 109 3537 1219 3676">
     <span class='ocr_line' id='line_1_35' title="bbox 109 3551 1123 3651; baseline 0.022 -43"><span class='ocrx_word' id='word_1_271' title='bbox 109 3551 284 3629; x_wconf 84' lang='lat' dir='ltr'>dioecesani,</span> <span class='ocrx_word' id='word_1_272' title='bbox 304 3562 352 3621; x_wconf 90' lang='lat' dir='ltr'>cui</span> <span class='ocrx_word' id='word_1_273' title='bbox 378 3561 487 3627; x_wconf 86' lang='lat' dir='ltr'>debeat</span> <span class='ocrx_word' id='word_1_274' title='bbox 505 3565 564 3627; x_wconf 76' lang='lat' dir='ltr'>rite</span> <span class='ocrx_word' id='word_1_275' title='bbox 579 3567 725 3651; x_wconf 89' lang='lat' dir='ltr'>probare,</span> <span class='ocrx_word' id='word_1_276' title='bbox 744 3566 854 3632; x_wconf 87' lang='lat' dir='ltr'>babere</span> <span class='ocrx_word' id='word_1_277' title='bbox 873 3585 904 3626; x_wconf 89' lang='lat' dir='ltr'>se</span> <span class='ocrx_word' id='word_1_278' title='bbox 921 3567 977 3629; x_wconf 89' lang='lat' dir='ltr'>boe</span> <span class='ocrx_word' id='word_1_279' title='bbox 994 3570 1123 3649; x_wconf 68' lang='lat' dir='ltr'>privile-</span> 
     </span>
    </p>
   </div>
   <div class='ocr_carea' id='block_1_9' title="bbox 0 0 1250 3975">
    <p class='ocr_par' dir='ltr' id='par_1_11' title="bbox 0 0 1250 3975">
     <span class='ocr_line' id='line_1_36' title="bbox 0 0 1250 3975; baseline 0 0"><span class='ocrx_word' id='word_1_280' title='bbox 0 0 1250 3975; x_wconf 95' lang='lat' dir='ltr'> </span> 
     </span>
    </p>
   </div>
  </div>
 </body>
</html>
