2475 3975
126 151 186 216 illi
311 144 450 230 Epitomc
469 143 610 206 doctrine
624 139 746 206 marcho
759 147 790 205 ct
801 140 950 204 concode

163 246 326 322 Canomci,
346 266 423 328 quos
439 247 598 326 Episcopus
621 245 715 306 mittit
736 245 860 305 Romam
884 242 1031 303 incisuros
1054 259 1140 304 sacra

122 334 228 396 limina
244 353 299 396 suo
316 332 438 394 nomine
449 375 457 402 ,
468 331 514 390 vel
525 329 610 391 illum
621 329 655 388 cal
666 328 815 391 occasione
827 329 1020 398 comitantes,
1034 325 1140 388 distri·

122 419 260 480 buliones
280 416 465 498 quotidianas
480 433 540 479 nnn
553 414 713 489 omittunt,
727 422 761 475 ut
773 413 884 493 pluries
896 413 1011 474 censuit
1024 413 1056 474 S.
1064 414 1141 475 Con·

197 503 265 566 ‚ib.
282 521 313 563 n.
329 501 378 562 tc.
609 551 615 560 ,

121 520 201 648 gcppp
223 587 247 648 si
265 587 351 647 illum
372 583 553 644 comitentur
570 582 603 642 in
624 582 794 642 visitatione
813 581 967 655 dioecesis,
987 584 1013 644 si
1031 599 1139 646 omues

124 672 237 732 fructus
258 671 304 732 sui
328 667 465 730 beneficii
489 669 522 727 in
548 665 809 728 distributionibus
836 668 1016 746 quotidianis
1039 671 1140 731 consi·

124 763 203 818 stant
212 799 221 826 ,
231 763 301 815 tunc
311 754 466 815 lucrantur
476 750 549 812 duas
560 753 661 812 tertias
671 760 769 830 partes
782 770 886 812 aarum
896 797 905 824 ,
914 753 1001 814 tertiat
1011 754 1139 830 amissi,

125 859 190 919 quoe
209 838 440 901 inservientibus
458 837 605 899 accrescit.
621 837 664 898 ita
680 855 716 898 ex
733 837 814 906 decr,
827 839 858 904 S,
873 840 907 898 C.
920 839 965 902 lb.
980 857 1011 900 n.
1026 842 1076 901 59.

163 925 206 984 Ex
220 923 284 1003 lege
295 926 385 987 Cone.
400 922 486 986 Trid.
502 941 570 984 sess.
588 923 638 993 Ei,
654 941 682 984 c,
697 924 746 983 li.
758 967 768 996 ,
780 931 903 1001 possunt
919 923 982 1002 cogi
1001 926 1138 988 canonici

127 1007 165 1070 ab
182 1007 327 1090 Episcopo
343 1006 502 1072 celebranti
511 1051 520 1080 ,
536 1005 583 1069 cel
601 1005 666 1068 alic
679 1003 870 1087 Ponta'ficoho
886 1008 1032 1070 macenti
1046 1011 1141 1072 cassa·

129 1103 203 1172 tere,
217 1103 246 1156 et
255 1096 407 1156 c'ascruirc.
419 1093 511 1156 Porcb
527 1113 564 1154 ex
580 1094 660 1154 decr.
673 1096 704 1153 S.
719 1096 827 1172 Congu.
840 1094 983 1166 dicimus,
993 1097 1140 1176 Episcopo

127 1179 161 1240 iu
178 1179 336 1242 cathedrali
354 1179 512 1240 celebranti
526 1179 557 1238 in
571 1177 791 1238 Pontificalibus
803 1179 947 1240 inservire
960 1181 1056 1241 teucri
1071 1199 1140 1242 om-

129 1283 198 1337 nes,
213 1267 250 1326 iis
269 1265 413 1343 exceptis,
427 1263 479 1342 qui
497 1263 636 1343 legitimis
647 1264 847 1325 vacationibus
858 1265 976 1326 absunt.
986 1268 1142 1328 Tenentur

128 1349 200 1412 verb
220 1351 309 1412 etiam
326 1357 465 1429 prestare
482 1349 524 1412 illi
543 1367 653 1410 munus
662 1348 833 1410 subdiaconi
844 1371 854 1425 3
866 1351 947 1428 quod
960 1369 1064 1412 verum
1074 1361 1140 1426 est,
1230 1416 1232 1431 ,

129 1434 243 1494 etiamsi
254 1436 413 1518 Episcopus
426 1434 574 1506 celebret,
587 1452 641 1494 seu
655 1435 774 1500 ordines
785 1435 933 1496 ministret
945 1446 1027 1496 extra
1038 1435 1143 1498 cathe-

129 1515 252 1589 dralem,
263 1518 341 1577 intra
349 1517 509 1590 dioecesim,
520 1527 549 1578 et
557 1517 698 1577 suburbia
709 1540 719 1595 ς
731 1521 959 1582 tenenturcnim
969 1521 1057 1584 eum
1067 1530 1144 1584 tune

129 1607 268 1678 presure
288 1617 396 1660 munus
415 1601 550 1674 diaconi,
571 1601 767 1674 subdiaconi,
780 1604 946 1683 presbyteri
960 1607 1141 1677 assistentis,

130 1693 160 1745 ct
180 1683 307 1745 duorum
328 1684 451 1745 lllorum
469 1685 701 1760 canonicorum,
722 1687 773 1764 qui
792 1689 935 1769 Episcopo
953 1690 1071 1753 ordines
1083 1695 1146 1755 mi·

130 1770 267 1918 npstcauti
284 1786 352 1832 cum
367 1767 574 1836 archidiacono
586 1769 705 1834 adsunt.
719 1772 762 1834 ita
776 1791 812 1834 ex
824 1775 961 1854 pluribus
973 1774 1054 1838 dccc.
1065 1778 1142 1844 S.C.

130 1857 142 1916 l
168 1874 225 1916 .a.
242 1858 293 1918 60.
538 1885 539 1888 ¹
955 1893 958 1898 ·

171 1941 265 2005 l'orrd
287 1941 350 2005 bec
374 1943 537 2009 assistentia
559 1943 659 2007 locum
679 1943 769 2009 habet
788 1945 878 2007 ctiam
897 1945 968 2009 caim
983 1947 1147 2029 Episcopus

132 2030 165 2090 in
182 2030 235 2089 sul
251 2028 410 2097 cathedrali
428 2047 558 2109 pcaesens
571 2040 616 2090 cst
629 2031 743 2103 Missae,
757 2039 788 2090 et
802 2031 913 2091 divinis
923 2033 1027 2094 officiis
1038 2036 1148 2097 dicbm

132 2114 289 2180 dominicis
305 2123 334 2176 ct
353 2114 434 2179 iestis
453 2116 543 2175 etiam
562 2132 623 2175 non
639 2110 838 2187 solemnibus,
852 2124 883 2177 et
894 2115 1045 2178 in-diebus
1056 2120 1147 2179 iccio·

133 2201 211 2261 libus
224 2201 464 2279 quadragesimae.
483 2200 569 2279 Quod
583 2217 688 2261 verum
706 2207 751 2268 cst
770 2200 876 2271 cham,
895 2200 1013 2278 quando
1026 2204 1149 2282 Episco-

133 2304 188 2365 pus
201 2285 232 2345 in
247 2286 312 2347 aliis
326 2285 460 2346 Ecclesiis
473 2286 599 2347 civitatis
616 2284 825 2365 pontificaliter
838 2286 985 2362 celebrat,
999 2289 1045 2347 vel
1057 2299 1149 2367 para·-

133 2380 181 2429 tus
199 2369 307 2429 assistit
327 2388 395 2429 cum
418 2370 564 2447 pluviali,
584 2379 615 2430 et
633 2371 741 2443 mitri,
763 2379 814 2432 aut
835 2388 903 2435 cum
926 2373 1015 2452 cappa
1035 2373 1149 2435 divinis

133 2450 253 2523 officiis,
267 2459 297 2513 et·
314 2452 409 2517 missac
425 2454 569 2527 solemni,
583 2455 640 2513 alia
658 2455 845 2524 Pontificalia'
856 2467 986 2530 exercet,
999 2458 1024 2517 si
1043 2466 1148 2519 mmen

133 2552 275 2599 uumerus
295 2535 440 2597 sutiicicns
458 2538 669 2598 canonicorum
688 2547 719 2599 et
738 2541 946 2607 ministrorum·
965 2542 996 2603 in
1018 2543 1148 2607 Ecclesici

134 2620 295 2685 cathedrali
308 2631 470 2691 remancat.
485 2624 528 2683 lta
546 2642 582 2683 cx
599 2622 679 2683 decr.
695 2623 726 2683 S.
740 2625 847 2705 Congu.
868 2626 913 2687 lb.
1010 2669 1013 2675 -
1091 2658 1094 2665 -
1230 2627 1231 2700 ,

174 2708 283 2769 Valent
304 2710 394 2769 ctiam
418 2708 480 2769 haec
507 2708 579 2771 dum
603 2709 764 2787 Episcopus
786 2710 817 2772 iu
838 2711 964 2773 Ecclesil
986 2710 1149 2777 cathedrali
1230 2739 1231 2746 ¹

136 2794 217 2856 adest
235 2793 368 2853 concioni
388 2792 491 2853 dicbus
510 2794 759 2871 quadragesime,
780 2803 810 2857 ct
833 2796 897 2855 aliis
922 2797 998 2857 intra
1021 2815 1148 2865 annum,

136 2884 203 2945 Nou
223 2870 294 2940 ve'rd
315 2878 340 2945 si
362 2894 429 2941 cum
452 2878 543 2955 cappa
565 2879 673 2940 assistit
699 2877 855 2949 concioni,
877 2898 943 2955 qua
962 2878 1088 2940 babetur
1114 2884 1151 2948 in

137 2968 201 3028 aliis
218 2965 351 3029 Ecclesiis
369 2961 511 3034 civitatis,
531 2962 621 3025 etiam
637 2961 790 3037 exemptis.
809 2961 853 3024 lb.
871 2978 902 3024 u.
917 2963 967 3023 60.

177 3052 211 3111 ln
229 3050 276 3113 bis
296 3050 432 3121 omnibus
453 3065 554 3111 certam
570 3043 798 3111 circumstantiis
824 3047 976 3121 canonici,
997 3049 1050 3128 qui
1071 3052 1148 3130 Epi.

138 3154 224 3213 scopo
245 3136 426 3207 inserviunt,
441 3134 465 3193 si
482 3140 549 3194 actu
567 3132 693 3199 debcant
709 3127 799 3190 choro
818 3130 975 3205 iuteresse,
989 3151 1050 3195 nou
1068 3152 1150 3199 scm·

137 3238 193 3301 per
215 3227 314 3283 tamon
337 3218 473 3283 obtinent
494 3218 727 3281 distributiones.
750 3215 819 3280 Illas
843 3218 925 3280 enim
946 3237 1006 3280 nou
1028 3219 1151 3282 lucran-

138 3313 205 3375 tur,
229 3304 286 3362 nisi
309 3305 377 3365 caim
399 3307 539 3365 assistunt
560 3299 768 3384 pontificaliter
791 3303 971 3377 celebranti,
995 3320 1055 3365 noa
1074 3304 1150 3369 verb

137 3382 280 3521 ppiscopp
293 3384 441 3447 dioecesim
455 3389 604 3465 visitanti,
617 3388 665 3452 vcl
678 3385 796 3456 missum
813 3389 959 3467 privatam
977 3388 1147 3458 celebranti.

175 3480 228 3520 .n.
286 3504 294 3522 .

175 3541 477 3611 Animadvertendum
497 3565 562 3633 cst,
583 3558 739 3623 canonicos
760 3576 820 3621 non
838 3567 1012 3638 proscmes,
1029 3556 1066 3619 (¹⁶
1078 3556 1151 3636 qul·
