2475 3975
127 177 186 238 500
315 170 452 252 Epiloote
470 165 564 230 doetr'
551 185 610 230 crtae
625 161 723 227 anorol
722 164 749 226 ie
765 171 795 225 ct
810 163 958 226 enemim

124 280 253 358 scripta3
274 273 408 336 sufficere
429 274 508 332 enim
530 271 567 332 ad
577 265 766 330 lucrandam
785 266 1000 345 indulgentiam
1025 262 1142 339 crodit,

123 364 149 424 si
171 371 356 443 postremum
376 375 451 436 opus
471 356 550 418 fiat
541 375 574 416 ιιι
594 355 700 435 gratia.

164 472 195 533 Si
217 471 284 550 quis
309 465 505 541 confiteatur,
527 464 636 526 deinde
657 472 727 525 ante
749 463 894 540 completa
916 480 1005 560 opera
1027 463 1144 522 recidat

124 557 157 618 in
181 554 289 618 lethale
313 559 484 632 peccatum,
508 568 569 612 non
589 550 725 610 sufficere
747 549 791 608 illi
815 548 879 608 vult
900 548 925 607 si
948 557 1142 618 conteratur,

123 651 154 702 et
174 641 216 701 sic
238 637 382 700 contritus
399 651 490 714 opera
510 633 655 714 perficiat.
667 634 741 693 volt
760 634 870 712 igitur,
884 642 918 692 ut
931 633 1065 710 quamvis
1079 651 1144 693 non

123 733 259 786 teneatur
280 722 424 802 praestitas
444 719 628 780 visitationes
644 727 799 796 repetere,
815 718 921 778 debeat
939 718 1049 777 ite‘rare
1068 736 1146 778 con-

122 812 297 880 tessionem,
323 808 465 887 idemque
489 808 526 867 ab
552 825 587 867 eo
605 805 807 886 praestandum
830 823 893 865 esse
914 803 1008 877 dicit,
1031 807 1085 883 qui
1109 807 1143 866 in

122 895 214 976 priori
233 894 415 956 consessione
428 892 641 956 invincibiliter
657 891 767 954 oblitus
785 891 825 952 sit
842 889 988 967 subjicere
1007 889 1144 950 clavibus

123 989 276 1064 peccatum
296 979 418 1060 aliquod
441 979 580 1041 mortale.

161 1081 291 1142 Puberes
313 1080 369 1160 qui
397 1077 466 1141 de
454 1095 524 1156 Jure
547 1078 699 1156 incapaces
721 1083 878 1139 censentur
898 1077 1141 1154 communionis,

122 1165 285 1245 dispensari
305 1166 471 1244 permittit,
492 1165 724 1224 commutatione
742 1163 854 1224 laeti
845 1180 877 1222 ιιι
900 1162 981 1222 aliud
999 1179 1087 1239 opus.

160 1251 207 1312 Ad
224 1250 438 1328 indulgentiam
453 1247 624 1308 lucrandam
639 1265 698 1308 non
713 1248 893 1324 requiritur,
904 1257 938 1306 nt
950 1263 1003 1344 per
1018 1255 1142 1323 portam

119 1345 250 1396 sanctam
273 1337 339 1413 quis
363 1333 546 1414 ingrediatur
567 1341 598 1393 ct
617 1333 796 1412 egrediatur.
819 1333 851 1393 Si
873 1331 940 1409 quis
955 1331 1143 1390 visitationes

121 1411 428 1500 aliquas'ltesiliearum
442 1419 604 1515 praemisit,
618 1418 687 1478 dein
703 1437 756 1496 per
769 1417 918 1477 indultum
928 1414 1026 1496 ‚quod
1039 1417 1142 1476 emitti

120 1505 195 1564 solet
213 1506 290 1563 intra
304 1505 434 1580 spatium
454 1505 525 1562 anni
547 1502 637 1562 saneti
648 1520 730 1579 ‚quo
742 1502 925 1561 visitationes
939 1501 976 1561 ad
989 1501 1141 1561 minorem

120 1604 280 1648 numerum
299 1586 492 1662 rediguntur,
513 1593 610 1664 potest
632 1595 806 1681 computare
828 1586 1009 1646 visitationes
1026 1602 1142 1664 praece·

119 1672 242 1741 dentes,
262 1678 292 1730 ct
312 1668 507 1744 indultouti3
519 1669 595 1729 sicut
616 1669 707 1728 etiam
726 1670 830 1730 eidem
852 1670 1143 1750 indulgentiiuten-

119 1755 192 1817 dum
209 1771 278 1816 cum
296 1754 383 1826 illis,
393 1754 446 1833 qui
463 1753 532 1815 ¹aruc
548 1753 715 1830 indultum,
731 1773 890 1815 numerum
909 1766 1004 1817 totum
1016 1756 1141 1834 imples·

119 1851 185 1902 sent
198 1841 402 1902 visitationum
421 1837 458 1898 ab
475 1839 591 1900 indulto
609 1839 679 1900 dein
698 1850 834 1902 emanato
855 1841 1106 1920 prascriptarum.

159 1945 288 2003 Mentem
302 1953 456 2001 essesuem
475 1939 566 2010 dicit,
582 1948 615 1999 ut
636 1939 745 1999 voealis
764 1938 816 1999 liat
833 1939 954 1999 oratio
943 1941 1140 2021 rnBaailicis,

121 2048 176 2091 nee
195 2026 369 2088 sufficere
345 2044 370 2086 si
385 2034 485 2087 mente
501 2022 616 2083 tantdm
631 2030 746 2083 oretur.

158 2124 189 2183 Si
213 2122 279 2201 quis
305 2122 384 2179 intra
410 2134 522 2178 annum
547 2117 660 2195 pluries
684 2132 774 2195 opera
797 2113 932 2194 injuncta
955 2121 1137 2197 repetierit,

119 2210 272 2288 acquirere
295 2205 394 2268 denno
417 2212 514 2283 potest
525 2202 777 2303 'indulgentiam
798 2204 849 2262 sed
874 2204 948 2265 alios
967 2208 1083 2269 favores
1108 2222 1140 2272 et

117 2295 243 2373 gratias,
257 2292 365 2369 quibua
385 2290 483 2368 primi
502 2290 566 2349 vice
583 2288 678 2348 iactus
690 2297 733 2349 est
752 2289 918 2369 particeps,
934 2290 1044 2353 iterdm
1062 2313 1138 2357 cou-

118 2378 200 2454 sequi
220 2372 344 2435 minime
364 2384 481 2453 potest,
504 2372 576 2452 puta
596 2373 706 2435 iterim
725 2373 864 2434 absolvi
855 2394 871 2434 a
888 2379 1061 2454 reservatis,
1081 2392 1138 2444 aut

118 2477 263 2523 novorum
281 2466 421 2519 votorum
442 2460 707 2519 commutationem
728 2460 876 2521 obtinere

156 2563 343 2641 Quamquam
357 2576 489 2621 concessa
506 2561 545 2621 sit
566 2561 795 2623 Poenitcntiariis
816 2565 1000 2640 minoribus,
1018 2574 1048 2628 et
1061 2586 1140 2631 con-

117 2650 261 2722 fessariis,
275 2646 292 2707 i
306 2647 454 2708 Cardinali
466 2647 583 2708 Vieario
600 2648 703 2708 Romae
717 2648 887 2727 deputatis,
903 2652 1023 2712 facultas
1036 2653 1140 2715 absol-

117 2736 205 2799 vendi
229 2733 245 2793 i
269 2734 394 2811 pcccatis
410 2733 567 2792 reservatis
590 2733 622 2792 in
644 2733 725 2793 bulla
745 2735 856 2811 Corte,
871 2754 930 2795 non
947 2736 1014 2797 idcb
1031 2745 1138 2802 tamen
1229 2793 1231 2816 ἶ

118 2842 151 2885 ea
172 2819 308 2881 facultate
327 2817 459 2896 generali
483 2817 551 2877 data
573 2826 618 2877 cst
639 2818 760 2878 facultas
782 2820 951 2881 absolvendi
970 2822 1007 2881 ab
1028 2822 1138 2888 haeresi
1217 2871 1231 2887 .,

119 2906 252 2972 externi.

155 3000 322 3064 Declaravit
340 2998 461 3077 insuper
481 2998 514 3059 in
532 2996 585 3059 sud
605 2998 835 3073 constitutione,
857 3018 923 3077 quae
936 3001 1040 3079 incipit
1055 3005 1137 3067 Con·
1227 3017 1231 3044 ἰ

116 3088 242 3160 vocatia,
258 3088 361 3158 illum,
374 3086 426 3163 qui
439 3103 476 3145 ex
496 3084 663 3146 intentione
682 3084 843 3164 recipiendi
857 3084 1032 3163 jubilaeum,
1046 3089 1136 3152 abso.

116 3172 261 3233 lotionem
280 3170 297 3231 a
317 3170 450 3231 censuris
463 3178 494 3231 et
507 3180 646 3241 votorum
666 3172 927 3230 commutationem
945 3172 1091 3246 obtinuit,
1107 3180 1134 3239 si

117 3261 215 3347 postca
236 3255 348 3315 mutati
371 3256 557 3329 intentione,
573 3254 730 3332 jubilaeum
752 3272 813 3315 non
837 3254 961 3332 recipit,
977 3274 1039 3317 non
1062 3259 1134 3324 idei)

115 3337 269 3393 incurrere
282 3334 393 3397 ilerum
415 3357 588 3413 censuram,
605 3348 636 3399 et
651 3340 727 3402 votis
739 3340 888 3419 prioribus
903 3341 1065 3419 obstringi,
1079 3348 1133 3407 sed

113 3414 263 3474 inclinat
253 3434 285 3474 ιιι
306 3423 502 3496 sententiam,
516 3432 551 3483 ut
562 3442 631 3485 rcus
645 3424 790 3485 habeatur
805 3426 915 3504 peccati
928 3431 1061 3489 mortalis
1077 3438 1133 3511 qui

112 3493 350 3557 rtavoluntatcm
367 3519 450 3561 suam
468 3506 868 3580 mutat,censeten1mluc
885 3508 1133 3585 qncmdnmtacr

111 3576 174 3625 tum
189 3587 371 3639 contractum
389 3586 551 3667 celebrari,
566 3603 599 3653 ut
616 3596 807 3655 confessarius
823 3612 859 3654 cx
872 3595 924 3655 sud
944 3606 1028 3673 parte
1043 3602 1132 3667 illum

1217 15 1231 501 ι
