2475 3975
327 205 378 264 Ea
392 201 526 284 operibns
536 201 690 264 Benedicti
703 203 752 264 XI
759 205 794 267 V.
1029 208 1086 268 275

78 306 153 368 elcut
166 297 260 368 mator
273 304 431 366 christiana
443 305 592 384 postulans
604 305 783 384 baptismum
795 324 849 384 pro
869 307 932 367 silio
947 309 1086 386 prevalet

79 392 153 470 patri
174 391 286 452 iulideli
304 392 476 452 reclamanti
494 411 502 450 :
524 391 594 450 etsi
617 389 689 468 quid
705 391 787 450 dubii
800 409 950 468 superesse
971 394 1084 470 possit,

77 479 109 537 in
125 477 216 539 dubio
230 477 390 537 favendum
415 485 459 536 est
484 476 634 554 religioni.
659 476 741 534 llaue
757 477 919 554 epistulam
942 475 1031 538 babes
1053 479 1085 538 in

78 563 207 622 Bullario
227 561 379 623 Benedicti
397 563 488 622 XIV.
1128 625 1131 628 ,

114 648 256 726 Baptizari
283 647 419 708 infideles
448 647 547 708 invitis
567 647 740 726 parentibus
760 647 807 708 rel
832 646 982 708 tutoribus
1007 648 1087 710 licite

77 751 137 793 non
157 729 299 810 possunt,
322 732 377 791 nisi
398 731 523 793 infantes
546 732 657 799 fuerint
679 733 712 793 in
735 734 839 793 mortis
859 741 1014 807 extremo,
1039 734 1086 794 uel

76 818 201 896 expositi
221 815 402 894 tamquam'a
422 817 591 895 parentibus
613 817 757 879 derelicti.
779 819 809 878 Si
830 817 901 880 vert
921 821 1087 898 expositum

76 903 143 980 quis
157 901 365 980 baptizandum
376 903 590 980 assumpserib,
610 911 708 980 potest
730 903 775 962 illi
791 904 938 964 lavacrum
960 907 1088 966 salutare

77 983 249 1065 lmp'ertiri,
271 987 361 1047 etlam
378 989 544 1065 synogoga,
559 987 604 1046 vel
625 988 796 1064 parentibus
806 989 1043 1049 reclamantibus.
1057 991 1087 1049 Si

75 1071 149 1133 verb
172 1079 256 1150 pater
283 1071 412 1132 infidelis
433 1071 539 1132 offerat
564 1073 707 1132 infantem
729 1090 840 1145 suum,
857 1071 926 1131 dein
952 1073 1018 1133 laeti
1042 1074 1088 1133 sni

77 1155 234 1235 poenlt'eat,
253 1157 283 1216 et'
301 1157 378 1217 nolit
395 1157 559 1234 baptizari,
581 1166 654 1218 tune
673 1175 750 1235 puer
769 1166 838 1216 aute
857 1175 944 1216 usum
966 1159 1089 1218 rationis

76 1253 120 1303 cst
141 1242 356 1320 baptizandum
378 1243 430 1319 qui
453 1241 524 1304 verb
543 1241 589 1303 sui
609 1251 759 1322 compotes
781 1251 850 1303 sunt
861 1287 872 1320 ,
887 1243 919 1303 iu
938 1242 1028 1302 domo
1040 1259 1088 1302 eo·

76 1325 322 1388 teelrumenorum
338 1327 511 1404 explorandi
532 1336 625 1400 sunt,
645 1329 670 1387 si
687 1329 789 1388 velint.

113 1411 249 1472 Tandem
268 1411 291 1470 si
308 1411 360 1488 qui
376 1411 461 1489 pueri
479 1411 619 1490 baptizati
645 1421 715 1472 suut
737 1414 826 1473 etiam
850 1413 1022 1491 parentibus
1042 1413 1089 1474 in-

76 1497 166 1568 vitis,
185 1504 256 1556 tunc
277 1495 327 1555 ille
339 1497 388 1572 qui
404 1495 581 1574 baptizavit,
602 1499 734 1576 peccavit
753 1499 902 1577 gnaviter,
925 1499 976 1560 sed
998 1499 1091 1577 bapti·

77 1589 160 1640 zatus
184 1581 298 1640 restitui
325 1581 497 1658 parentibus
521 1598 583 1642 uon
613 1582 724 1660 debet3
745 1593 776 1643 ut
803 1601 893 1662 penes
915 1583 1090 1644 christianos

76 1665 205 1725 educari.
228 1664 319 1726 Porrb
336 1666 367 1725 iri
389 1683 425 1726 eo
445 1684 513 1727 casu
537 1667 702 1746 baptismus
719 1669 767 1729 vel
783 1670 872 1728 unieo
890 1679 964 1730 teste
982 1669 1089 1728 idoneo

77 1750 240 1828 probatur,
264 1751 378 1811 etiamsi
399 1751 519 1812 loemlna
538 1752 597 1827 sit,
615 1751 664 1812 vel
685 1753 799 1812 etiamsi
821 1753 860 1812 sit
875 1755 946 1822 ille,
964 1755 1016 1830 qui
1038 1753 1091 1812 ba·
1140 1790 1143 1794 -

78 1835 222 1910 ptismum
240 1836 387 1909 eontulit,
410 1835 515 1912 inquo
531 1853 599 1895 casu
619 1852 694 1913 puer
713 1854 769 1897 nee
787 1837 842 1896 sub
856 1839 1025 1899 conditione
1041 1853 1092 1897 re·

78 1920 271 1999 baptizandus
284 1929 337 1981 est.
799 1957 803 1965 ·
1088 1915 1094 1925 ’

115 2007 185 2067 Haee
204 2007 242 2068 de
260 2007 360 2086 pueris
379 2013 553 2068 antorsum
573 2008 720 2085 rationis3
737 2008 881 2087 qui-verb
904 2009 1027 2069 rationis
1044 2026 1094 2070 ea·

78 2110 164 2171 paces
187 2102 273 2166 sunt,
290 2090 335 2153 uti
347 2102 418 2155 sunt
439 2094 638 2154 communiter
660 2104 727 2173 post
746 2096 906 2173 septimum
930 2095 1024 2153 oetatis
1039 2112 1093 2153 au-

78 2197 173 2249 num,
189 2180 213 2237 si
231 2196 293 2239 sese
306 2176 410 2257 sponte
430 2178 594 2238 obtulerint
613 2180 779 2255 baptismo,
797 2186 918 2257 possunt
930 2178 1092 2256 baptizari3

78 2262 162 2341 quod
179 2278 284 2323 verum
300 2271 363 2333 est,
379 2262 494 2323 etiamsi
515 2281 576 2323 non
599 2263 681 2323 eertb
703 2272 843 2341 constet,
862 2265 913 2324 sed
939 2263 1093 2323 dubitetur

69 2349 116 2410 -dc
135 2347 295 2426 capacitate
316 2347 438 2407 rationis
452 2354 518 2425 post
534 2348 733 2426 septennium.
747 2349 778 2408 Si
795 2347 867 2410 verb
885 2348 941 2409 boe
966 2348 1093 2409 dubium

78 2432 225 2513 praecedat
247 2432 454 2511 septennium,
472 2440 544 2493 tunc
561 2432 649 2493 debet
669 2450 745 2511 puer
765 2434 889 2495 retineri
912 2434 992 2513 apud
1014 2433 1093 2494 ebri-

79 2520 188 2580 stianos
200 2562 208 2593 ,
221 2534 361 2596 suspenso
374 2516 494 2579 iuterim
513 2516 676 2597 baptismo,
696 2520 889 2599 quoadusque
904 2530 1004 2582 certus
1022 2537 1092 2581 usus

80 2604 202 2666 rationis
215 2605 414 2682 superveniat.

118 2690 148 2750 si
168 2689 260 2753 adulti
280 2688 323 2748 illi
344 2696 462 2749 careant
481 2689 647 2750 intentione
668 2689 830 2767 recipiendi
847 2690 1092 2768 baptismi,.adeb

82 2782 115 2835 nt
135 2775 217 2835 illam
238 2790 293 2833 nec
314 2775 377 2852 ipso
401 2781 490 2850 actu,
515 2772 570 2833 uec
588 2772 673 2833 antea
694 2772 870 2846 habuerint,
899 2784 970 2836 tuue
988 2776 1094 2853 baptis·

82 2876 147 2918 mus
165 2868 209 2920 est
220 2858 377 2919 invalidus.
391 2859 513 2919 Validus
532 2868 631 2920 autem
642 2868 708 2930 est,
727 2855 752 2918 si
765 2859 849 2921 antea
867 2861 956 2921 luerit
972 2859 1070 2919 habita
1083 2904 1102 2938 ,¹

83 2950 112 3001 et
130 2961 294 3021 numquam
316 2944 437 3003 iuterim
460 2952 625 3005 retractata.
654 2943 784 3018 Quodsi
807 2953 912 3005 neutra
934 2946 1025 3004 luerit
1039 2961 1092 3004 ro-

83 3025 179 3087 luntas
195 3028 226 3087 in
246 3028 443 3108 suscipiente,
458 3038 529 3089 tune
548 3030 579 3088 in
603 3047 668 3088 eam
689 3032 866 3089 senteutiam
889 3028 1096 3091 inclinandum·

83 3119 147 3181 cst,
166 3130 232 3189 quaa
253 3112 381 3173 invalide
396 3112 576 3191 baptizatum
590 3115 775 3191 pronuntiat.

120 3195 149 3254 Si
162 3205 228 3272 post
250 3195 428 3275 baptismum
447 3198 575 3257 affirmet
592 3195 782 3276 neophytus,
799 3214 831 3257 se
849 3198 976 3259 caruisse
994 3200 1092 3263 inteu⁴

85 3278 165 3338 tione
183 3280 361 3353 sufficienti,
385 3299 439 3341 neo
458 3280 562 3342 alferat
581 3282 653 3342 dieti
675 3282 721 3341 sui
741 3282 861 3342 idoneas
883 3284 1091 3362 probationes,

84 3362 254 3425 retinendus
270 3374 335 3439 est,
355 3374 384 3425 et
399 3365 497 3427 denub
518 3366 677 3445 tingendus
690 3366 745 3425 sub
764 3366 941 3428 conditione.
957 3370 1093 3431 Vicissim

85 3446 108 3503 si
126 3446 200 3533 illes,
213 3447 338 3521 afferat,
360 3460 505 3529 negetque
528 3450 638 3509 iterium
662 3450 800 3527 baptizari
825 3468 856 3511 se
875 3455 967 3523 velle,
990 3454 1095 3510 remit-

86 3533 189 3593 tendus
211 3541 265 3594 est.
282 3536 348 3595 Hace
370 3536 467 3595 omnia
493 3534 551 3594 late
569 3536 700 3611 disputat
713 3536 846 3597 Pontifex
866 3537 898 3598 in
916 3534 1044 3611 Epistola
1057 3535 1093 3593 ad

86 3616 329 3698 ricesgerentum,
346 3622 496 3683 Postremo
514 3620 627 3695 diense..
1098 3618 1101 3622 ’
