2475 3975
293 197 321 279 ς.
339 199 376 259 V.
391 195 548 261 lietbertus
565 194 635 257 uitoe
647 213 704 279 pro
722 192 856 257 moniali.
1022 197 1077 255 157

76 303 169 383 allque
182 301 239 363 alia
255 300 393 380 portione
413 300 471 361 cibi
494 299 688 377 consueti3et
699 299 730 359 in
741 298 855 359 edendo
872 299 995 360 miseere
1007 298 1079 359 cibis

78 391 201 465 aliquam
217 386 393 465 particulam
411 383 692 456 berbaeamnrioris,
708 383 760 445 sed
774 384 1078 463 nunquameinerem.

79 476 162 535 Extra
178 488 310 532 mensem
327 468 404 531 nihil
423 468 597 541 comedere,
611 469 753 547 quoniam
765 466 872 529 melibs
890 476 948 541 est,
963 486 1079 547 compn-

78 556 167 619 rotivb
186 554 355 635 loquendo,
372 554 506 633 quotidie
527 554 679 633 proeiatam
696 554 904 615 abstinentiam
923 552 1077 626 exercite,

68 640 162 718 'quim
175 640 240 717 bis,
253 640 302 700 vel
315 648 362 700 ter
373 640 405 700 in
417 636 601 701 bebdomada
612 638 759 716 jejunare.
772 640 900 701 Somnus
911 656 971 699 non
984 648 1081 698 exten-

76 726 161 786 datur
184 726 261 785 ultra
280 741 330 784 sex
350 722 465 784 boras:
489 742 606 801 semper
626 721 698 784 verb
714 723 751 784 ad
772 724 904 801 quinque
916 743 926 801 3
939 723 1079 799 quoniam

76 809 214 873 excedens
230 808 466 869 delectussomui
483 816 571 869 nocet
584 808 674 886 capiti
684 850 693 879 ‚
702 814 735 867 et
745 807 869 885 impedit
878 814 982 867 cetere
996 824 1080 866 exer·

75 896 139 955 citio
161 892 337 972 spiritualia.
359 893 389 951 1.
416 892 541 952 Servare
561 891 714 951 silentium
734 908 788 969 per
807 900 868 950 tres
888 889 976 957 boras
998 890 1079 958 diei,

75 979 151 1058 quod
165 978 293 1059 intelligi
313 976 404 1040 debet
429 976 467 1038 de
486 994 548 1043 non
573 973 758 1055 proferendis
778 975 878 1034 verbis
901 992 962 1033 non
982 992 1081 1034 neccs-

74 1082 166 1127 sertas.

294 1221 413 1283 Muttito
432 1218 467 1280 in
484 1234 588 1301 penore
600 1234 655 1297 pro
666 1213 854 1297 perfectione.

110 1409 179 1470 160.
203 1408 226 1467 1.
249 1342 436 1473 Consentes
460 1422 581 1467 omnem
607 1422 693 1464 suam
720 1402 863 1472 fiduciam
887 1402 925 1475 in.
946 1402 1030 1477 Deo,
1051 1410 1083 1462 et

74 1492 195 1555 omninb
208 1492 344 1553 diffidere
363 1492 401 1552 de
422 1508 470 1564 se,
485 1497 517 1550 et
536 1490 574 1551 de
594 1490 656 1549 suis
676 1488 763 1555 bonis
777 1487 942 1567 propositis.
956 1487 1082 1548 llaseula

73 1578 281 1640 determinatio
304 1594 336 1637 se
361 1575 516 1647 vincendi,
530 1583 561 1637 et
579 1573 642 1635 vim
663 1573 720 1644 sibi
740 1574 772 1634 in
790 1569 990 1644 occasionibus
1007 1572 1083 1632 inle-

73 1664 168 1725 rendi.
185 1664 236 1725 Ait
247 1666 281 1725 S.
302 1663 440 1727 Tberesio
454 1661 513 1725 :Si
528 1660 656 1742 desectus
669 1679 730 1741 oon
746 1659 878 1742 procedit
894 1661 915 1719 o
931 1658 1033 1731 nobis,
1046 1678 1083 1719 ne

74 1748 230 1811 timeamus
249 1748 330 1831 quid
345 1745 628 1811 venenositatem
643 1743 882 1827 obicopertiendo
898 1743 983 1807 noto
994 1746 1083 1805 auxi-

73 1828 114 1895 lio
129 1832 173 1895 od
192 1841 325 1895 nostram
343 1830 616 1912 sanctificationem.

110 1920 180 1981 161.
195 1918 234 1979 11.
248 1916 391 1979 Cavereb
410 1932 599 1997 quocumque
619 1914 746 1976 minimo
769 1914 883 1975 deiectu
903 1913 1083 1988 deliberato,

73 1999 1084 2082 siveopertisoeulisadmisso.1lpeccotodetiberoto,(inquiteedem
1138 1995 1143 2004 '

74 2089 190 2166 Sancta)
200 2087 513 2169 quantumvispnroo‚
525 2089 607 2151 Deua
624 2104 677 2147 eoa
691 2082 801 2148 liberet.
817 2086 1000 2165 Subditque:
1015 2089 1085 2147 Dte-

73 2189 144 2232 tnon
155 2169 235 2230 enim
249 2190 304 2252 per
317 2189 408 2252 opero
429 2169 629 2244 ettinimorum
646 2187 770 2242 rmum,
791 2165 896 2248 aliquo
913 2169 990 2250 fucit
1003 2169 1087 2250 sora·

73 2255 177 2326 tarino,
189 2269 242 2333 per
259 2271 325 2333 quoe
342 2273 390 2326 req
405 2273 522 2335 mcprtoe
541 2253 761 2334 incrediunter.
1071 2312 1075 2318 .

113 2339 186 2400 162.
204 2339 256 2399 111.
272 2339 338 2407 Non
358 2340 470 2400 tristari
484 2345 550 2418 post
570 2338 711 2410 admissos
730 2338 877 2413 delectus,
898 2341 950 2404 sed
975 2343 1033 2406 citb
1054 2364 1086 2406 so

76 2422 257 2498 humiliare,
277 2433 307 2492 et
326 2423 364 2498 od
387 2426 482 2485 Deum
503 2423 699 2502 confugiendo
728 2445 796 2490 cum
816 2425 899 2492 brevi
922 2437 989 2491 actu
1015 2449 1085 2491 con·

77 2508 226 2582 tritioniS,
241 2509 457 2590 supraposito,
475 2527 507 2570 se
532 2510 563 2570 in
579 2528 650 2589 paee
672 2514 843 2589 remittere3
856 2523 887 2574 et
908 2516 949 2575 ita
968 2534 1086 2594 semper

78 2609 106 2652 se
127 2611 230 2672 gerere
240 2639 249 2668 ‚
261 2595 377 2666 etiamsi
392 2597 500 2658 centies
518 2595 550 2656 in
569 2595 617 2655 die
630 2597 698 2674 quis
711 2597 838 2658 caderet.
856 2601 892 2658 lit
907 2600 939 2658 in
952 2599 1008 2660 hoe
1021 2621 1086 2661 mu-

80 2687 128 2737 net
138 2677 170 2738 S.
189 2677 326 2740 Thessalo
347 2698 385 2740 ne
406 2682 665 2748 communicentur
682 2683 812 2760 propriae
830 2684 1007 2743 tentationes
1023 2687 1086 2743 ani-

79 2761 181 2822 mabus
194 2763 390 2842 imperfectis,
404 2767 473 2842 quin
486 2767 526 2825 ita
541 2774 570 2825 et
583 2765 658 2837 sibi,
672 2775 702 2827 et
717 2767 783 2826 uliis
793 2766 936 2830 damnum
951 2768 1084 2828 effertur.

117 2849 186 2908 165.
205 2850 257 2909 lV.
272 2849 409 2910 Alienare
428 2868 459 2910 se
478 2851 514 2910 eb
531 2850 669 2910 omnibus
687 2852 884 2931 propinquis,
902 2854 1012 2924 rebus,
1035 2871 1087 2914 vo-

82 2931 257 3010 luptatibus3
271 2933 375 3008 aliter,
388 2935 487 3012 inquit
500 2935 532 2996 S.
554 2933 693 2996 Therest‘o
706 2960 717 2997 .·
731 2937 842 2998 Animo
858 2955 920 2997 ooo
934 2935 1088 2998 recedendo

83 3012 311 3110 onaotoptatiboa
326 3019 505 3094 mactationis,
522 3039 583 3084 eoo
599 3028 668 3102 post
687 3020 815 3082 muitum
837 3020 934 3082 boob
948 3020 1088 3083 monneto

84 3117 131 3158 uto
147 3099 215 3164 Dei.
236 3103 372 3183 Effugere
390 3105 621 3166 iarniliaritatem
641 3125 834 3186 personarum
856 3106 964 3166 diversi
983 3107 1087 3181 sexais,

85 3192 353 3266 quantumcumque
365 3189 478 3251 inerint
495 3192 637 3269 religiosae
649 3213 658 3268 3
670 3191 747 3270 saepe
758 3193 839 3250 enim
852 3189 985 3253 diabolus
994 3193 1087 3254 intro-

85 3265 160 3328 ducit
177 3286 245 3329 cum
259 3271 317 3332 illis
335 3273 477 3351 quasdam
498 3275 717 3336 affectiunculas
730 3294 790 3336 non
803 3293 909 3354 puros,
923 3297 971 3338 eos
985 3279 1090 3340 obtru-

86 3349 178 3412 dendo
201 3373 256 3432 pro
284 3357 497 3436 spiritualibus,
519 3359 686 3420 Videantur
708 3370 808 3420 notato
830 3381 862 3420 o.
878 3364 946 3423 119.
966 3365 1090 3442 Oportet

32 3497 39 3508 ,
86 3447 148 3502 unte
159 3442 259 3500 omnia
272 3445 442 3504 renuntiare
453 3447 580 3524 proprios
590 3446 835 3518 aestimationi‚et
846 3452 975 3527 propriae
986 3447 1090 3505 volun-

88 3523 154 3600 tati,
169 3525 232 3586 imo
251 3536 282 3588 et
300 3529 389 3589 rebus
409 3531 629 3607 spiritualibus,
645 3539 679 3589 ut
702 3533 846 3605 orationi,
863 3533 1091 3604 communioni,

87 3611 422 3690 etmortilieotiouibus,
440 3615 557 3692 quoodo
583 3615 830 3692 lame-obedientie
849 3637 910 3678 non
933 3617 1091 3696 permittit.

889 3703 955 3764 l‘l..
