2475 3975
362 190 413 249 Ex
428 187 565 270 operibus
585 186 731 250 Benedicti
746 192 797 253 XI
801 190 837 253 V·-
1051 193 1110 255 117

88 290 227 368 singulos
239 288 474 369 procurationem
489 290 606 367 exigere
621 296 733 367 potest,
747 298 781 351 ut
793 309 829 351 er
842 290 978 371 pluribus
992 291 1021 351 8.
1034 294 1110 354 Cou-
1209 286 1216 377 1

88 375 276 453 gregatioois
291 373 427 434 decretis.
448 374 493 434 De
505 376 578 453 Syn.
596 372 682 433 dioee.
703 374 758 435 lib.
773 378 822 437 10.
835 396 861 435 0.
885 377 933 437 10.
954 394 985 437 0.
1006 378 1034 437 6.

135 459 271 518 vicarius
290 459 458 537 capitularis
488 466 585 537 potest
605 458 755 521 diocesim
788 461 907 521 visitare
931 469 995 539 post
1021 479 1109 540 pora-2

89 552 179 604 ctum
203 561 315 603 annum
333 543 349 604 1
370 543 540 603 visitatione
559 543 599 604 el>
624 544 766 623 Episcopo
798 546 891 617 sacta,
917 554 951 605 ut
973 545 1109 624 pluribus
1209 575 1213 586 ·

1216 710 1220 881 l

1209 882 1221 987 :l

1217 988 1222 1117 l

89 628 127 687 8.
151 627 261 705 Congr.
284 628 409 689 decretis
433 628 565 689 decisum
586 635 642 691 est.
663 627 740 688 lbid.
766 629 789 691 l.
812 632 842 691 1.
862 648 889 690 0.
908 630 939 688 9.
963 647 993 689 0.
1013 629 1041 689 t.
1060 630 1107 691 llli

90 720 276 772 tamennon
298 712 354 772 nisi
367 711 526 772 dimidium
545 713 782 793 procurationis,
804 733 869 793 qnae
890 712 1013 773 solvitur
1038 715 1109 792 Epi·

90 813 209 872 scopo,
228 796 457 858 retribuendum
478 806 547 874 est,
568 794 638 856 elim
656 796 762 857 debeat
779 798 887 860 minori
910 798 1049 855 comitatu
1062 798 1109 855 in-

92 879 202 940 cedere
217 921 226 951 ,
244 889 279 940 ut
298 891 464 941 constater
483 882 664 942 resolutione
680 882 709 941 S.
721 884 752 943 C.
768 884 800 943 in
813 902 872 943 uua
889 881 1045 943 Ostunensi
1059 880 1111 943 dio

91 962 218 1039 28100
242 966 329 1025 1708.
342 965 418 1027 lbid.
440 966 495 1025 lib.
516 967 565 1025 10.
588 984 615 1026 0.
633 969 681 1025 10.
701 984 733 1027 0.
757 968 787 1026 6.
809 1018 813 1025 .

136 1048 274 1126 Episcopi
297 1066 399 1110 omues
415 1067 453 1111 ex
470 1050 502 1110 ri
522 1050 741 1111 constitutionis
764 1053 917 1113 Romanus
937 1048 1108 1129 Pontisecl

92 1133 185 1195 Sixto
204 1136 240 1197 V.
251 1134 357 1207 editae,
373 1144 533 1213 antequam
550 1144 780 1208 consecrentur,
802 1136 826 1196 si
844 1136 945 1195 Romae
965 1135 1107 1209 existant,

92 1218 129 1278 in
149 1218 287 1278 manibus
311 1220 343 1279 S.
362 1220 502 1280 Romanoe
517 1219 649 1279 Ecclesiae
664 1219 753 1297 primi
776 1220 892 1281 diaconi
922 1218 1106 1292 cardinalis,

92 1310 180 1363 extra
212 1304 331 1363 Curium
351 1304 422 1366 vero
447 1307 479 1365 in
500 1321 591 1364 mauu
613 1304 760 1365 Antistitis
783 1304 819 1365 ad
846 1303 903 1366 hoc
920 1303 1043 1381 delegati
1070 1322 1106 1365 ex

93 1387 225 1449 10101011
241 1390 409 1466 prescripta
425 1388 529 1466 jurant
540 1432 551 1465 ,
572 1407 605 1449 se
625 1390 707 1449 statis
732 1387 916 1467 temporibus
935 1389 1038 1447 limina
1054 1388 1106 1449 SS.
1223 1376 1225 1439 ἶ

94 1473 307 1549 Apostolorum
318 1473 488 1534 visitaturos
499 1491 553 1552 per
562 1492 594 1534 se
605 1518 615 1547 ,
628 1475 708 1545 sive,
723 1471 854 1553 legitime
865 1472 1020 1550 impeditos
1032 1516 1040 1544 ‚
1054 1489 1107 1550 per
1225 1486 1226 1493 ¹

93 1556 226 1633 aliquem
245 1558 283 1617 de
295 1575 348 1620 suo
362 1560 513 1637 capitulo,
534 1559 582 1619 vel
596 1558 689 1618 alium
709 1558 897 1637 indignitate
918 1556 1107 1617 ecclesiastica

95 1642 316 1711 constitutum,
337 1645 384 1699 vel
416 1644 560 1701 beneficio
579 1642 762 1718 praeditum,
788 1652 818 1700 et
840 1644 864 1700 si
880 1641 912 1700 hi
937 1641 1106 1713 defuerint,

94 1741 152 1804 per
172 1721 351 1785 sacerdotem
371 1723 501 1803 aliquem
525 1721 725 1785 dioecesauum
741 1724 910 1785 secularem
921 1767 932 1801 ,
950 1724 998 1785 vel
1020 1742 1107 1803 regu·

94 1809 203 1869 larem.

135 1894 220 1953 'lunc
239 1901 339 1954 autem
356 1894 490 1955 Romano
499 1892 637 1955 Pontifici
657 1894 803 1954 rationem
822 1890 946 1953 reddere
965 1896 1106 1953 tenentur

96 1978 135 2040 de
157 1979 296 2058 pastorali
316 1978 413 2040 officio
431 1979 580 2057 impleto,
602 1988 634 2039 et
646 1978 683 2039 iis
699 1977 859 2050 omnibus,
882 1995 948 2054 quae
969 1974 1006 2035 ad
1023 1995 1107 2038 suum

97 2064 246 2126 dioecesim
263 2064 428 2144 pertinent.
452 2066 548 2125 Sacrce
565 2074 665 2126 atatem
681 2065 789 2142 Congr.
802 2061 922 2124 Concilii
940 2059 1107 2138 injunctum

97 2160 141 2211 ost
163 2168 297 2224 munus,
322 2157 358 2211 ut
387 2152 532 2229 postulata
552 2151 765 2230 Episcoporum
793 2152 914 2212 illorum
947 2150 1105 2221 discutiat,

96 2244 128 2296 ct
145 2235 196 2296 det
214 2236 272 2295 illis
287 2253 445 2315 responsa,
465 2237 552 2297 sicuti
575 2245 606 2297 et
630 2237 773 2309 videndi,
798 2235 873 2299 num
894 2233 1026 2316 legitime
1046 2235 1107 2296 siut

98 2319 243 2396 impediti.
257 2321 383 2399 DeSyn.
401 2320 488 2382 dimo.
502 2321 524 2381 1.
540 2323 588 2382 to.
608 2340 636 2382 e.
650 2323 680 2382 6.
695 2341 726 2382 0.
748 2324 796 2382 11.

136 2406 285 2482 Tempus,
301 2405 379 2465 iutra
403 2406 483 2484 quod
504 2406 641 2468 obeunda
661 2417 703 2468 est
721 2407 775 2467 ista
790 2404 938 2481 visitatio,
959 2405 1024 2465 aliis
1037 2405 1105 2484 qui·

98 2488 166 2550 dem
183 2489 300 2568 longius
314 2489 471 2552 definitum
489 2500 558 2565 est,
582 2492 647 2551 aliis
676 2493 818 2565 brevius,
842 2491 893 2552 sed
922 2509 983 2550 non
1007 2488 1107 2550 mimis

100 2572 187 2652 qulm
207 2573 390 2646 triennium,
408 2593 462 2635 nee
473 2593 562 2654 supra
576 2576 816 2654 quadriennium.
829 2575 903 2635 lbid.
919 2592 950 2634 n.
971 2575 1106 2636 01001

100 2660 123 2717 si
147 2657 306 2736 Episcopus
318 2657 424 2721 habeat
439 2661 641 2739 coadjutorem
664 2661 700 2721 ab
721 2659 878 2739 apostolicd
893 2659 966 2719 Sede
986 2658 1105 2732 datum,

101 2742 206 2802 sufficit
235 2743 259 2802 si
281 2743 434 2820 coadjutor
461 2747 582 2806 nomine
614 2747 748 2826 Episcopi
780 2745 884 2818 adeat,
909 2745 987 2805 sicut
1016 2743 1105 2803 etiam

101 2826 205 2888 sufficit
227 2828 252 2888 si
271 2829 406 2890 mittatur
421 2831 642 2892 administrator
660 2827 872 2912 Episcopatirs,
893 2830 944 2906 qui
960 2828 1047 2889 debet
1062 2829 1107 2887 vi-

102 2912 187 2972 sitare
209 2911 312 2972 limina
333 2932 387 2974 suo
406 2923 437 2974 et
456 2916 626 2995 principalis
650 2917 696 2977 sui
720 2915 858 2986 nomine,
881 2921 916 2971 ut
941 2929 978 2972 ex
1003 2912 1106 2973 decisis

103 2996 158 3057 18.
174 2999 282 3076 Congu.
302 2999 379 3059 lbid.
397 3018 428 3058 0.
445 3002 474 3060 o.

139 3081 172 3140 ld
200 3083 288 3142 etiam
313 3084 515 3162 praestandum
544 3093 588 3146 est
612 3084 649 3146 ab
677 3084 820 3164 Episcopo
837 3083 980 3158 titulari,
1011 3091 1047 3146 ut
1068 3100 1105 3146 ex

105 3171 244 3246 Fopoono
256 3167 379 3245 ollisque
393 3169 466 3228 ibid.
481 3170 635 3247 probatur.
652 3188 685 3231 n.
700 3172 729 3230 li.

140 3250 272 3328 Denique
291 3269 344 3311 nec
367 3254 540 3315 eximuntur
559 3255 693 3334 Episcopi
721 3253 914 3314 Ecclesiurum
937 3253 1107 3314 suburbica·

104 3337 228 3411 riorum,
240 3336 376 3413 quamvis
392 3339 522 3415 exempti
534 3338 631 3400 suntl
644 3339 814 3400 residentia.
835 3341 878 3400 lta
893 3355 928 3398 ex
943 3337 1107 3400 (1000000-

106 3419 236 3482 sistoriali
254 3418 421 3482 texentes
449 3425 520 3485 VII.
539 3422 615 3484 lbid.
640 3443 673 3485 n.
696 3426 726 3484 6.

141 3503 292 3568 Postremo
317 3508 430 3586 prelati
451 3507 603 3580 minores,
627 3509 679 3587 qni
701 3507 819 3587 proprie
843 3507 1027 3568 territorium
1049 3505 1105 3567 lra-

106 3590 252 3654 bentvere
278 3601 468 3670 separatum,
487 3594 521 3653 lu
544 3611 604 3672 quo
626 3593 859 3672 independenter
877 3591 894 3652 1
918 3610 1105 3672 quocumque
