2475 3975
378 172 442 231 Art.
458 171 543 229 44144
557 167 710 232 ordinibus
723 168 797 251 oroj.
1029 173 1087 235 459

89 279 167 340 bitur
179 293 214 338 ex
228 273 421 337 attentatione
433 271 617 333 matrimonii
635 271 780 350 (quamvis
793 271 928 352 invalidi)
946 289 1013 336 cum
1027 293 1087 336 cor·

88 372 191 441 rupta,
213 361 262 421 vel
277 377 345 420 oum
363 357 502 436 virgine,
524 365 590 434 post
615 365 721 417 votum
745 355 876 417 solemne
897 359 1036 420 emissum
1054 359 1086 422 in

87 449 240 527 religione,
256 444 304 505 vel
320 450 386 521 post
398 442 612 518 susceptionem
634 443 708 502 sacri
728 441 862 517 ordinis,
885 441 952 502 vide
965 441 1035 504 ibid.
1052 462 1085 502 44.

86 535 152 593 448.
166 533 219 591 Vl.
234 532 277 590 Ex
295 529 410 588 delectu
430 524 585 605 infamio,
602 527 641 586 de
658 545 715 604 qua
733 525 801 586 vide
823 526 899 587 dicta
917 523 965 587 hlc
986 545 1019 586 44.
1037 527 1086 588 88.

86 617 120 676 ad
131 619 184 692 V.;
195 634 265 675 nam
281 613 512 691 irregularitates
529 628 564 672 ex
586 606 719 681 deiectu,
735 617 765 671 et
786 629 822 671 ex
841 611 947 672 delicto
963 611 1001 671 ob
1015 611 1062 671 ini
1075 639 1089 656 ·

86 703 175 761 uriam
189 701 221 760 in
239 697 319 758 idem
336 695 515 757 coincidunt.
534 694 603 756 vu.
631 698 672 755 Ex
692 696 805 756 deiectu
833 691 975 756 libertatis
985 717 998 772 ‚·
1010 695 1088 755 unde

85 795 155 844 4444
170 783 366 861 irregulares,
380 783 409 840 4.
419 798 521 841 omnes
539 780 634 848 servi,
646 777 766 857 proprii
782 777 863 839 dicti.
877 781 907 840 4.
921 779 1086 860 Coujogati.

85 871 113 930 5.
128 867 258 930 Ceriales
276 860 397 943 obligati
415 865 504 924 curie
521 873 644 942 propter
664 863 889 941 jurameutum,
906 873 957 924 aut
976 866 1088 945 stipen-

85 955 180 1014 dium.
194 954 224 1013 4.
240 952 367 1021 Milites,
384 949 487 1008 saltem
506 949 648 1026 quamdiu
659 943 829 1025 juramento
841 956 1003 1026 tenentur3
1019 950 1088 1010 vide

86 1037 107 1098 l.
119 1057 144 1098 c.
160 1055 194 1096 44.
208 1037 276 1097 456.
293 1029 374 1095 lllll.
391 1035 433 1093 Ex
446 1033 559 1092 deiectu
575 1029 725 1105 tentilatio,
740 1033 849 1094 scilieet
860 1049 896 1095 cx
913 1031 992 1091 licita
1003 1036 1090 1094 muti·

85 1123 194 1183 latione
209 1118 350 1190 memhrl,
364 1136 430 1196 quoe
442 1118 475 1177 iit
490 1117 506 1176 4
520 1115 666 1196 chirurgio
692 1135 760 1177 cum
778 1117 938 1189 incisione,
957 1118 1005 1178 vel
1017 1117 1090 1179 adu-

85 1209 200 1282 stione;
215 1204 311 1265 velex
330 1203 413 1263 licito
431 1201 591 1262 homicidio
610 1202 643 1262 iu
664 1201 742 1263 bello
755 1201 836 1279 justo
856 1200 1021 1279 cilensiv03
1040 1210 1091 1263 aut

85 1291 117 1350 in
131 1289 244 1367 jndicio
257 1305 311 1366 per
326 1287 562 1364 oobperationem
578 1287 703 1345 activam
717 1329 724 1358 ,
738 1285 902 1360 efficacem,
913 1285 1089 1366 proximam,

86 1384 114 1434 44
132 1373 170 1434 ad
185 1373 362 1433 occisionem
374 1371 556 1446 ordinatam3
570 1371 639 1430 vide
651 1369 722 1432 ibid.
736 1389 768 1432 44.
786 1371 856 1430 484.

395 1549 491 1608 Sentio
501 1550 540 1609 ll.
553 1552 598 1611 Dc
609 1547 781 1611 diaconato.

86 1717 358 1786 44444444444444
377 1721 403 1770 44
422 1729 483 1784 qao
498 1708 740 1784 spernentem,
755 1724 781 1772 n
797 1716 915 1786 4444444
932 1695 974 1775 444.
995 1721 1091 1790 opero

151 1791 274 1852 diocoai,
285 1789 403 1844 4444444444
415 1789 535 1856 tepores,
547 1797 597 1843 444.
608 1792 820 1858 De‘poenitcutia
828 1791 959 1860 imposito
968 1795 1003 1848 ab
1012 1798 1092 1866 Epis·

151 1876 221 1934 copo
233 1901 242 1926 ,
259 1878 299 1917 444
310 1862 452 1931 implendo
461 1863 512 1916 4444
524 1865 613 1930 proci.
625 1867 668 1916 er.

122 2051 226 2111 eo.-·
284 2067 437 2116 4444444444
452 2058 497 2110 444
515 2050 661 2130 ordoque
682 2046 833 2129 consertor
849 2056 977 2130 potestas
992 2051 1092 2115 44444444-

84 2137 168 2198 dieti
187 2135 344 2198 assistendi
366 2133 510 2197 sacerdoti
531 2138 570 2194 444.
585 2134 699 2207 misso,
716 2132 891 2215 porripcodo
906 2135 935 2195 ei
952 2145 1092 2217 putenam

82 2238 154 2281 444444
169 2218 285 2291 locatio,
301 2227 330 2278 44
347 2215 466 2283 culicem
480 2236 547 2278 444444
564 2218 634 2278 vino
652 2218 741 2278 :itero
751 2213 865 2297 dependi
878 2217 1091 2301 Evoopclium‚

84 2312 113 2363 et
122 2302 318 2383 praedicendi.
330 2303 480 2363 Sententia
500 2302 585 2364 nobis
595 2302 777 2381 probabilior
793 2300 885 2379 (juxta
900 2303 975 2365 dicta
988 2299 1036 2367 hle
1058 2324 1090 2367 44.

85 2390 148 2468 48.)
162 2396 262 2462 44444,
283 2388 401 2449 unicam
415 2386 585 2447 diaconatirs
599 2388 752 2447 materiam
776 2402 838 2447 esse
856 2406 998 2450 manuum
1011 2391 1091 2469 Epis·

86 2475 152 2552 copi
171 2468 388 2550 impositionem
401 2516 410 2547 ,
423 2473 601 2550 unicamque
619 2472 745 2533 formam
758 2490 819 2532 esse
835 2475 925 2535 verba
937 2478 1089 2557 Episcopi:

86 2558 156 2619 44444·
175 2558 349 2638 4844444444
360 2560 501 2619 Sanctum
514 2556 554 2619 od
573 2556 680 2635 robur,
701 2566 752 2619 444.
768 2559 825 2618 Sed
845 2562 912 2637 quia
929 2562 1019 2631 altera
1032 2583 1092 2624 sen·

88 2577 178 2703 tontlb
193 2644 282 2703 etiam
296 2652 341 2703 444
356 2643 516 2721 probabilis
529 2688 537 2716 ,
551 2642 618 2704 ideb
633 2643 776 2714 tenenda,
790 2648 917 2721 nempe,
938 2645 1016 2722 qubd
1029 2665 1093 2723 por·

87 2729 180 2789 rectio
192 2728 460 2787 instrumentorum
471 2728 561 2787 etiam
573 2730 612 2787 sit
632 2729 754 2787 materia
772 2728 924 2809 integralis
941 2730 1072 2807 partialis
1084 2752 1093 2807 3

87 2830 120 2872 ac
133 2813 289 2889 propterea
304 2810 462 2872 dicendum
480 2810 560 2890 qubd
579 2812 700 2873 materia
718 2812 887 2875 diaconatus
900 2821 943 2875 est
965 2813 1092 2891 duplex,

88 2896 198 2955 scilieet
210 2895 359 2973 impositio
373 2896 477 2957 mancis
490 2896 618 2958 dexterae
626 2900 778 2977 Episcopi,
789 2919 857 2961 cum
870 2899 980 2959 iorma:
992 2900 1093 2981 Accipe

88 2978 235 3060 Spiritum
246 2982 406 3053 Sanctum,
425 2990 490 3058 444.,
506 2992 536 3042 44
549 2981 670 3043 traditio
689 2984 759 3044 libri
778 2983 1002 3061 Evangeliorum
1024 3003 1092 3047 cum

88 3064 211 3125 forma:
233 3066 335 3147 Accipe
357 3073 529 3147 potestatem
553 3065 901 3150 beonet-Evomuere,
923 3075 974 3129 444.
999 3070 1093 3135 ambo

85 3157 188 3208 autem
208 3158 279 3210 sunt
296 3151 428 3212 materiae
443 3158 474 3212 et
489 3152 591 3212 iormec
607 3154 745 3232 partiales
761 3170 855 3213 unum
875 3152 1010 3215 ordinem
1024 3175 1094 3220 con·

88 3232 253 3293 stituentes.
271 3233 389 3295 valeret
417 3234 507 3295 etiam
523 3235 643 3297 traditio
663 3238 782 3309 Bibliae,
808 3236 876 3313 quia
891 3234 932 3299 ibi
944 3238 1006 3317 jam
1024 3260 1093 3303 con-

88 3314 225 3376 tinentur
238 3317 405 3397 Evangelia.
419 3319 474 3380 Sed
494 3320 592 3380 dices:
608 3322 646 3381 ab
658 3321 743 3381 initio
754 3320 901 3397 quomodb
917 3324 1094 3386 ordinaban-

88 3398 278 3471 turdiaeoni,
298 3402 418 3481 quando
428 3403 529 3464 deerat
539 3404 615 3465 liber
631 3406 878 3482 Evangelioruml
891 3408 1095 3489 Respondetuc

89 3478 242 3545 Christum
254 3486 418 3547 Dominum
438 3487 592 3567 reliquisse
612 3487 745 3549 Ecclesiae
762 3496 934 3567 potestatem
953 3492 1094 3551 determi-

90 3566 182 3634 nandi
196 3568 230 3630 in
245 3570 341 3649 specie
352 3573 489 3636 materias
500 3581 546 3649 ,44
556 3572 665 3639 formas
681 3582 949 3647 sacramentorum,
966 3590 1094 3650 quorum
