2475 3975
159 166 216 226 tlt
430 134 542 224 drocis
553 159 737 240 confessarii.
748 160 821 237 Cap.
838 159 885 216 lo.

158 268 258 338 rium,
273 264 416 344 quantirm
433 264 498 325 fieri
512 273 626 344 potest,
639 280 708 325 eum
721 261 879 341 disponere
896 256 933 319 ad
946 254 1171 320 absolutitnem.

164 348 236 415 Vide
258 369 289 411 rt.
306 354 337 411 7.
351 351 384 411 t'tt
397 348 468 429 fine.

197 436 266 497 188.
283 436 362 497 xvt.
376 438 442 497 Non
453 434 584 495 absolvat
595 434 773 515 prenitentes
785 432 873 504 illos,
889 429 942 508 qui
959 427 1090 489 afferunt
1106 436 1173 491 tan·

159 520 315 582 tummodd
325 528 440 599 peccata
451 519 593 590 venialia,
608 520 661 580 sed
675 518 826 578 habitante
841 537 852 592 3
866 514 922 575 nisi
940 520 1095 593 cognoseat
1108 514 1174 575 illos

160 604 230 666 verb
249 604 410 683 paenitere,
429 612 460 665 et
471 622 639 684 proponere
650 604 889 665 emendationem
901 599 1004 660 saltem
1022 599 1060 660 de
1074 600 1174 679 aliquo

160 709 196 752 ex
217 691 296 767 illis3
318 698 369 750 out
390 686 416 750 si
436 708 497 751 non
514 700 629 769 ponant
650 707 707 769 pro
732 688 857 749 materia
882 685 1002 764 aliquod
1022 693 1174 764 peccatum

158 776 276 853 gravius
289 774 359 835 ritae
376 775 503 854 prioris,
523 785 557 836 ut
578 776 746 837 nemrimus
768 792 802 834 n.
819 772 870 832 99.
893 770 940 831 0b
965 778 1039 849 quot
1063 772 1177 831 carues-¹

158 858 254 920 sioncs
270 860 407 922 invalidae
420 858 498 939 (quae
513 859 545 919 in
563 877 594 921 se
609 877 678 921 vera
698 865 770 921 sunt
791 856 953 935 sacrilegia)
969 856 1048 916 bunt
1068 855 1103 917 in
1119 853 1176 916 hoo

159 942 199 1005 ob
220 944 467 1007 confessariorum
486 945 720 1025 negligentiam?
1228 1011 1229 1024 ἶ

199 1030 688 1093 t89.xv11.1tnsuntummod0
712 1028 899 1111 paenitentias
921 1026 1082 1107 injungat,
1102 1045 1175 1109 quas
1228 1067 1229 1118 q

158 1112 337 1191 judicaverit
359 1110 444 1177 facile
466 1112 484 1175 d
508 1115 724 1194 poenitentibus
752 1114 972 1196 adimplendas,
994 1124 1029 1174 nt
1046 1114 1175 1175 diximus

161 1226 194 1267 η.
217 1202 267 1260 ll.
285 1200 342 1261 Sed
361 1210 466 1271 curet,
481 1210 515 1261 trt
536 1198 595 1261 itta
613 1202 674 1262 sint
690 1200 900 1275 medicinales,
919 1208 954 1261 ut
977 1208 1091 1283 essent,
1116 1200 1176 1261 frc-

160 1287 281 1367 quentia
310 1292 583 1359 sacramentorum,
610 1280 792 1348 visitationes
811 1285 877 1366 (l),
905 1284 1115 1346 commendare
1144 1303 1176 1347 sc

160 1376 223 1433 Deo
243 1370 352 1445 mand,
377 1378 408 1432 ct
433 1364 577 1450 vespere,
605 1366 695 1433 lectio
722 1370 846 1449 alicujus
877 1370 948 1431 libri
972 1370 1137 1449 spiritualis
1164 1392 1174 1431 s

160 1456 327 1518 adscribere
344 1474 376 1517 se
392 1456 478 1516 alicui
502 1458 741 1535 congregationi,
758 1465 789 1516 ct
801 1454 919 1517 similia.

197 1541 267 1600 490.
285 1540 391 1603 XVlll.
404 1540 540 1600 Personis
550 1540 683 1615 devotis,
697 1559 763 1620 qum
772 1542 961 1621 frequentant
973 1548 1175 1615 sacramenta,
1222 1599 1225 1622 ,

159 1642 222 1687 non
246 1624 365 1684 omittat
392 1624 543 1685 insinuare
567 1642 656 1686 usum
683 1628 824 1687 orationis
850 1626 1006 1697 mentalis,
1030 1628 1177 1707 exigendo
1222 1647 1225 1662 ¹

160 1708 231 1773 indb
242 1709 387 1769 rationem
403 1707 440 1769 de
459 1727 514 1781 ea,
538 1711 584 1771 vel
606 1711 711 1772 saltem
730 1709 960 1791 interrogando,
974 1710 1077 1771 utrdm
1091 1714 1177 1775 illam

159 1794 295 1856 fecerint.
314 1792 490 1856 Adhibenda
501 1794 578 1857 banc
597 1797 753 1857 minimam
769 1795 952 1875 diligentiam
966 1796 1092 1875 quisque
1105 1815 1178 1859 con-
1221 1795 1224 1866 ἶ

159 1880 296 1941 fossarius
312 1880 422 1959 poterit
444 1881 553 1942 multas
566 1882 679 1942 animas
697 1881 890 1942 sanctificare.
905 1882 966 1941 Nec
981 1880 1021 1942 sit
1040 1883 1177 1943 renitens
1221 1897 1224 1914 ·

159 1966 193 2028 in
223 1963 408 2026 concedenda
432 1968 643 2028 communione
662 1966 837 2046 frequenti,
858 1966 974 2046 quoties
1000 1968 1095 2029 cernit
1122 1976 1178 2030 aut

161 2051 324 2132 prudenter
335 2051 485 2113 existimat
494 2096 502 2124 ,
511 2053 705 2132 poenitentem
717 2052 847 2113 fructum
861 2069 937 2114 exea
951 2062 1175 2132 percepturum.

199 2139 268 2198 let.
288 2137 367 2198 XIX.
381 2137 565 2218 Scrupulosis
585 2138 718 2218 personis
739 2137 871 2198 insinuet
887 2146 957 2198 ante
982 2138 1081 2200 omnia
1100 2138 1175 2201 obe-
1220 2149 1223 2231 t

162 2221 325 2295 dientiam,
351 2221 468 2302 illisque
494 2241 610 2303 semper
630 2223 778 2297 inculcet,
799 2220 880 2301 qudd
903 2221 1069 2285 obediendo
1085 2235 1177 2287 erunt
1221 2252 1224 2277 ι

160 2324 271 2368 securae
283 2327 293 2383 3
306 2304 502 2370 inobediendo
516 2307 587 2369 verb
600 2317 748 2387 exponent
764 2325 796 2368 se
811 2308 943 2386 periculo
962 2307 1173 2373 damnationis.
1221 2288 1224 2381 ¹3

161 2388 296 2449 Virilitcr
325 2405 460 2468 semper,
485 2399 515 2451 et
539 2392 634 2470 rigide
660 2395 758 2471 exigat
776 2391 998 2471 obedientiam,
1024 2397 1176 2476 intrepide
1223 2402 1226 2461 I

158 2491 276 2552 semper
293 2473 464 2554 loquend03
486 2476 592 2554 quiesi
611 2493 680 2538 com
699 2480 808 2540 timore
828 2479 987 2558 loquetur,
1008 2480 1075 2541 illas
1087 2482 1174 2560 pejus
1225 2482 1226 2513 ¹

159 2556 248 2638 quam
264 2567 349 2620 antea
367 2560 538 2623 confundet.
563 2561 619 2622 Det
641 2562 700 2623 illis
718 2562 834 2642 regulas
858 2565 1007 2644 generales
1026 2565 1064 2625 ad
1080 2567 1174 2630 dubia

158 2647 210 2704 sua
223 2644 417 2725 deponenda,
436 2645 685 2726 quemadmodum
706 2649 814 2726 cuique
826 2652 919 2728 magis
935 2650 1090 2730 expediet:
1101 2673 1130 2714 e.
1143 2675 1172 2716 c.

159 2729 228 2803 llli,
247 2731 298 2808 qni
312 2747 429 2812 semper
441 2732 555 2794 dubitet
575 2731 614 2794 de
633 2735 787 2795 transeatis
802 2735 1051 2810 confessionibus,
1066 2737 1174 2814 jubeat

159 2813 286 2894 amplids
302 2832 364 2876 non
384 2815 539 2890 confiteri,
571 2819 629 2878 nisi
658 2826 775 2899 peccata
803 2819 881 2892 illa,
908 2839 975 2899 quas
994 2821 1075 2886 certb
1098 2826 1173 2887 sciat

157 2897 246 2962 fuisse
276 2906 392 2980 peccata
418 2901 578 2978 mortalia,
596 2910 627 2963 et
648 2902 730 2964 certd
751 2904 841 2965 etiam
860 2904 932 2964 sciat
955 2925 1111 2986 nunquam
1139 2929 1172 2972 sc

159 2985 1172 3074 confessumesse.Eteircaboeconfessariusconstantissimesegerat

158 3085 313 3148 nunquam
336 3071 500 3146 audiendo,
525 3073 551 3132 si
569 3091 630 3134 non
655 3073 798 3152 obediat3
821 3076 846 3134 si
874 3075 956 3136 enim
977 3077 1170 3142 corrfessarius
1228 3124 1230 3153 ,

157 3151 315 3228 aliquando
327 3158 409 3218 cedat
421 3201 430 3231 ,
444 3156 590 3234 poenitens
603 3177 757 3240 nunquam
771 3159 934 3221 curabitur.
955 3161 1084 3235 Quidam
1098 3184 1171 3228 con·
1228 3156 1230 3245 l

156 3234 267 3295 fossarii
278 3242 435 3302 maximam
446 3239 617 3321 hujusmodi
626 3247 780 3306 animabus
793 3253 913 3307 causant
925 3248 1087 3327 perniciem
1098 3295 1109 3327 ,
1121 3269 1170 3313 ens
1228 3264 1229 3287 ¹

158 3317 317 3382 audiendo·
343 3327 439 3389 Alicui
462 3326 534 3390 verb
562 3329 680 3392 timenti
705 3329 835 3410 singulas
854 3349 921 3393 suas
949 3332 1080 3395 actiones
1104 3355 1169 3399 esso
1228 3368 1229 3419 3

185 3511 226 3566 (l).
237 3511 275 3558 Sc.
283 3512 426 3562 Sanctissimi
436 3521 588 3570 sacramenti.

1025 3599 1092 3648 Edit
