2475 3975
150 200 208 263 tlt
431 195 543 263 Prasia
560 195 740 277 confessarii,
759 197 830 281 cup.
846 194 876 257 9.

154 311 223 362 tunc
247 301 278 363 in
299 318 407 383 magno
426 309 560 369 uersatur
574 298 727 379 periculo,
745 316 785 361 nc
800 296 965 379 decipiatur
979 296 998 361 l
1011 296 1156 361 damone.
1230 309 1231 380 ζ

153 385 288 466 Denique
309 387 439 448 director
461 385 515 447 etsi
535 384 681 445 indicarat
702 382 827 445 reddere
839 383 969 444 animam
981 383 1157 457 certiorem,
1230 411 1232 420 ³

153 468 235 547 qubd
255 488 317 533 suoe
333 470 612 537 communicationes
629 466 719 529 eintd
736 470 819 542 Dec,
840 477 939 529 tamen
956 468 985 528 ei
1007 469 1157 542 insinuet,
1230 467 1231 550 i

153 561 187 615 ut
205 556 238 617 in
256 556 390 629 eratione
402 571 519 632 semper
535 572 597 634 prm
614 552 707 614 oculis
722 552 827 614 habeat
838 553 898 632 (vel
911 553 1016 613 saltem
1029 554 1061 614 in
1073 556 1158 633 prin·
1230 575 1231 648 3

153 640 241 720 cipio)
257 650 400 719 punctum
414 638 533 718 aliquod
545 640 615 700 vitae
626 683 635 712 ‚
647 638 694 699 vel
705 638 925 717 passicnrstasn
940 636 1061 700 Christi.
1071 641 1158 701 Dice·
1230 651 1231 688 1

153 723 204 785 bat
216 724 247 785 S.
267 722 423 796 Pbcrestu,
437 726 565 785 animam
583 742 649 804 quoe
663 725 773 786 amittit
784 723 978 785 directionem
990 723 1156 797 bonitesu,
1230 717 1231 780 l

154 808 1179 887 numquempervcnturamadperlectamcumileounioncnr.linimus⁴
1230 873 1231 886 3

153 892 327 972 incipientes
339 894 521 955 meditantur
534 892 655 955 Domini
670 893 835 972 passionem
849 910 903 972 per
913 892 1036 953 medum
1046 892 1159 955 discur-
1230 907 1231 970 l

153 975 223 1054 sds3
237 980 473 1058 contemplativae
494 977 566 1041 verb
587 996 647 1042 nou
667 985 794 1039 utuntur
813 977 969 1051 discursu,
992 979 1067 1054 sed,
1091 998 1160 1059 pre·
1230 975 1231 1024 l

154 1063 249 1140 posito
265 1062 322 1125 sibi
338 1064 479 1142 mysterio
502 1064 616 1141 aliquo,
636 1062 822 1123 admirentur
838 1062 1023 1137 bonitatem,
1043 1066 1161 1125 miseri·

155 1146 303 1221 cordiam,
316 1168 447 1211 amorem
465 1148 619 1219 divinum,
634 1156 665 1207 et
683 1146 754 1207 hinc
766 1150 845 1207 Deus
864 1148 934 1208 lacit
953 1166 1002 1207 cas
1015 1149 1159 1222 transire,

155 1229 273 1308 quande
288 1232 316 1292 ei
338 1232 503 1317 placuerit,
523 1231 560 1291 ad
577 1233 859 1310 contemplationem
877 1250 939 1311 suos
957 1232 1134 1310 diuinitatis

451 1431 478 1514 ς.
495 1434 547 1493 111.
566 1434 612 1493 De
629 1429 863 1513 mortificatione.

193 1590 1162 1737 lib.Quornmortilicationemoportetadvertere‚quddquando

154 1733 261 1801 animae
280 1736 371 1796 vitam
392 1734 577 1811 spiritualem
596 1736 765 1814 incipiunt,
787 1753 824 1797 ex
842 1753 878 1796 co
897 1734 977 1813 qudd
996 1735 1073 1795 solet
1092 1744 1162 1797 tunc

153 1819 318 1897 Dominus,
342 1827 377 1890 ut
394 1819 541 1892 diximus,
564 1838 612 1881 eas
635 1821 752 1882 allicere
769 1818 1019 1883 consolationibus
1038 1821 1162 1881 sensibi-

153 1902 251 1977 libus,
271 1904 303 1979 in
325 1905 430 1983 primis
451 1903 511 1965 illis
532 1905 699 1967 fervoribus
718 1905 829 1966 vellent
845 1923 877 1965 se
892 1904 1059 1965 interficere
1076 1904 1162 1966 disci·
1230 1927 1232 2029 3

155 1986 263 2072 plicis,
283 1989 403 2064 ciliciis,
414 1989 554 2068 jejuniis,
571 2000 601 2052 et
614 1992 761 2052 similibus
782 1990 929 2052 exercitiis
951 1989 1108 2052 afflictiris.
1120 1993 1163 2051 iu·
1230 2032 1231 2045 ,

154 2086 234 2137 terea
252 2084 386 2156 oportet,
400 2085 434 2136 ut
445 2073 574 2137 director
590 2077 630 2136 sit
648 2076 835 2154 parcissimus
852 2077 885 2137 in
897 2075 1069 2154 hujusmodi
1082 2095 1162 2139 mor·

154 2161 364 2224 tilicationibus
378 2161 591 2224 concedendis:
606 2179 677 2223 nam
688 2159 758 2221 alils
768 2159 994 2239 superveniente
1004 2159 1075 2223 inde
1087 2170 1162 2222 tem·

153 2263 225 2324 porc
249 2247 410 2318 ariditatis,
437 2253 471 2306 ut
496 2245 647 2308 ordinarie
673 2247 749 2306 solet
776 2245 937 2318 accedere,
962 2243 1047 2306 facile
1064 2247 1161 2306 anima

153 2330 292 2390 destituta
313 2347 366 2390 suo
389 2331 515 2407 pristino
534 2333 652 2392 fervore
673 2330 825 2401 sensibili,
841 2330 957 2390 omittet
972 2346 1076 2391 omues
1095 2348 1161 2389 suas

153 2412 411 2483 mortificationes,
432 2420 462 2472 et
481 2414 624 2491 incipiens
641 2415 711 2476 inde
732 2415 884 2487 diffidere,
903 2415 1053 2493 relinquet
1070 2415 1161 2474 etiam

153 2498 338 2567 orationem,
362 2503 392 2564 et
410 2496 501 2555 vitam
525 2497 618 2574 ipsam
638 2501 843 2576 spiritualem,
866 2507 970 2578 utpote
989 2499 1038 2558 ras
1061 2497 1161 2559 minus

153 2579 209 2642 sibi
220 2579 469 2658 accommodatas,
483 2589 513 2641 et
523 2591 737 2660 consequenter
746 2587 864 2644 amittet
875 2584 985 2644 omnia.
993 2581 1161 2659 Aliquando

153 2667 242 2728 ctiam
260 2664 380 2740 accidit,
399 2675 433 2728 ut
449 2663 495 2727 hae
514 2668 623 2746 animas
641 2668 815 2748 incipientes
834 2670 949 2729 ratione
969 2666 1060 2746 primi
1079 2666 1159 2726 iliius

152 2751 276 2814 serveris
299 2751 372 2812 dent
394 2752 427 2812 in
451 2769 498 2822 res
521 2752 750 2826 immoderatas,
772 2763 803 2813 et
828 2752 961 2814 incidant
984 2753 1016 2812 in
1040 2751 1160 2812 morbos

153 2836 336 2916 corporales,
356 2843 387 2895 et
405 2843 477 2912 tunc
496 2843 531 2895 ut
550 2837 741 2914 reficiantur,
757 2838 900 2898 omittunt
912 2836 1011 2898 omnia
1023 2837 1160 2896 exercitia

151 2921 316 3002 spiritualia
335 2938 396 2992 uon
415 2921 479 2996 siue
500 2920 613 2998 ingenti
634 2923 766 3000 periculo
787 2920 914 3002 ampliais
938 2939 971 2982 ea
994 2939 1055 2983 non
1077 2938 1158 2980 rasu-

151 3009 262 3070 mendi.
283 3005 353 3069 idad
375 3005 505 3068 director
533 3023 638 3066 curare
664 3008 774 3079 debet,
797 3013 832 3067 ut
853 3003 937 3086 priris
954 3006 1026 3084 ipsae
1047 3005 1080 3064 in
1099 3007 1158 3064 vita

150 3093 297 3168 spirituali
322 3093 508 3166 solidentur,
535 3099 566 3152 et
590 3100 691 3171 postea
716 3093 908 3154 consideratis
932 3089 1158 3152 circumstantiis

64 3251 68 3258 ⁵
150 3176 302 3251 sanitatis,
326 3177 571 3257 occupationum,
593 3186 682 3258 atque
704 3178 850 3252 fervoris,
871 3177 1012 3238 concedat
1031 3175 1091 3235 iilis
1111 3190 1158 3233 eas

152 3259 390 3326 mortificationes
404 3273 556 3338 externas,
572 3282 645 3342 quas
663 3266 734 3343 ipsis
751 3266 845 3344 magis
860 3261 1038 3341 judicaverit
1053 3271 1156 3321 conte·
1228 3242 1232 3351 1

152 3343 218 3402 nire
235 3344 396 3410 secundum
408 3347 596 3410 christianam
610 3349 809 3426 prudentiam.
821 3350 893 3410 Dico
906 3343 1066 3411 secundum
1080 3342 1156 3416 ebri-
1228 3374 1232 3391 ·

149 3427 281 3492 ationem
292 3427 481 3515 prudentiam
490 3455 502 3508 ,-
521 3435 662 3511 quoniam
678 3434 787 3493 dantur
800 3434 892 3513 aliqui
908 3431 1069 3492 directores
1084 3424 1154 3491 adad

151 3511 429 3595 i¹¹¹l³1⁸1¹d⁰¹¹l082qui
441 3521 560 3576 omnem
578 3519 685 3578 animae
698 3537 886 3598 progressum
897 3518 1039 3579 codocare
1054 3513 1154 3573 viden·
1230 3542 1231 3585 1

150 3598 199 3648 tur
211 3593 242 3650 iu
255 3592 403 3653 onerando
420 3612 484 3654 eam
499 3591 640 3675 jejuniis,
656 3603 779 3676 ciliciis,
791 3601 954 3681 disciplinis
966 3598 1152 3676 sanguineis,
