2475 3975
119 147 178 212 att
301 148 437 227 Epitomc
455 143 597 208 doctrinae
614 138 737 207 morolio
749 153 779 205 et
796 145 946 206 conanime

155 252 230 311 ltent
240 249 338 312 necde
351 249 542 327 indulgentiis
555 249 689 308 Ecclesia
703 247 903 308 lateranensis
913 291 921 317 ‚
931 258 1005 324 quaa
1017 260 1132 326 appre÷
1223 310 1224 317 p

117 333 216 406 bavit,
230 345 261 396 ct
274 353 311 396 ex
321 335 436 414 integro
446 334 586 394 concessit
598 330 773 392 Benedictus
786 333 876 393 XIV.
885 331 918 390 in
932 330 1030 406 bulld,
1045 331 1134 392 Asai·

116 416 412 500 duoeeollica'tudiaia.
427 417 502 478 ibid.
707 415 713 426 '

157 506 357 586 Indulgentiae
370 504 403 565 ia
419 500 648 584 somejodiloei
661 519 810 564 concrema
832 502 984 579 abrogavit
996 499 1134 563 Glemona

121 587 226 660 vm.
248 593 357 669 alitque
378 589 500 667 quidam
522 589 697 660 Pontifices,
714 603 807 667 quare
829 589 855 647 si
876 587 955 646 iortd
973 597 1079 666 agatur
1092 590 1133 648 de

117 675 214 753 aliqui
224 675 355 752 ejusdem
366 675 478 735 tenoris
488 673 673 753 indulgentid
684 718 693 743 ‚
704 672 867 733 uidendum
880 672 938 731 erit
951 716 961 743 ‚
974 671 1049 732 num
1062 680 1134 750 post

118 777 151 820 ca
175 761 291 820 decreta
317 771 452 821 concessa
475 759 585 834 suerit,
601 767 637 819 ut
659 774 697 819 ex
720 759 860 818 Tractatu
875 756 914 817 de
935 757 1134 836 indulgentiis
1223 758 1224 761 ’

119 847 156 904 Ρ.
170 842 331 918 rittodum,
346 852 424 922 port.
439 846 470 905 2.
483 858 509 906 e.
521 846 551 904 l.
564 843 592 925 S.
605 845 636 904 2.
651 845 696 904 lb.
713 845 786 913 nil,

159 927 378 997 Clemeninl.
395 931 427 990 in
444 947 499 990 suo
519 930 605 990 Brevi
626 929 696 990 dato
707 928 755 988 die
767 929 816 988 li.
836 927 913 1006 Aug.
924 927 1012 988 tteu.
1027 927 1134 988 indul-

119 1015 249 1094 gentiam
265 1016 429 1095 plenariam
441 1060 449 1086 ‚
463 1013 513 1079 die
526 1015 563 1075 ad
583 1015 702 1082 libitum
716 1013 875 1092 quotannis
887 1013 1023 1091 eligendo
1036 1055 1045 1088 ‚
1057 1031 1134 1074 con-

121 1102 207 1162 cessit
222 1099 259 1160 ila
274 1145 282 1169 ,
299 1099 351 1178 qui
373 1115 453 1160 anno
466 1101 583 1180 integro
600 1099 637 1159 ad
658 1100 777 1179 pulsum
794 1099 1012 1176 campanasulo
1023 1097 1133 1159 horam
1223 1158 1224 1167 ,

121 1186 215 1247 noctis
233 1185 423 1248 recitaverint
442 1185 515 1264 psat.
530 1187 575 1245 De
587 1181 768 1266 profundis,
786 1183 834 1243 vel
846 1183 937 1243 mmet
957 1184 1133 1244 Orationem
1223 1180 1224 1185 ’

121 1267 352 1341 dominicsm4et
362 1270 574 1331 Salutationem
583 1268 1136 1349 angelteamoumversicolotuqoiem

122 1357 154 1418 in
176 1355 349 1436 suffragium
368 1354 599 1430 defunctorumr
625 1348 789 1416 dummodd
811 1352 845 1412 ed
867 1353 917 1414 die
935 1355 1081 1426 confessi,
1103 1363 1137 1414 et

121 1443 331 1500 communione
359 1441 483 1514 resecti,
515 1457 616 1520 preces
647 1441 711 1518 pias
730 1437 891 1500 effuderint
911 1453 967 1518 pro
990 1448 1136 1503 consueto

123 1541 218 1585 more.
233 1525 364 1602 Singulis
386 1525 458 1585 vcrd
478 1526 582 1586 diebus
603 1527 691 1586 toties
710 1525 827 1601 quoties
844 1525 962 1584 easdem
984 1526 1136 1586 orationes

120 1609 157 1667 ad
173 1607 289 1684 signum
303 1606 484 1684 campanula
502 1609 659 1671 recitantes
671 1614 791 1682 centum
806 1607 1059 1695 indulgentiarum
1068 1610 1137 1673 dier

121 1700 352 1774 consequuntur.
365 1694 463 1767 instit.
475 1692 583 1760 Eccles:
600 1698 651 1755 ot.
663 1712 695 1754 n.
710 1697 739 1770 dr

503 1877 749 1956 tnuluutttusr

163 2069 251 2149 Signa
267 2068 455 2150 protestative
477 2066 658 2131 infidelitatis
675 2069 737 2131 ltaec
752 2068 863 2132 indicat
878 2072 1013 2133 Pontifex
1026 2072 1059 2133 in
1072 2078 1139 2137 suis
1223 2089 1224 2132 ῖ

130 2153 257 2217 decretis
275 2175 331 2238 pro
346 2158 449 2219 incolis
460 2157 545 2235 regni
566 2158 698 2235 Servius,
722 2157 932 2236 incipientibus
943 2160 1142 2221 Interamni-

121 2239 361 2320 genonNomina
378 2242 500 2303 Tuccica
513 2261 680 2313 assumere,
696 2242 862 2303 infidelium
875 2244 1003 2323 templa,
1022 2245 1141 2307 scilicet

124 2324 279 2385 Moschaas
300 2328 509 2405 frequentare,
526 2327 710 2405 jejuniorum
730 2328 793 2390 dies
813 2346 867 2406 per
892 2329 1026 2389 carnium
1048 2348 1139 2393 asum

123 2409 279 2487 profanare
298 2411 511 2482 adsumtum,
529 2419 564 2471 ut
581 2412 783 2473 ltlahumctani
809 2409 978 2473 credantur.
1005 2409 1141 2477 Damnat

123 2494 213 2555 ctiam
235 2496 346 2571 peccati
367 2493 432 2556 illos
454 2496 506 2574 qui
528 2512 565 2556 ex
586 2496 641 2559 hee
659 2496 721 2560 viu
740 2498 896 2579 migraturi
916 2498 1058 2559 cadavera
1082 2521 1139 2562 sua

123 2579 289 2643 Terrarum
301 2582 460 2663 sepulturae
475 2582 706 2656 demandarent,
722 2602 791 2646 eum
807 2584 932 2648 istorum
948 2586 1139 2660 assistentia,

123 2672 154 2725 et
169 2666 374 2736 mahumeticis
387 2668 528 2741 adhibitis
545 2668 663 2730 ritibus.

512 2856 739 2928 lNTElllllCTl.¹

162 3040 313 3102 interdicti
324 3041 361 3102 ab
376 3041 507 3119 ingressu
521 3042 653 3126 Ecclesia
664 3043 798 3104 assistere
813 3064 874 3107 non
889 3055 1012 3124 possunt
1023 3048 1136 3123 missac,

123 3134 153 3185 ct
165 3126 273 3186 divinis
290 3126 392 3186 officiis
408 3148 417 3203 3
431 3144 644 3205 nequecoram
658 3129 717 3187 illis
728 3139 825 3206 potest
837 3132 923 3190 missa
938 3133 1081 3193 celebrari
1101 3137 1136 3194 in

125 3210 263 3269 Ecclesid.
275 3211 392 3288 Spectat
413 3210 485 3272 verd
503 3212 539 3271 sd
559 3212 854 3276 ministrosEcclesioe
873 3217 941 3275 illos
955 3216 1086 3293 ejicere3
1109 3221 1137 3282 si

122 3299 221 3350 tamen
242 3293 287 3351 vis
307 3294 471 3355 adhibenda
495 3295 533 3355 ait
561 3314 629 3355 cum
644 3298 781 3359 scandalo
796 3344 805 3368 ,
823 3301 871 3359 vel
890 3302 977 3361 ctiam
997 3302 1139 3375 frustm,

121 3380 191 3429 tuno
205 3390 240 3431 ex
251 3376 363 3435 Suorez
376 3380 498 3439 docetur
513 3380 633 3443 missam
643 3379 706 3459 jam
720 3384 870 3463 inceptam
887 3403 949 3446 nou
964 3404 1028 3447 esse
1041 3392 1139 3452 omit-

121 3453 250 3513 tendam.
264 3458 335 3515 lust.
348 3461 425 3519 Eccl.
440 3464 488 3523 55.
505 3482 537 3524 n.
554 3467 603 3525 ll.

157 3538 309 3621 interdicti
328 3546 365 3604 ab
385 3549 517 3628 ingressu
542 3557 697 3632 Ecclesia,
715 3558 818 3620 utrum
843 3579 909 3624 eam
930 3563 1048 3643 ingredi
1064 3584 1141 3647 pos·
