2475 3975
284 215 286 220 ,
374 153 424 211 Ec
439 121 574 231 operibus
590 145 739 219 Benedicti
753 146 837 210 xlv.
1052 151 1109 210 563

101 256 280 328 stationem,
300 252 324 314 si
344 251 528 316 visitaverint
547 251 698 330 assignatis
712 249 824 310 vicibus
837 249 992 310 Ecclesiam
1006 249 1111 311 Cathe-

100 341 232 413 dralem,
246 339 294 399 vel
311 335 471 414 majorem,
487 346 518 396 et
535 337 748 396 consessionem
759 353 792 394 ac
802 352 913 394 sacram
928 337 1111 396 communio·

101 445 172 486 nem
188 423 376 503 exceperint,
393 423 526 483 eamdem
543 421 756 499 indulgentiam
773 428 1001 497 consequantur.

142 508 282 572 Concedit
299 508 390 568 etiam
410 507 558 584 impeditis
573 550 581 578 ,
596 515 631 565 ut
644 523 698 585 pro
712 504 927 564 visitationibus
946 506 1002 564 alia
1023 522 1111 582 opera

103 594 269 674 praestando
292 593 485 669 designentur
508 590 746 668 isuperioribus
766 589 826 648 suis
850 608 903 668 per
924 608 971 661 se,
993 591 1039 648 vel
1060 607 1113 666 pcr

104 680 266 758 prudentes
284 676 483 740 confessarios.
502 676 749 736 Communionem
766 676 855 734 etiam
874 675 1113 736 sacramentalem

103 765 251 842 permittit
271 761 446 823 commutari
465 779 533 820 cum
553 761 653 838 pueris
673 759 807 820 nondum
827 759 960 821 admissis
978 760 1015 819 ad
1034 777 1114 820 eom·

104 849 290 908 munionem.
1019 863 1026 874 ·

143 935 217 993 Cum
240 929 503 991 communitatibus
522 927 593 988 verb
612 937 673 987 tam
694 928 893 1006 regularium,
915 928 1003 1006 quiam
1024 947 1115 988 saecu·

103 1018 233 1088 larium,
256 1015 412 1094 capitulis,
434 1011 729 1090 congregationibus,
753 1012 974 1087 sodalitatibus,
995 1015 1115 1073 univer·
1171 1082 1173 1085 ¹

104 1101 259 1177 sitatibus,
287 1097 417 1174 collegiis
444 1097 699 1176 processionaliter
725 1096 911 1158 visitantibus
936 1098 1114 1170 Ecclesiam,

103 1185 309 1247 visitationum
329 1179 499 1257 hujusmodi
523 1198 682 1240 numerum
702 1182 839 1260 restringi
859 1183 1016 1260 permittit.

143 1270 246 1343 Quoad
266 1267 407 1328 moniales
424 1275 455 1325 ct
478 1266 625 1338 novitias,
645 1267 797 1338 concedit,
816 1277 850 1325 ut
862 1269 970 1345 eligere
982 1267 1036 1326 sibi
1049 1285 1116 1346 pos·

103 1355 165 1415 sint
186 1355 224 1413 ad
240 1350 474 1411 hunc‘ellcetum
495 1350 702 1411 confessarium
724 1369 940 1430 quantacumque
957 1370 994 1412 ex
1010 1369 1117 1430 appro-

105 1439 181 1500 batis
201 1437 237 1498 ad
256 1435 399 1497 moniales
414 1435 452 1495 ab
470 1434 628 1495 Ordinario
643 1437 748 1494 actuali
766 1437 833 1498 loci.

144 1523 247 1597 Quoad
262 1531 380 1582 caeteros
391 1537 493 1580 omnes
509 1521 596 1579 etiarn
610 1521 777 1599 regulares,
794 1523 925 1583 concedit
938 1568 946 1592 ,
960 1533 994 1583 ut
1006 1523 1118 1601 possint

106 1610 161 1670 sibi
175 1610 285 1688 eligere
296 1623 513 1685 quemcumque
530 1606 735 1666 confessarium
759 1617 818 1668 tam
844 1610 1009 1688 regularem
1029 1609 1118 1689 quam

106 1694 280 1756 saecularem
308 1692 345 1750 ab
371 1691 476 1750 actuali
500 1691 658 1751 Ordinario
682 1692 739 1751 loci
774 1695 991 1772 approbatum,
1015 1693 1032 1752 a
1059 1711 1118 1771 quo

105 1778 217 1839 absolvi
249 1776 362 1855 possint
383 1775 414 1834 in
441 1773 505 1832 suro
527 1775 712 1834 conscientiae
731 1776 767 1834 ab
789 1779 926 1836 omnibus
954 1777 1119 1838 censurisa

102 1860 194 1941 jure,
216 1863 264 1922 vel
279 1861 316 1919 ab
328 1858 450 1918 homine
465 1859 549 1928 latis,
571 1858 662 1918 etiam
684 1861 849 1936 apostolica
862 1863 930 1920 Sedi
945 1865 1117 1932 reservatis,

105 1948 197 2011 ctiam
224 1948 256 2009 in
278 1944 360 2009 bulla
393 1946 510 2015 Caerete,
541 1952 571 2003 et
596 1945 772 2005 commutari
797 1963 900 2008 corum
930 1954 997 2009 vota
1031 1948 1120 2007 etiam

102 2034 226 2112 jurata,
248 2043 279 2093 et
299 2030 464 2109 apostolicae
479 2027 546 2089 Sedi
572 2038 735 2104 reservata,
756 2042 876 2111 excepto
896 2042 964 2093 voto
981 2035 1120 2094 castitatis

106 2125 137 2179 et
154 2118 328 2197 religionis,
347 2123 376 2175 et
404 2114 466 2187 iis,
494 2113 601 2191 quibus
624 2113 673 2192 jus
689 2117 778 2177 tertio
796 2118 972 2195 acquisitum
995 2127 1063 2189 est,
1090 2127 1120 2177 et

105 2204 277 2280 dispensare
312 2200 408 2279 quoad
440 2201 709 2277 irregularitatem,
735 2219 799 2261 eam
819 2203 1028 2275 solummodb,
1055 2222 1121 2281 quae

108 2294 258 2348 contracta
279 2292 322 2345 est
354 2285 392 2345 ob
422 2303 615 2345 censurarum
645 2286 848 2347 violationem.
882 2289 1021 2348 Reservat
1049 2288 1120 2349 verb

107 2372 145 2431 cle
171 2388 255 2432 more
280 2370 495 2431 absolutionem
518 2371 668 2449 complicis
684 2373 715 2431 in
729 2391 762 2432 re
785 2374 920 2433 venerei.
936 2376 978 2434 Ac
1000 2374 1121 2435 tandem

107 2456 236 2517 declarat
256 2473 343 2531 eum,
359 2456 409 2533 qui
433 2456 581 2535 praedictis
593 2456 781 2517 facultatibus
804 2476 922 2536 compos
942 2459 1004 2520 voti
1029 2461 1121 2521 iactus

108 2540 217 2613 tuerit,
235 2541 259 2600 si
286 2541 354 2599 dein
378 2548 473 2599 mutet
494 2539 678 2602 voluntatem
702 2542 835 2602 lucrandi
857 2543 1011 2618 jubilaeum
1032 2589 1040 2616 ,
1060 2563 1121 2604 non

108 2624 176 2685 tuot
193 2625 323 2685 incidere
343 2625 374 2683 in
393 2626 506 2702 priores
522 2642 679 2698 censuras,
695 2644 747 2685 seu
765 2626 843 2686 votis
861 2628 984 2704 astringi
998 2671 1005 2697 ‚
1018 2646 1120 2704 quum·

109 2706 198 2786 quim
222 2708 369 2789 cipcccoti
391 2716 475 2768 ceute
499 2707 551 2769 eis
574 2710 735 2770 inamaricat
758 2710 870 2770 censeri
892 2730 985 2793 posse
995 2712 1120 2790 judicat.

109 2794 240 2855 Tandem
275 2812 348 2865 cos,
376 2792 438 2871 qui·
455 2800 551 2853 morte
571 2794 714 2873 praeventi
737 2796 938 2856 visitationum
961 2793 1121 2856 nurncrum

110 2878 261 2957 complere
281 2878 497 2956 nequiverint,
520 2880 665 2940 confessos
689 2888 719 2940 et
739 2881 820 2941 sacri
840 2882 1050 2941 communione
1073 2899 1121 2939 re·
1161 2879 1163 2881 ’

110 2962 200 3023 sectos
222 2962 403 3041 indulgentia
429 2963 530 3024 cidem
555 2964 656 3025 donat.
769 3032 776 3043 ,
1083 3034 1086 3040 ,

149 3049 303 3108 absolutio
319 3050 355 3109 ab
373 3048 497 3123 haeresi,
520 3052 634 3109 etiamsi
652 3048 786 3128 expresse
813 3068 872 3111 non
898 3058 1066 3112 reservetur
1089 3052 1120 3113 in

110 3134 192 3195 balta
215 3134 350 3207 lubilaei,
365 3131 460 3195 adhuc
479 3143 576 3194 mmen
595 3152 656 3194 non
669 3144 804 3195 censetur
820 3137 961 3214 permissa
978 3181 986 3209 ,
1007 3138 1120 3197 etiarnsi

112 3222 195 3282 bulla
213 3221 437 3283 absolutionem
452 3220 468 3281 a
482 3221 890 3298 criminibus,inbulliCoence
909 3227 1068 3303 expressis,
1090 3226 1121 3283 in

111 3324 219 3381 genero
239 3309 415 3385 permittat,
441 3317 476 3368 ut
497 3308 627 3367 decrevit
650 3317 731 3368 sacra
756 3310 949 3388 congregatio
974 3312 1004 3369 S.
1028 3309 1123 3367 Ollicii

112 3392 162 3453 dic
177 3394 215 3454 65
238 3394 336 3453 martii
354 3393 442 3455 tuto.
456 3392 511 3454 sub
525 3390 695 3455 Alexandro
709 3395 780 3455 vti.
802 3395 931 3457 institut.
947 3394 1056 3455 Eccles.
1072 3391 1123 3452 te.
1149 3447 1152 3452 .

111 3496 197 3539 num.
215 3479 264 3538 lb.

149 3564 188 3637 ln¹
194 3561 315 3639 jubilaeo
333 3561 500 3624 confessarii
520 3561 556 3622 ab
575 3560 734 3622 ordinario
755 3562 874 3623 alterius
892 3562 955 3660 loci
963 3556 1124 3699 iapprobati

939 3663 956 3699 ὓ
980 3683 988 3701 ο
