2475 3975
164 162 203 223 dd
445 156 557 221 Praxo
566 155 749 240 conlissnria.
764 159 837 239 Cap.
847 159 878 217 ii.

165 261 352 325 reciduntli
375 280 535 335 converso,
562 260 631 325 cirm
656 262 743 322 alicui
773 260 913 322 differtur
934 260 1082 325 absolutio
1092 294 1109 337 ,·
1127 267 1187 327 iiie

166 347 335 427 vigilantior
346 349 405 409 erit
418 348 455 409 ed
471 346 567 407 media
589 346 760 427 implenda,
783 346 868 406 etad
888 346 1095 409 obsistendum
1112 357 1188 412 ten-

165 432 345 511 tationibus,
362 432 401 493 ob
412 440 525 492 metum
542 450 580 492 no
594 430 704 492 iterim
717 432 780 491 sine
789 430 975 492 absolutione
987 431 1185 515 dimittatur,

166 515 233 577 ciuu
247 516 284 577 ad
299 515 505 579 confessarium
521 514 642 578 redibit.
661 515 750 577 Forte
768 515 801 576 in
821 514 879 576 boc
895 515 961 593 quis
981 535 1030 577 me
1047 518 1188 581 nimium

165 602 295 682 rigidum
316 601 482 683 reputabit3
504 603 556 663 sed
579 620 633 681 ogo
654 618 772 680 semper
788 600 831 661 sic
852 618 902 663 me
917 603 992 679 gessi
1015 603 1048 662 in
1067 607 1187 680 praxi,

166 690 254 749 etsie
276 706 397 767 pergam
419 706 466 749 me
482 706 585 768 gerere
604 706 673 749 canu
695 689 732 748 iis
754 688 806 766 qui
828 696 900 749 sunt
922 688 954 747 in
973 690 1109 766 proxima
1129 711 1187 753 oc-

166 773 296 845 casione,
312 773 445 850 quamvis
463 772 639 845 necessaria,
653 781 683 833 et
696 772 831 850 quamvis
846 772 1080 833 extraordinarie
1094 776 1187 854 signa

166 854 276 915 doloris
289 855 432 917 haberent
447 902 456 927 ,
474 874 590 935 semper
610 875 644 917 ac
657 856 731 918 mihi
748 874 809 917 non
822 856 1028 917 ostenderetur
1042 862 1187 936 specialis

166 940 319 1002 necessitas
336 959 386 1001 eos
404 943 504 1003 statim
518 942 711 1018 absolvendi3
733 948 763 1000 et
786 942 829 1001 sic
846 958 950 1002 censeo
968 942 1063 1003 multd
1084 948 1187 1024 magis

166 1025 303 1103 prodesse
327 1028 535 1105 poenitentium
556 1027 655 1089 saluti.
683 1026 801 1087 Utinam
820 1036 852 1087 et
878 1044 981 1088 omnes
1006 1028 1187 1092 confessarii

166 1110 207 1172 sie
225 1114 315 1173 etiam
336 1130 368 1171 se
393 1121 551 1191 gererent,
568 1110 608 1173 oh
633 1120 707 1188 quot
718 1118 835 1191 peecata
851 1112 1033 1183 vitarentur,
1053 1123 1086 1175 ct
1104 1128 1188 1194 quot

165 1196 230 1255 alies
245 1196 431 1256 salvarentur
448 1196 573 1255 anime!
589 1198 704 1274 Reputo
718 1196 798 1275 quod
811 1196 971 1277 supradixi
987 1217 995 1255 ε
1009 1198 1066 1258 Ubi
1078 1203 1188 1279 agitur

165 1279 202 1339 do
222 1278 375 1340 liberando
395 1280 556 1359 poenitente
573 1279 589 1341 i
606 1289 725 1359 peccato
737 1281 875 1354 formali,
896 1282 941 1342 uti
959 1281 1047 1343 debet
1064 1288 1188 1347 confes·

166 1362 260 1423 serius
284 1366 473 1443 opinionibus
504 1365 759 1445 benignioribus,
785 1367 818 1426 in
846 1364 993 1445 quantdm
1017 1365 1189 1432 christiane

166 1451 324 1531 prudentia
347 1451 502 1527 concedit3
523 1451 574 1511 sed
592 1451 644 1512 ubi
671 1452 826 1529 opiniones
848 1450 986 1530 benignas
1009 1453 1188 1529 periculum

165 1536 274 1617 peceati
297 1536 427 1595 formalis
448 1536 612 1613 proximius
635 1536 786 1608 reddunt,
804 1535 895 1616 prout
921 1537 953 1595 in
977 1535 1032 1609 bac
1053 1545 1188 1604 materia

165 1622 350 1683 occasionum
376 1621 578 1699 proximarum
597 1619 722 1694 accidit,
744 1620 812 1681 dico
829 1620 953 1682 omninb
971 1622 1138 1700 expedire,
1157 1637 1189 1688 et

165 1706 341 1787 quandoque
355 1713 513 1784 oportere,
538 1713 572 1765 ut
592 1705 783 1766 confessarius
809 1706 964 1767 sententiis
984 1707 1188 1785 rigidioribus

166 1800 288 1864 utatur,
313 1800 384 1851 tunc
406 1790 487 1849 enim
503 1788 549 1850 bae
572 1789 658 1850 vaide
681 1792 774 1869 magis
793 1800 919 1869 prosunt
936 1790 1109 1855 animarum
1137 1817 1188 1857 sa·

165 1878 232 1939 luti.
247 1874 333 1951 Qubd
350 1876 374 1935 si
388 1884 485 1935 autem
499 1876 584 1953 quis,
607 1877 754 1936 manendo
770 1877 802 1935 in
822 1876 974 1936 occasione
996 1882 1186 1961 necessaria,

166 1981 283 2044 semper
295 1961 398 2023 endem
412 1960 501 2022 modo
517 1961 721 2035 relaberetur,
745 1962 835 2022 etiam
854 1960 994 2022 remediis
1013 1960 1185 2043 adhibitis,

165 2061 195 2114 et
218 2049 331 2113 modice
347 2054 510 2126 superesset
531 2064 597 2124 spes
621 2047 856 2120 emendationis,
869 2056 941 2107 tunc
961 2047 1029 2108 dico
1051 2053 1186 2116 omnini)

165 2136 236 2198 huic
255 2131 419 2214 negandam
440 2131 656 2193 absolutionem
673 2129 758 2210 privis
775 2130 865 2210 quarn
888 2133 1072 2192 occasionem
1094 2136 1188 2198 tollat

164 2219 254 2300 (loia.
268 2239 300 2280 a.
315 2215 407 2297 aba).
424 2217 460 2276 Et
477 2214 526 2276 hic
544 2235 613 2278 reor
630 2218 739 2286 instare
760 2215 905 2294 evangeiii
921 2226 1104 2295 praeceptum
1125 2243 1134 2279 :
1151 2224 1189 2283 Si

165 2301 265 2366 oculus
276 2299 463 2362 scandalizat
474 2309 500 2360 te
513 2345 521 2372 ,
535 2302 604 2382 ejice
625 2321 692 2363 eom
704 2302 814 2381 (Marci
822 2302 851 2360 9'.
870 2300 946 2378 ab).
964 2303 1093 2381 Excepto
1109 2324 1185 2367 casu

165 2407 223 2466 quo
233 2387 378 2464 paenitens
391 2380 471 2462 signe'
484 2385 592 2446 doloris
603 2387 770 2447 ostenderet
780 2395 839 2446 tam
848 2385 1082 2458 extrordinaria,
1095 2392 1185 2467 quod

166 2467 1183 2553 possetconcipiprudensspesemendationisilibt.aeditimo).

532 2613 800 2706 cnrnuauu'v.

169 2808 317 2892 Quomodo
332 2828 363 2874 se
380 2829 477 2894 parere
500 2809 600 2874 debeat
624 2809 822 2957 eopscssou’as
846 2829 913 2883 cam
938 2809 1128 2894 babituros,
1155 2826 1188 2879 et

591 2896 658 2956 reci
670 2894 748 2957 ivis?

204 3147 252 3208 70.
263 3086 490 3210 Discincosnnr
503 3151 572 3207 sunt
586 3142 759 3205 irabituatib
775 3144 923 3206 recidivis.
936 3143 1101 3207 Habituota‘
1108 3157 1185 3209 sunt

165 3232 216 3308 qui
235 3230 372 3292 habitum
392 3239 602 3293 contraxerunt
621 3231 655 3291 in
681 3230 780 3307 aliquo
804 3239 943 3307 peccato,
970 3231 1092 3308 dequo
1115 3253 1183 3316 non
1221 3272 1222 3291 t

165 3314 260 3376 adhuc
277 3323 347 3375 sunt
368 3319 502 3380 confessi.
525 3316 596 3386 isti,
612 3323 647 3374 ut
662 3316 765 3375 dicunt
781 3316 845 3374 DD.
862 3312 895 3393 (l.
910 3317 939 3375 6.
955 3333 987 3374 π.
1002 3317 1086 3394 459.)
1099 3318 1184 3382 bcnb

164 3399 275 3462 absolvi
294 3409 416 3477 possunt
429 3445 436 3474 ‚
451 3401 547 3478 primi
559 3401 622 3460 viee
644 3400 702 3478 qud
715 3399 895 3460 confitentur
905 3399 942 3459 de
955 3417 1048 3478 pravo
1059 3399 1183 3474 babitu,

165 3485 212 3541 vel
225 3487 249 3542 si
262 3484 299 3541 de
316 3500 351 3541 co
370 3484 550 3544 confitentur
563 3493 718 3562 postquem
733 3491 967 3544 retractaverunt
982 3525 991 3554 ,
1010 3483 1183 3550 dummodd

167 3563 300 3638 dispositi
322 3564 381 3622 sint
401 3581 454 3639 per
478 3585 580 3626 verum
601 3566 753 3639 dolorem,
778 3576 809 3626 et
840 3567 962 3628 firmum
986 3569 1180 3648 propositum
