2475 3975
369 181 569 266 scoparum
582 179 829 249 andnemu.
1045 185 1105 248 mn

489 334 716 402 capitutum.

132 491 301 572 Capitulum
322 489 456 553 Ecclesiae
481 487 656 551 cathedralis
678 491 844 572 precedere
866 487 955 553 debet
977 491 1105 571 capitulo

93 577 274 656 collegiatae,
295 574 369 637 adeb
387 583 421 635 ut
444 593 498 636 nce
517 573 720 637 sustineantur
739 576 964 638 constitutiones
982 579 1107 655 privata·

92 681 164 723 rum
184 660 380 722 Ecclesiarum
402 660 488 721 aliter
509 659 715 738 decernentes,
730 670 764 722 ut
775 660 911 722 definivit
926 662 1000 722 ltota
1015 661 1105 722 decis.

92 745 1103 826 lXpostMurgamadconstitdpostltesyu.dioec.lib.l2.c.l.n.2.

133 831 303 910 Capitulum
325 828 496 891 cathedralis
512 829 648 889 Ecclesiae
671 830 707 888 ad
731 831 878 910 synodum
901 830 938 891 ab
961 832 1105 912 Episcopo

91 915 236 979 indictam
250 915 436 976 invitandum
457 921 522 976 estc
543 921 720 992 teneturque
736 915 895 993 Episcopus
909 916 946 976 de
961 922 1106 980 constitu·

91 1001 266 1062 tionibusin
281 1000 383 1061 eidem
404 999 517 1080 synodo
535 997 717 1073 condendis,
738 998 871 1076 ejusdem
893 1002 1011 1078 capituli
1034 1021 1105 1063 con·

92 1086 195 1148 silium
219 1087 395 1164 exquirere,
408 1102 468 1145 non
488 1093 587 1145 tamen
605 1085 688 1162 sequi
712 1083 786 1145 illud
806 1084 1011 1164 adstringitur.
1027 1087 1057 1146 Si
1074 1082 1106 1147 id

92 1171 249 1250 negligat,
270 1179 300 1230 et
323 1170 546 1232 constitutiones
562 1185 629 1229 suas
643 1171 809 1232 inconsulto
831 1169 960 1248 capitulo
978 1170 1108 1250 promul·

93 1259 229 1340 gavone,
247 1256 304 1316 illae
322 1254 473 1334 profecti,
493 1254 575 1334 qudd
593 1254 631 1314 ad
647 1273 782 1318 normam
797 1252 876 1334 juris
895 1273 955 1316 uon
966 1255 1025 1316 siut
1039 1273 1106 1315 ena-

94 1351 171 1411 ctac,
185 1339 327 1400 firmitate
338 1347 449 1400 carent.
461 1339 506 1399 De
518 1339 592 1420 Syn.
606 1339 691 1400 dioec.
704 1339 727 1399 l.
742 1341 791 1400 ts.
804 1357 832 1399 c.
848 1342 876 1400 1.
891 1358 924 1399 ιι.
945 1341 994 1400 tt.
1014 1349 1044 1400 et
1058 1342 1106 1402 16.

134 1425 304 1504 Capitulum
332 1423 507 1484 cathedralis
539 1426 675 1502 quamvis
703 1425 921 1504 exemptionem
949 1424 1106 1498 obtineat,
1147 1447 1153 1460 ·

94 1508 191 1571 adbuc
202 1519 300 1570 tamen
309 1508 448 1570 subditur
462 1507 576 1588 legibus
590 1509 781 1588 synodalibus
791 1511 822 1570 in
837 1510 893 1585 iis,
908 1528 973 1588 quae
987 1528 1107 1572 versen-

93 1606 146 1656 tur
165 1597 240 1656 circa
259 1613 377 1658 morum
390 1603 420 1654 et
430 1593 593 1673 discipline
607 1595 865 1668 reformationem,
884 1596 926 1656 ita
942 1595 1107 1662 declarante

55 1741 57 1745 ,
94 1681 128 1742 S.
142 1681 175 1742 G.
189 1681 233 1740 De
245 1679 540 1760 Syn.dioec.lib.t5.
551 1697 578 1738 c.
590 1679 621 1739 1.
632 1698 663 1739 n.
676 1682 707 1741 8.

136 1765 288 1844 Exemptio
310 1765 431 1842 capituli
451 1763 626 1823 cathedralis
643 1764 676 1823 in
696 1782 731 1824 eo
749 1763 900 1843 praecipuit
917 1766 972 1826 sita
985 1773 1049 1834 est,
1071 1770 1108 1823 ut

94 1850 258 1928 Episcopus
269 1858 350 1909 extra
360 1848 557 1908 visitationem
568 1847 727 1924 procedere
738 1857 970 1926 nequeatcontra
979 1851 1108 1926 aliquem

94 1936 307 1999 canonicorum
330 1933 395 1994 sine
414 1931 529 1993 duobus
548 1929 585 1992 de
605 1933 733 2010 capitulo
750 1929 897 2008 adjunctis
919 1931 954 1991 ad
970 1950 1107 1997 normam

93 2022 180 2085 Trid.
195 2038 265 2082 sess.
289 2021 337 2081 rt.
360 2036 423 2097 cap.
445 2020 476 2082 6.
496 2016 532 2078 de
553 2014 675 2097 reform.
701 2017 843 2090 Quamvis
864 2016 1024 2095 Episcopus
1044 2016 1108 2076 siue

94 2104 244 2183 adjunctis
265 2102 303 2164 dc
324 2104 452 2181 capitulo
470 2102 562 2179 possit
588 2101 665 2165 illud
683 2101 803 2161 visitare
826 2118 862 2160 ex
882 2100 968 2163 Trid.
992 2116 1062 2161 sess.
1076 2101 1117 2179 o,

96 2208 165 2267 cap.
178 2190 208 2246 1.
222 2186 257 2247 de
267 2185 388 2266 reform.
405 2188 449 2246 De
459 2188 532 2265 Syn.
545 2184 630 2246 dioec.
645 2185 699 2244 lib.
711 2186 760 2244 15.
775 2204 801 2245 c.
817 2186 847 2244 9.
862 2202 893 2243 n.
906 2186 937 2244 8.

139 2270 387 2351 Capitulumscde
404 2277 524 2331 vacante
541 2287 602 2329 uon
622 2278 719 2349 potest
736 2270 768 2329 in
790 2286 860 2328 usus
880 2268 1017 2349 proprios
1038 2286 1109 2330 con·

95 2364 216 2422 vertere
247 2356 371 2417 mulctas
392 2355 597 2435 pecuniarias,
621 2363 652 2416 et
681 2354 906 2432 compositiones
933 2354 1110 2433 delinquen-

96 2446 176 2508 tium
189 2487 198 2516 ,
211 2448 245 2501 ut
257 2438 362 2520 saepiirs
380 2438 398 2501 l
413 2440 443 2504 S.
460 2441 492 2501 G.
516 2439 647 2501 decisum
667 2448 722 2508 est.
741 2441 785 2500 ue
797 2439 868 2524 Syn.
882 2439 975 2510 Dirce.
988 2440 1043 2508 tib,
1057 2441 1106 2503 to.

100 2548 165 2611 cap.
178 2528 226 2592 10.
239 2544 323 2587 num.
337 2526 368 2593 4..

496 2680 706 2746 cantitanti.

139 2837 309 2920 Capucciuis
320 2837 445 2899 vetitum
462 2842 527 2897 arat
540 2850 577 2895 ex
597 2832 810 2896 constitutione
826 2832 954 2913 quddam
967 2832 1015 2894 sui
1028 2831 1109 2911 capi·

99 2927 156 2989 tuli
178 2924 342 3003 generalis,
357 2940 395 2982 ne
411 2930 527 3001 peecata
545 2936 597 2979 sua
619 2929 803 2997 exponerent
816 2920 921 2988 alteri,
944 2917 1035 2995 quim
1060 2918 1108 2978 sui

100 3011 216 3073 ordinis
235 3008 430 3082 confessario,
448 3005 561 3067 etiamsi
582 3002 670 3083 longe
686 3004 849 3064 abesoeuti
865 3002 1050 3063 monasteriis
1062 3002 1109 3063 sui
1227 3017 1232 3024 ·

101 3092 352 3171 ordiniseucrdm
363 3090 473 3157 ueeet.
488 3091 540 3151 XI
544 3091 580 3151 V.
596 3090 646 3149 die
661 3090 711 3149 ao.
726 3089 824 3149 llartii
838 3088 927 3147 flii.
940 3086 1109 3155 facultatem

101 3181 171 3241 fecit
187 3178 311 3257 singulis
331 3194 436 3237 eorum
453 3174 674 3249 sacerdotibus,
687 3180 719 3235 et
737 3174 820 3235 laicis
839 3171 927 3251 longe
945 3170 962 3231 i
983 3173 1112 3232 summo

102 3265 237 3328 nostcriis
254 3261 461 3335 versantibus,
475 3269 510 3322 ut
529 3267 648 3339 possent
667 3261 842 3337 cuicumque
861 3257 1004 3318 sacerdoti
1019 3276 1112 3318 saecu·

101 3350 158 3412 lari
176 3352 193 3409 ia
214 3365 268 3409 suo
293 3345 450 3408 Ordinatio
470 3346 652 3424 approbato,
674 3346 723 3405 vel
740 3344 870 3422 regulari
889 3341 907 3403 ia
924 3360 980 3406 suo
1000 3342 1113 3418 pariter

103 3434 255 3513 superiore
269 3430 449 3510 approbato,
466 3440 582 3509 peccata
602 3446 655 3488 sna
675 3429 707 3487 in
727 3428 908 3489 consessione
929 3426 1066 3503 aperire,
1081 3432 1112 3484 et

103 3520 141 3580 ab
160 3536 197 3581 eo
211 3516 426 3578 absolutionem
448 3512 605 3583 obtinere,
622 3512 712 3572 etiam
732 3510 749 3571 t
775 3510 909 3579 casibus,
928 3516 960 3567 et
980 3508 1112 3567 censuris

103 3604 137 3667 in
156 3620 211 3666 suo
228 3601 333 3663 ordine
354 3600 526 3675 reservatis,
548 3596 649 3659 additi
670 3605 771 3658 tamen
791 3592 989 3673 obligatione,
1004 3597 1038 3648 ut
1060 3590 1115 3649 ubi
