2475 3975
378 211 428 272 Es
440 207 576 292 opertior
586 206 741 272 Benedicti
749 209 841 273 XIV.
1056 212 1115 274 sot

106 313 238 376 decisum
254 313 346 376 rciert
358 314 522 395 Foyooncc
540 313 571 373 in
590 315 661 392 Cap.
676 313 793 389 Quaeris
807 330 839 374 n.
861 311 910 382 18.
931 311 970 372 de
990 319 1066 375 aetat.
1084 320 1115 374 et

106 399 212 477 qualit.
227 398 407 476 praeficiend.

145 486 258 545 Clerico
278 483 470 544 interdictum
491 489 536 544 cst
562 501 600 544 ex
616 483 833 545 Constitutione
855 485 889 546 S.
911 482 964 545 Pii
991 483 1028 545 V.
1054 480 1115 558 Qut

105 567 226 640 ordini,
243 587 280 628 ne
292 569 366 645 quid
377 569 409 629 in
427 577 602 629 testamento
614 569 764 648 relinquat
776 568 848 629 filiis
859 570 920 630 suis
933 567 1113 647 illegitimis,

66 663 70 668 '
106 671 271 732 corumque
288 653 376 724 liliis,
391 672 424 714 ac
437 653 706 725 descendentibus,
718 654 960 734 consanguineis,
973 661 1004 714 et
1019 651 1115 712 allini-
1226 657 1228 737 l

106 737 182 810 bus,
195 739 258 798 sire
280 755 316 798 ex
330 738 476 801 reditibus
499 758 535 800 ex
557 739 643 800 bonis
656 740 873 812 ecclesiasticis,
897 741 959 800 sire
972 757 1008 799 ex
1021 736 1116 816 patri·
1227 744 1229 827 i

106 822 287 884 monialibus
302 824 494 901 comparatis,
509 824 624 884 etiamsi
637 823 692 884 filii
709 824 752 883 illi
772 833 840 884 ante
852 833 1022 886 testatorem
1034 822 1117 883 obic-
1228 832 1230 901 ,

105 907 181 966 rint.
204 907 343 968 Attamen
358 909 469 969 sanctio
492 909 546 968 ista
568 925 630 968 non
653 907 783 968 excludit
796 907 955 985 quominus
977 911 1116 969 alimenta
1229 904 1230 945 1

107 991 180 1052 liliis
196 991 359 1070 illegitimis
382 992 547 1053 debeantur
569 994 660 1053 etiam
683 1010 721 1052 ex
741 992 886 1052 reditibus
906 993 1115 1052 ecclesiasticis.
1230 1014 1231 1017 ¹

107 1075 183 1136 Cdm
194 1075 266 1138 vcrd
280 1085 399 1138 vetatur
408 1079 538 1156 legatum
552 1078 727 1138 infusorem
744 1078 1029 1155 consanguineorum
1040 1075 1118 1153 ejus·
1231 1070 1232 1141 ἶ

108 1159 177 1226 dem
198 1161 275 1234 0111,
297 1164 354 1222 boc
372 1161 488 1223 tantdm
509 1163 587 1223 valet
602 1163 636 1222 in
654 1179 744 1234 casu,
767 1179 827 1240 quo
847 1161 949 1221 relicta
966 1159 1029 1236 ejus
1047 1176 1118 1220 con-

107 1246 276 1322 sanguineis
305 1264 359 1324 per
388 1247 547 1325 quemdam
573 1247 733 1308 circuitum
755 1245 862 1308 cedant
880 1245 913 1305 in
928 1243 1117 1306 commodum

109 1328 244 1408 ejusdcm
253 1329 308 1392 tilii
327 1331 485 1409 illegitimi.
498 1333 542 1394 De
552 1333 626 1412 Syn.
641 1332 736 1393 Dices.
748 1331 771 1392 1.
785 1332 834 1392 15.
845 1350 873 1418 ιι.
882 1332 933 1393 21.
945 1348 977 1392 ιι.
987 1330 1037 1392 21.

365 1508 569 1572 concitum
588 1507 867 1574 amnenttnuu.

112 1705 114 1710 ¹
149 1679 338 1743 Consuetudo
360 1680 507 1742 contraria
528 1681 661 1742 Decretis
676 1681 750 1743 sacri
771 1683 862 1743 conc.
884 1681 968 1743 Trid.
991 1700 1052 1744 non
1075 1687 1122 1742 est

112 1765 307 1838 attendenda,
321 1767 391 1844 quia
404 1767 436 1825 in
451 1765 594 1826 nutltrtt
607 1767 661 1826 tv.
673 1785 739 1843 quaa
749 1767 859 1844 legitur
870 1767 903 1826 in
913 1766 974 1826 fine
988 1766 1121 1842 ejusdem

112 1850 255 1924 Consilii,
280 1851 389 1928 legitur
411 1849 564 1908 decretum
580 1849 701 1909 irritans
722 1867 756 1909 ea
780 1850 898 1924 omnia,
918 1868 985 1927 quae
1005 1852 1123 1923 obstent

112 1935 211 1998 eidem
237 1953 321 1997 sacro
348 1933 498 2006 Concilio,
525 1951 561 2001 ex
588 1950 649 2011 quo
669 1931 726 2005 iit,
748 1940 783 1993 ut
808 1933 936 1993 irritatio
960 1932 1015 1994 ista
1040 1935 1124 1995 cadat

112 2020 201 2099 supra
231 2022 331 2083 omnia
361 2020 506 2081 obstantis
543 2018 669 2099 singulis
698 2018 842 2099 Capitulis
860 2016 1018 2095 ejusdem.
1047 2020 1121 2083 tuat.

112 2108 222 2169 Ecclcs.
237 2110 288 2167 00.
302 2126 333 2167 ιι.
348 2108 380 2167 7.

152 2190 229 2253 Cdm
249 2193 281 2250 in
304 2188 503 2252 sanctionibus
514 2189 638 2251 Consilii
652 2189 791 2251 additur:
806 2186 892 2252 solco
901 2206 1015 2269 senaper
1025 2197 1126 2257 cacto-

113 2275 205 2337 ritste
232 2273 316 2337 sedis
346 2270 540 2353 Apostolum,
562 2291 629 2351 quac
653 2274 745 2334 verba
766 2293 885 2354 semper
908 2273 1008 2341 addita
1031 2277 1127 2338 voluit

112 2359 197 2422 idsm
221 2359 387 2420 Concilium
405 2378 476 2420 sess.
493 2361 541 2419 211.
564 2378 630 2439 cap.
647 2355 752 2436 niort.
775 2360 845 2427 crim
861 2361 899 2421 de
916 2360 1127 2429 reformatione

114 2463 254 2521 morum,
278 2453 309 2505 et
332 2445 523 2505 ecclesiastica
543 2445 699 2524 disciplina
720 2448 838 2527 agitur,
860 2456 932 2508 tunc
953 2448 986 2507 in
1008 2448 1128 2526 dispen-

115 2529 312 2593 sationibusb
333 2532 465 2592 Romano
487 2532 629 2591 Pontifice
648 2536 791 2595 concessis
812 2551 930 2611 semper
951 2533 1128 2612 intelligitur

115 2617 291 2714 derogatum
308 2618 451 2678 sanctioni
465 2615 528 2695 ejus
546 2618 691 2690 Consilii,
706 2620 822 2679 etiamsi
832 2617 895 2677 baec
902 2618 1054 2695 derogatio
1066 2638 1127 2679 non

116 2702 317 2796 exprimatur,
329 2700 413 2778 juxta
433 2721 467 2763 ac
486 2702 673 2763 delinivitS
686 2706 762 2765 Prot
780 2704 869 2765 Vm
890 2719 945 2762 suo
961 2710 1045 2762 motu
1059 2720 1128 2780 pro·

116 2788 186 2865 prio
208 2786 286 2865 apud
308 2786 450 2849 Gorsium
472 2787 626 2848 deBcnef.
645 2797 723 2867 part.
746 2790 776 2848 1.
799 2806 826 2849 c.
848 2789 878 2848 tt.
897 2805 929 2847 n.
954 2788 1004 2866 52.
1025 2796 1055 2847 ct
1077 2788 1126 2847 55.

116 2880 149 2933 ct
173 2870 288 2933 sensuit
313 2872 345 2932 S.
359 2873 451 2951 Cong.
476 2873 566 2935 Cone.
587 2875 633 2935 De
651 2875 725 2953 Syn.
743 2875 836 2937 Dioec
850 2873 904 2935 lib
923 2874 973 2935 15.
995 2890 1061 2951 cap.
1077 2874 1127 2935 21.

116 2974 205 3019 num.
223 2958 273 3020 25.

557 3104 701 3168 CONCIO.

159 3280 283 3346 Parocbi
302 3282 410 3361 singuli
423 3290 563 3343 tenentur
579 3283 752 3345 concionem
766 3279 876 3343 habire
897 3282 929 3344 in
951 3284 1013 3345 suis
1033 3285 1132 3344 Eccle-

119 3370 188 3448 siis,
205 3386 261 3429 nec
287 3376 465 3428 excusantur
485 3384 521 3426 cx
537 3368 751 3429 consuetudine
769 3368 859 3429 etiam
882 3367 1131 3439 immcmorabili,

121 3457 185 3517 sivc
203 3452 314 3533 qudd
306 3472 338 3513 ιιι
356 3454 452 3512 aliis
436 3452 568 3511 Ecclesiis
590 3453 745 3513 conciones
759 3450 939 3529 habeantur,
955 3456 1017 3512 sivc
1030 3468 1067 3507 cx
1087 3451 1134 3510 in·

122 3538 272 3617 frequenti
286 3537 456 3598 auditorum
476 3554 611 3596 nurnero.
633 3536 941 3597 reclamarint
933 3554 963 3593 ιιι
984 3532 1037 3590 sui
1057 3533 1134 3592 Con-

121 3622 279 3687 stitutione
302 3640 357 3701 pro
383 3619 572 3683 reformandi
598 3618 755 3699 disciplinci
781 3634 955 3760 regnorumfi
966 3615 1134 3691 Hispaniae,
