2475 3975
129 117 189 183 ttt
323 115 460 200 Epitoote
474 115 614 180 batnon
625 114 940 181 morottretcooontcae

165 220 269 297 Quoad
282 218 504 300 dispositionem
521 220 625 297 cupitis
639 220 713 280 Cum
726 237 815 297 enee,
837 234 898 281 non
910 218 1020 283 suffieit
1037 223 1069 283 si
1082 223 1147 283 sint

126 305 187 367 duo
208 306 257 367 rel
278 314 338 367 tres
354 314 461 377 testes,
483 313 514 365 et
533 304 608 365 obsit
634 304 803 383 parochus,
825 302 946 365 crimin
968 324 1087 367 canone
1103 307 1146 366 sit

126 407 226 451 eoram
246 387 413 471 presbytero
424 402 489 450 otto.
503 390 562 449 Nec
581 388 690 449 sufficit
709 390 734 449 si
755 387 902 449 deiectum
916 388 1038 467 parochi
1067 410 1146 469 sup-

125 473 205 553 ptcat
229 474 417 552 capellanus3
433 472 508 533 sicut
526 490 623 550 neque
636 472 661 532 si
683 473 870 550 praesentiam
892 481 1011 549 praestet
1022 474 1145 534 consos-

125 558 219 619 sarias
240 557 419 619 ordinarius.
439 555 568 617 Derntim
592 564 681 618 testes
697 558 819 616 masculi
837 556 1060 634 requiruntur,
1084 576 1143 619 nee

125 640 253 703 ioeminoe
272 641 381 703 volent.
408 640 536 702 Demirm
555 641 636 701 vaiet
664 648 874 701 testamentum
892 641 933 700 ita
955 641 1139 716 eonditum,

125 727 240 787 etiamsi
256 734 378 788 testator
391 726 502 789 nonsit
518 724 551 787 1ιι
573 735 709 787 extremo
724 725 792 786 vitae
806 723 949 803 periculo.
974 724 1020 787 tb.
1042 743 1079 787 n.
1107 726 1139 787 8.

126 810 157 871 9.
174 819 205 871 et
223 812 271 871 10.
1214 824 1215 829 ’

162 894 321 958 Scribenda
334 904 404 957 sunt
416 891 590 959 testamento
606 896 624 957 1
643 894 769 975 parocho
792 912 892 957 eoram
914 894 1064 969 testibus,
1078 893 1140 955 eti
1214 836 1215 911 ¹

127 987 266 1041 testatore
279 982 505 1058 subscribenda,
522 983 598 1042 sicut
622 983 711 1041 etiam
736 979 753 1040 h
768 978 895 1059 porooho
911 990 941 1039 et
950 980 1089 1041 testibus.
1107 978 1139 1039 si

125 1070 225 1125 umen
234 1065 361 1126 seribere
375 1066 531 1145 ignorent,
551 1064 659 1125 sufficit
668 1064 811 1142 scriptura
825 1062 963 1142 parochi,
976 1071 1006 1125 et
1016 1065 1139 1143 signum

126 1151 220 1213 erucis
229 1150 406 1230 impressum
420 1152 452 1213 in
466 1150 566 1211 ehortd
585 1148 602 1210 i
622 1150 757 1211 testibus.
773 1149 849 1211 ibid.
862 1168 894 1209 n.-
910 1150 959 1209 11.

165 1238 209 1297 itt
221 1236 365 1315 seriptum
382 1244 591 1298 testamentum
602 1235 706 1295 saitem
730 1236 809 1295 intra
825 1244 891 1295 octo
908 1235 971 1295 dies
988 1232 1138 1312 parochus

126 1336 193 1381 eum
212 1322 336 1383 testibus
348 1321 464 1383 deierre
479 1321 567 1382 dehet
578 1320 750 1397 tabelironr
772 1328 804 1381 et
817 1321 842 1379 si
858 1319 936 1379 adsit
956 1319 1137 1396 subscriptio
1214 1380 1215 1397 p

126 1405 272 1466 testatoris
285 1412 315 1464 et
331 1406 472 1478 testium,
484 1424 543 1468 uon
560 1406 746 1484 requiritur,
766 1412 800 1465 ut
816 1404 932 1482 singulo
950 1412 1093 1463 contenta
1105 1421 1136 1463 ιιι
1214 1438 1215 1515 p

126 1498 299 1550 testamento
313 1490 441 1551 reserent
454 1490 579 1551 notario.
591 1491 621 1551 Si
637 1490 719 1551 nulia
730 1490 769 1550 sit
782 1488 931 1549 testatoris
943 1488 1134 1566 subscriptio,

124 1581 195 1635 tunc
210 1572 355 1669 parochus
370 1592 420 1632 seu
443 1575 577 1635 sacerdos
594 1576 661 1634 rivd
680 1592 752 1635 vore
771 1592 939 1651 exprimere
949 1573 1040 1633 debet
1053 1573 1135 1651 quid·

123 1655 239 1735 quidm
261 1672 297 1714 eo
312 1662 489 1715 testamento
513 1658 706 1732 continetur,
725 1657 805 1734 quod
827 1665 858 1717 et
875 1655 892 1715 t
912 1657 1038 1734 singuiis
1053 1659 1135 1717 testi·

123 1737 326 1801 busseorstim
347 1739 548 1818 prestandum
574 1750 629 1801 est.
644 1740 804 1819 Denique,
827 1749 857 1801 et
875 1740 983 1819 singuli
1004 1741 1048 1802 1111
1063 1742 1137 1801 sub·

123 1826 316 1904 scriptionem
328 1842 413 1885 suam
426 1833 595 1903 agnoscant.
615 1823 661 1885 tb.
677 1843 709 1884 ιι.
725 1827 774 1885 tn.
790 1826 848 1885 iias
866 1823 938 1887 verb
957 1842 1060 1888 omnes
1081 1826 1135 1887 de-

123 1912 283 1992 positiones
293 1909 403 1969 scribat
416 1909 536 1970 tabeiiio
542 1954 552 1985 ,
574 1907 716 1988 etjungat
734 1915 922 1992 testamento.

161 1995 206 2056 ad
231 1995 371 2057 serrantia
395 1995 486 2066 verb,
510 2013 578 2072 quae
599 1995 632 2055 in
656 2003 832 2056 testamento
855 1995 1051 2068 mandantur,
1071 1997 1134 2058 dis·

124 2082 218 2144 cossio
236 2078 356 2160 parochi
377 2087 410 2138 et
428 2080 549 2140 testium
571 2079 684 2158 agendo
711 2088 755 2138 est
775 2078 792 2138 d
812 2078 911 2156 judice
930 2083 1131 2157 competenti,

124 2166 210 2226 citati
232 2173 335 2245 parte,
355 2163 439 2242 cujus
462 2165 606 2237 interest,
633 2163 752 2242 excepti
775 2172 874 2224 tamen
895 2164 1131 2240 cousuetudine,

123 2251 283 2312 nivaleont
302 2257 497 2320 testamenta,
522 2248 603 2310 nulli
621 2248 696 2310 iacti
711 2247 934 2327 publicatione,
957 2248 983 2310 si
1007 2249 1059 2310 itta
1084 2267 1132 2311 re·

123 2335 217 2416 posito
232 2333 337 2398 sintin
352 2332 501 2396 Archivio.
515 2333 559 2396 ib.
577 2351 608 2394 n.
624 2334 671 2395 16.

509 2505 605 2565 VASA
624 2503 753 2567 SACRA.

161 2682 236 2740 Vosa
262 2696 343 2740 sacra
369 2674 441 2738 dum
469 2684 535 2737 actu
563 2675 717 2737 continent
749 2677 861 2753 corpus
885 2683 917 2735 et
951 2676 1129 2754 Sanguinem

122 2764 255 2837 Christi,
282 2773 402 2844 tongere
430 2780 518 2824 nemo
540 2761 615 2823 alius
636 2759 840 2841 permittitur,
860 2760 917 2822 uisi
936 2760 1072 2825 sacerdos
1099 2773 1128 2824 et

121 2851 351 2995 diaSediddisaeonis
381 2931 484 2993 datum
500 2938 545 2991 est
572 2931 603 2989 in
630 2929 730 2990 altaris
755 2899 920 2990 utinistcrio
941 2935 1063 3007 tongere
1081 2949 1128 2990 eo·

122 3020 208 3081 licem
228 3027 259 3078 et
277 3026 441 3096 patenam,
465 3015 539 3077 dum
556 3016 669 3094 corpus
688 3023 719 3074 et
747 3013 926 3094 Sanguinem
942 3011 1053 3078 Christi
1068 3033 1127 3076 non

121 3102 310 3280 cmdtddleyndris
336 3187 405 3248 licet
427 3194 548 3264 tangere
575 3185 648 3260 iila,
676 3183 726 3245 sed
753 3191 836 3244 extra
864 3181 1063 3244 ministerium
1085 3183 1126 3243 ai·

121 3269 193 3328 tario
213 3268 293 3345 quod
323 3271 413 3330 etiam
440 3269 610 3330 extenditur
633 3268 670 3328 ad
697 3284 799 3329 omnes
827 3266 923 3338 illos,
949 3269 1002 3346 qui
1035 3266 1126 3346 primi

123 3352 256 3410 'tonsuri
288 3352 396 3413 initiati
430 3362 512 3414 sunt.
555 3354 624 3415 iiaee
652 3354 751 3414 omnia
780 3369 817 3412 ex
848 3309 1002 3429 theologis.
1032 3352 1123 3414 instit.
1214 3397 1215 3402 η

1214 2773 1215 2846 i

119 3431 228 3498 ento
241 3433 289 3492 st.
309 3451 341 3493 n
355 3436 403 3494 ιιι.
596 3509 600 3516 ,

1214 3567 1215 3610 t
