2475 3975
123 193 182 254 180
315 185 605 271 Epitomedoctriac
616 183 938 248 moralisetccaoaa'eoe

124 298 278 371 presentat
301 309 375 370 pars
383 291 497 369 major,
514 307 575 351 nou
597 290 763 366 reperiatur
778 288 922 356 idoneus,
937 288 1047 366 poterit
1056 287 1134 350 alter

123 377 294 455 praesentari
310 375 327 438 1
340 375 546 457 paucioribus,
562 382 596 432 ut
610 371 842 434 extenderetur
856 371 985 432 traditur
1004 377 1048 433 Dc
1057 376 1131 451 Syn.

124 463 211 524 dioee.
229 463 249 523 l.
263 465 311 523 fa.
323 481 348 522 c.
370 463 401 523 7.
417 481 448 524 n.
462 463 492 520 6.
506 459 611 520 Valere
635 467 737 519 tamen
749 457 878 536 judicata
902 465 946 516 est
961 459 1133 520 constitutio

123 547 271 627 synodalis
284 549 417 626 Episcopi
432 546 667 625 Pampiloncnsis
677 589 685 618 ,
696 564 764 623 quoa
773 543 868 603 vetuit
878 543 993 605 admitti
1006 563 1136 623 praeseu-

125 641 218 692 tatum
232 631 247 692 l
264 632 372 692 minori
387 640 490 710 parto,
504 631 543 690 ob
553 631 683 690 rationes
700 631 732 690 in
746 636 873 692 tractdu
884 628 922 692 de
932 630 1052 710 Synodo
1065 630 1137 692 dim

124 735 224 778 cesana
241 717 415 794 ponderatas
425 762 435 792 ‚
447 716 469 778 l.
484 717 536 778 fr.
546 733 609 793 cap.
620 717 654 777 7.
668 734 701 775 n.
715 716 747 774 6.

161 819 339 880 Beneficium
359 820 484 898 simplex
496 819 520 879 si
533 819 599 896 quis
612 818 759 885 obtineat,
773 834 828 878 nec
846 812 970 878 sufficiat
986 818 1021 878 ad
1033 817 1138 882 bones·

122 914 183 965 tam
201 904 246 965 sui
258 905 523 976 sustentationem,
538 911 636 983 potest
655 903 692 963 ab
705 902 848 981 Episcopo
859 901 1007 963 habiliori
1021 904 1059 963 ad
1071 923 1137 965 sus-

124 989 295 1066 cipiendum
317 991 412 1052 aliud.
433 991 463 1052 si
490 989 561 1051 verd
580 1007 634 1049 nec
655 988 733 1049 istud
755 986 916 1047 secuudum
939 988 1079 1060 sufficiat,
1102 1000 1138 1050 ut

125 1076 249 1136 tertium
270 1075 421 1148 obtineat,
436 1074 549 1136 debota
562 1073 637 1135 Sede
648 1071 811 1149 Apostolird
824 1073 1070 1149 dispensationem
1082 1075 1138 1134 ob-

126 1161 239 1232 tinere,
257 1162 319 1220 sive
338 1160 394 1220 boc
415 1161 536 1220 tertium
549 1160 587 1219 sit
611 1159 712 1219 liberae
729 1157 915 1227 collationis,
933 1157 995 1218 sive
1011 1157 1048 1217 de
1066 1157 1137 1236 juro

125 1245 297 1324 patronatus
312 1247 400 1305 etiam
412 1246 478 1304 laici
490 1265 499 1320 3
522 1261 590 1304 nam
604 1245 693 1304 Conc.
707 1241 792 1301 frid.
808 1241 960 1318 permisit,
975 1252 1009 1301 ut
1023 1243 1137 1304 habens

126 1329 295 1408 beneficium
318 1327 498 1411 insufficiens
519 1329 609 1407 possit
629 1345 723 1388 unum
739 1326 819 1386 aliud
833 1328 958 1406 simplex
975 1327 1112 1388 obtinere
1122 1368 1142 1400 ,·

125 1425 156 1475 et
169 1414 243 1476 nibil
260 1417 332 1477 dicit
343 1417 380 1477 dc
396 1418 495 1477 tertio.
507 1417 603 1494 Atque
615 1416 656 1474 ita
671 1415 702 1472 in
713 1415 796 1492 praxi
806 1413 907 1476 tenire
916 1416 996 1476 Sacr.
1006 1416 1138 1496 Congre-

126 1502 275 1577 gallonem
296 1510 423 1564 constat.
434 1503 529 1560 instit.
541 1502 650 1560 Eccles.
669 1501 718 1558 91.
733 1516 765 1557 n.
779 1499 809 1559 7.
975 1511 983 1526 s

165 1599 231 1659 uae
247 1608 345 1660 tamen
363 1617 424 1660 non
450 1601 549 1659 valent
570 1601 602 1659 in
621 1599 798 1676 capellaniis
817 1597 856 1659 de
874 1599 944 1675 jure
966 1600 1137 1678 patronatds

125 1687 269 1747 laicorum
280 1729 289 1757 ‚
301 1703 397 1762 neque
413 1685 445 1744 iu
457 1685 559 1764 legatis
573 1685 647 1765 piis,
662 1694 696 1744 ut
709 1702 746 1745 ex
758 1685 817 1747 alio
829 1686 948 1748 decreto
962 1687 1138 1748 SacraeCon·

126 1772 315 1852 gregatiouis.
328 1769 405 1832 lbid.
420 1789 451 1832 u.
463 1773 495 1832 8.

165 1869 207 1928 Ex
219 1867 276 1928 alio
288 1866 405 1928 decreto
418 1867 512 1928 Sacrae
525 1845 783 1948 Congregatiouis,
798 1867 905 1945 dequo
920 1866 1049 1944 ibidem,
1062 1868 1140 1928 crui·
1166 1871 1170 1875 ’

127 1959 196 2027 tur,
215 1971 276 2015 non
301 1953 590 2032 esse'inquietandos
617 1954 702 2024 illos,
723 1955 774 2032 qui
797 1953 874 2014 bonai
904 1953 962 2013 lide
987 1955 1063 2027 tria,
1090 1955 1138 2015 vel

127 2037 413 2185 appstpeplrtbfipipiiicia
431 2038 637 2099 insufficientia
661 2056 698 2099 ex
712 2039 848 2118 Episcopi
868 2040 1046 2099 auctoritate
1060 2040 1142 2101 obti-

165 2216 239 2279 Cdm
255 2217 431 2279 beneficium
444 2216 626 2295 resignatum
650 2216 787 2278 fueritin
808 2209 914 2277 manos
924 2216 1060 2297 Episcopi
1070 2265 1078 2291 ‚
1090 2221 1140 2281 vel

128 2302 295 2373 collatoris,
321 2322 381 2363 non
398 2310 522 2379 possunt
549 2302 598 2361 isti
619 2303 779 2379 providere
801 2302 840 2361 de
862 2302 972 2362 eisdem
990 2303 1141 2379 beneficiis

128 2386 545 2461 consanguineia‚afi1uibus,
566 2386 615 2445 vel
635 2386 831 2449 familiaribus
843 2388 923 2462 suis,
947 2395 981 2447 ut
995 2404 1032 2448 ex
1054 2388 1141 2447 Eullai

128 2472 176 2530 68.
191 2469 221 2531 S.
236 2468 289 2527 Pii
305 2472 341 2531 V.
357 2468 432 2527 lbid.
446 2486 478 2527 n.
492 2468 522 2527 9.

165 2562 244 2636 Quin
263 2580 358 2641 neque
368 2560 468 2621 aflines
481 2563 709 2640 ‚consanguinei
720 2571 771 2633 ,et
786 2564 948 2626 familiares
963 2565 1141 2644 resignastis

127 2646 243 2709 admitti
261 2648 388 2720 debent,
409 2647 499 2708 etiarn
520 2644 587 2707 caim
612 2647 791 2710 beneficium
819 2650 1030 2711 conserendum
1049 2658 1093 2709 est
1107 2650 1141 2711 in

128 2751 294 2808 concursu3
314 2731 413 2810 primb
429 2733 498 2809 quia
518 2732 602 2792 Bulla
616 2734 650 2793 S.
665 2733 736 2806 Pii,
754 2753 821 2813 quae
834 2732 1142 2813 legitddmitteoticac
1220 2775 1221 2786 .

129 2817 375 2900 animaequiorem,
396 2815 537 2877 mendose
560 2835 665 2879 excusa
692 2827 755 2890 est,
772 2818 841 2879 crim
868 2820 1024 2895 legendum
1050 2820 1142 2881 fuerit

128 2901 349 2965 Dimittendum
360 2901 603 2983 cortsoupuioeis‚
614 2913 646 2963 ut
656 2911 756 2963 monet
764 2905 784 2961 F
786 2920 853 2981 agn.
867 2904 897 2960 in
909 2922 972 2978 cap.
981 2902 1143 2978 Napaios,

127 2986 162 3047 de
177 2986 307 3049 arbitris.
323 2986 479 3059 Secundis,
498 2990 565 3065 quia
580 3006 653 3046 sacr.
668 2988 811 3063 congreg.
824 2986 986 3063 disposuit,
1000 2996 1033 3045 ut
1047 2988 1078 3046 in
1100 3006 1138 3051 co

76 3130 81 3139 ,
128 3090 195 3131 cusu
211 3090 306 3151 neque
320 3072 476 3133 familiares
489 3073 624 3151 Episcopi
634 3116 642 3142 ‚
654 3088 749 3146 neque
759 3070 968 3146 consanguinei
983 3072 1141 3151 resignari·
1163 3101 1165 3105 ·

127 3156 164 3213 tis
180 3156 419 3219 admitterentur.
432 3156 507 3225 lbid.
518 3172 607 3217 uum.
619 3156 668 3217 11.
682 3156 725 3214 Dc
738 3152 850 3231 Syuod.
863 3153 951 3215 dioec.
963 3155 984 3214 1.
1004 3158 1052 3217 15.
1073 3164 1153 3236 cap·

128 3239 176 3296 Ed.
192 3257 223 3297 n.
241 3242 272 3299 E.

165 3336 348 3399 Bendtameu
362 3360 465 3403 omncs
478 3343 525 3403 isti
535 3342 652 3403 admitti
662 3343 699 3403 ad
709 3342 888 3407 beneficium
896 3354 1019 3425 possunt
1028 3389 1037 3419 ‚
1046 3364 1141 3423 quan·

126 3414 250 3511 d⁰.ss¹.⁰d
264 3422 368 3481 cecidit
384 3426 416 3484 in
431 3446 536 3487 manus
552 3428 689 3506 Episcopi
705 3449 760 3509 per
782 3430 899 3491 obitum
918 3432 1027 3509 prioris
1049 3431 1141 3489 benc·

126 3492 214 3583 fi⁰ff⁰l¹
227 3519 236 3571 ἱ
251 3517 346 3575 nequa
372 3508 453 3565 enim
474 3521 591 3572 tantum
610 3515 681 3574 rnali
700 3515 799 3575 timeri
821 3525 938 3593 potest,
960 3514 1028 3575 crim
1050 3515 1140 3574 bone·

126 3567 225 3631 derum
241 3582 455 3677 conserendum
466 3604 510 3654 ost
525 3614 560 3653 cx
571 3598 657 3657 obitu
668 3599 852 3675 beneficiati,
867 3608 1011 3678 quantum
1022 3599 1140 3659 subesse
