2475 3975
151 120 190 181 li
433 119 545 183 Pousis
556 116 739 201 coalemorii.
755 119 830 202 Cap.
845 122 876 183 1.

151 218 234 301 opud
245 222 342 283 Deum
349 228 471 303 propter
481 218 607 283 motilena
615 219 847 284 misericordiam
856 265 864 293 ‚
874 221 962 304 quaint
970 240 1024 304 per
1031 223 1159 287 6061616

149 304 436 385 severitatemque
451 304 520 367 tolie
532 302 662 386 desectae
681 306 715 367 in
727 306 900 387 purpotorio
913 306 1109 389 supplebitur.
1124 314 1160 373 et

150 387 229 451 idem
243 388 349 451 docent
361 392 470 453 Gerson
485 437 492 460 ,
510 390 574 471 Coj.
586 399 616 451 ot
630 390 776 469 piraeeipud
788 393 820 451 S.
832 392 956 469 daton,
969 394 1021 470 qni
1034 393 1125 471 (Vide
1136 393 1159 456 l.

151 476 180 535 6.
197 492 229 535 n.
249 476 317 537 609.
335 483 362 536 et
384 477 465 557 blo.)
481 477 599 537 niteam
623 476 828 555 paenitentiam
845 476 1058 555 injungendam
1073 496 1158 551 esse,

151 576 239 637 quom
247 558 399 637 judicatur
413 560 560 638 poenitens
569 570 668 639 postca
681 560 889 620 verosimiliter
900 570 1075 624 executurus
1084 580 1158 637 osso,

151 654 182 705 ct
196 662 285 723 quam
301 646 405 706 lubens
420 653 632 724 acceptaturus.
647 646 685 703 lit
701 645 725 704 si
739 646 885 722 penitens
902 656 1082 722 protestetur
1100 649 1159 708 sibi

151 736 245 789 tantas
257 729 335 790 vires
350 747 411 790 non
428 748 508 799 esse.
526 737 560 790 ut
573 728 704 789 debitam
722 730 868 807 persolvat
880 731 1103 808 poenitentiam,
1117 735 1159 793 sie

150 812 182 873 S.
199 811 445 893 Archiepiscopus
456 812 628 875 concludite
644 816 727 875 Tune
741 822 1010 894 quantumcumque
1028 812 1158 895 delique·

149 895 213 968 rit,
237 916 298 959 noo
320 896 400 959 debet
422 896 534 960 dimitti
557 899 622 961 sine
645 894 848 969 absolutione,
866 916 904 960 ae
920 895 1059 979 desperet.
1082 897 1159 961 Cium

149 980 276 1043 sufficiat
294 992 367 1043 tune
384 981 473 1064 (idem
493 983 547 1062 611)
569 984 723 1061 imponere
742 983 910 1061 generalem
930 984 1157 1060 poenitentiam,

150 1082 259 1145 nempe
277 1075 374 1129 totum
394 1066 472 1145 quod
485 1066 555 1127 boni
571 1065 664 1139 egerit
675 1110 684 1136 ‚
695 1066 865 1145 usurpando
884 1066 987 1127 eadem
999 1068 1090 1127 verba
1108 1070 1161 1129 tti-

150 1150 261 1209 tualis:
279 1149 432 1229 Quidquid
444 1149 1162 1230 6661696166.66666666161666161666666-
1217 1179 1218 1202 1

150 1241 274 1305 mento,
288 1244 322 1294 ut
335 1233 420 1295 docet
430 1232 742 1313 Angelieuleuodlib.
757 1236 786 1296 5.
802 1242 861 1297 ort.
875 1238 938 1312 18.)
951 1235 1064 1297 virtute
1076 1235 1160 1316 ejus-

151 1314 220 1377 dem
233 1318 412 1380 Sacramenti
424 1364 432 1391 ‚
446 1318 567 1398 majoris
581 1327 671 1379 eruut
680 1320 788 1380 valoris
803 1320 842 1381 66
856 1321 1090 1381 satisfaciendum
1104 1341 1162 1401 pro

150 1402 283 1478 peccetis.
298 1405 371 1463 ltem
391 1404 504 1465 addunt
524 1404 719 1483 probabiliter
732 1404 867 1466 doctores
882 1406 966 1466 multi
985 1404 1062 1482 (tit.
1077 1409 1106 1467 6.
1125 1427 1161 1469 u.

84 1531 91 1539 .
150 1487 219 1552 510.
233 1504 261 1547 o.
273 1485 365 1567 idem)
376 1487 485 1565 justam
498 1506 562 1549 esse
575 1507 690 1549 eausam
704 1488 888 1550 diminuendi
900 1490 1122 1568 poenitentiam,
1136 1495 1161 1553 si

146 1569 299 1647 judicetur
320 1574 466 1651 poenitens
482 1572 537 1634 hoc
556 1573 645 1634 modo
658 1574 750 1650 magis
764 1574 841 1634 allici
863 1573 901 1633 od
925 1578 1160 1637 Sacramentum.

149 1654 196 1716 Ob
207 1657 309 1735 quanti
319 1658 519 1736 valetsapiens
533 1657 606 1719 illud
616 1658 771 1718 consilium
781 1659 813 1719 S.
829 1656 946 1719 l'ltomoe
954 1656 990 1717 de
1001 1655 1162 1721 Villonoaa

149 1741 254 1822 (Serra.
266 1740 323 1821 ser.
337 1744 367 1801 6.
384 1750 451 1823 post
463 1746 551 1805 Dona.
567 1741 709 1821 Laetoreie
724 1738 854 1802 Facilem
865 1760 959 1802 unam
969 1737 1159 1821 injunxeris,

150 1826 295 1887 atriorem
306 1822 497 1889 consulueris.
513 1828 637 1907 Expedit
650 1843 789 1906 quoque,
803 1836 837 1886 ut
849 1826 993 1905 poenitens
1004 1839 1162 1905 cognoseat

149 1912 354 1991 poenitentiam
368 1956 377 1984 ,
392 1930 481 1992 quom
494 1922 682 1989 mereretur3
704 1919 858 1992 propterea
878 1919 974 1990 potest
991 1912 1077 1970 valde
1090 1931 1162 1991 pro·

149 1998 231 2059 desse
243 2042 251 2072 ‚
262 1999 286 2058 si
299 1998 468 2059 indicentur
479 1999 661 2077 poenitentioe
672 2015 817 2058 66666616
826 1998 1072 2076 poenitentialium
1079 1999 1162 2076 (qua-

148 2083 261 2146 cumin
275 2082 362 2144 Libro
376 2083 564 2144 notabiliores
573 2092 753 2144 annotantur
765 2082 842 2162 (tit.
854 2084 884 2142 6.
897 2082 1027 2160 abab).
1038 2083 1162 2144 iuvabit

148 2169 259 2248 pariter
272 2168 319 2249 (ut
330 2169 402 2230 dicit
412 2169 445 2230 S.
463 2166 565 2230 Tltona.
579 2167 613 2230 de
630 2164 756 2246 Vilico.)
767 2167 890 2229 suadere
902 2168 1067 2245 graviorem
1080 2187 1091 2243 3
1109 2185 1162 2246 po·

147 2263 208 2314 stoa
225 2254 296 2314 aerd
318 2255 472 2332 imponere
489 2273 553 2315 eam
572 2271 662 2333 quam
681 2250 844 2331 prudenter
860 2250 1005 2330 judicabit
1025 2250 1043 2312 6
1061 2255 1160 2331 poeni·

147 2345 229 2397 tento
242 2335 470 2413 adimplendam.
488 2333 1156 2414 1661116618.66666668666166116616660.

149 2417 236 2498 Coos.
250 2437 275 2478 o.
288 2419 344 2498 8.),
358 2429 388 2480 ct
400 2420 478 2480 idem
498 2421 656 2482 confirmat
670 2421 786 2482 Rituale
805 2420 966 2480 Parisiense
978 2419 1056 2498 (tit.
1070 2422 1102 2481 6.
1122 2441 1157 2483 a.

149 2506 218 2568 600.
232 2502 310 2564 cirea
321 2502 436 2584 linem.)
451 2506 588 2584 prodesse
608 2505 720 2568 idcired
738 2506 930 2585 poenitentem
952 2507 1157 2584 interrogare,

148 2591 172 2650 si
186 2589 243 2651 sibi
261 2588 299 2649 66
319 2590 400 2650 illam
413 2591 616 2668 poenitentiam
640 2591 818 2651 sufficientes
834 2591 894 2649 sint
911 2591 990 2649 uires
1002 2634 1012 2662 ‚
1025 2590 1159 2668 alioquin

149 2676 180 2737 16
206 2675 293 2735 aliam
317 2675 557 2737 commutabitur.
582 2676 703 2737 iuvabit
726 2693 845 2754 quoque
867 2674 1049 2752 aliquando,
1079 2676 1160 2736 inter

150 2775 238 2839 opera
250 2760 439 2820 satislactoria
453 2759 585 2839 injuncta
600 2805 609 2832 ‚
625 2763 778 2839 imponere
790 2758 917 2837 aliquam
933 2759 1158 2820 satisfactionem

148 2863 285 2924 gravem,
303 2843 353 2904 sed
375 2863 435 2904 non
453 2846 508 2906 aab
523 2846 606 2925 gravi
617 2843 789 2923 culpallib.
805 2845 834 2902 6.
847 2861 879 2902 a.
895 2841 988 2921 618),
1004 2851 1057 2902 aut
1077 2843 1159 2906 uliud

148 2947 221 3009 opus
233 2927 351 2990 aliunde
363 2938 541 3008 praeceptum
554 2974 563 3003 ‚
577 2937 628 2990 aut
640 2929 773 2988 debitum
787 2928 829 3006 (n.
842 2927 923 3005 615.)

187 3015 291 3074 16116
306 3012 363 3074 hoc
382 3013 462 3092 quod
484 3014 597 3075 dictum
611 3023 656 3074 est
668 3012 838 3090 colligitur,
851 3009 939 3087 quim
951 3010 1158 3088 imprudenter

148 3097 262 3177 operari
279 3098 423 3175 quosdam
446 3100 656 3172 confessarios,
679 3097 730 3177 qui
757 3095 970 3176 poenitentibus
997 3097 1158 3174 imponunt

147 3184 355 3245 satisfactiones
371 3203 475 3246 eorum
488 3187 601 3247 viribus
615 3187 754 3265 impares.
767 3185 846 3257 Quot
859 3182 984 3244 istorum
995 3198 1056 3241 non
1068 3181 1158 3242 dubi·

149 3275 213 3330 tant
235 3268 775 3349 6666166666661616661666666166,
795 3278 826 3329 et
851 3284 901 3328 eos
922 3267 1033 3345 pariter
1049 3267 1101 3344 qui
1126 3269 1158 3328 in

148 3353 282 3432 proxima
302 3356 450 3416 occasione
469 3356 607 3436 peccandi
627 3363 800 3430 66666166,
813 3360 844 3413 et
861 3351 1035 3430 insipienter
1050 3359 1157 3428 putant

147 3453 198 3497 eos
209 3455 402 3516 recuperare,
424 3440 449 3500 si
471 3441 607 3518 gravibus
626 3437 835 3520 poenitentiisa
851 3453 883 3496 se
899 3443 1035 3498 oneratos
1053 3433 1157 3498 dimit-

148 3525 235 3594 tunt,
252 3520 320 3582 ticet
345 3523 525 3600 praevideant
546 3524 610 3586 illos
629 3540 690 3585 non
711 3540 773 3584 mse
791 3530 963 3584 executuros
978 3540 988 3580 a
1001 3535 1032 3582 a.
1053 3536 1084 3599 g.
1109 3520 1156 3590 in·
