2475 3975
362 149 388 231 S.
403 151 441 211 ll.
459 149 545 213 Circo
555 150 661 214 catedra
675 149 815 234 affimant.
1056 159 1097 219 ts

77 253 289 337 jungamini,
303 250 356 330 qui
369 250 421 311 rix
438 250 528 313 semol
546 252 576 311 in
594 270 673 313 anno
686 254 799 315 dudum
822 254 971 316 confessus
982 264 1047 331 est,
1060 266 1096 323 ut

81 351 186 403 octavo
198 338 307 418 quovis
323 335 372 397 dic
388 352 442 413 por
460 352 571 395 annum
583 336 757 397 confiteatur
770 360 780 414 3
792 337 960 415 quindecim
971 340 1094 407 decades

81 424 196 487 llosarii
213 420 349 502 quolibet
369 419 419 479 dic
440 419 603 481 recitandas
619 420 687 494 illi,
709 422 762 500 qui
785 440 825 483 ne
846 424 950 485 solitus
970 426 1093 503 quidem

80 511 138 571 fuit
152 506 335 587 quicquain
356 502 539 565 hebdomada
561 505 685 566 recitare
698 527 708 582 3
723 506 914 585 disciplinas,
930 511 1095 591 orationem

79 593 243 655 mentalem
260 591 322 663 illi,
335 590 387 669 qui
398 606 452 649 nec
466 604 575 649 nomen
587 608 717 669 unquam
733 590 858 653 audiuit.
875 595 912 654 lit
931 594 1005 671 quid
1024 592 1096 655 hinc

78 678 223 739 eveniet?
236 677 360 735 Eveniat
372 672 452 752 qubd
465 672 534 733 licet
546 674 632 734 inviti
645 683 797 753 acceptent
809 676 890 753 quod
908 678 1095 754 imponitur,

79 773 115 824 ut
123 762 343 823 absolutionem
356 769 563 837 aucupentur,
577 760 773 822 nihilomimis
786 772 884 840 postca
896 762 973 824 nibil
985 762 1095 825 borum

79 847 248 909 executioni
268 844 468 920 demandent;
486 853 516 904 ct
527 844 796 907 credendoiteriim
815 866 877 907 csse
893 849 925 908 in
942 855 1094 928 peceatum

79 931 216 1010 delapsos
226 975 234 1002 ,
246 928 383 1009 quinimb
399 928 699 1008 putandolpraecipue
712 931 811 1008 rudos)
825 933 937 993 nullius
949 932 1095 995 momenti

79 1014 173 1075 fuisse
190 1015 404 1077 confessionem
420 1014 546 1085 factam,
569 1014 640 1091 quia
665 1015 847 1091 poenitentiae
865 1017 1011 1093 impositae
1035 1034 1095 1077 non

78 1099 306 1171 satisfecerunt,
325 1096 480 1177 propterea
493 1094 529 1157 ad
544 1097 705 1176 pristinum
716 1096 831 1175 perdite
841 1098 959 1159 vivendi
972 1099 1096 1161 modum

79 1184 239 1245 redeunt:
264 1192 296 1245 et
313 1183 463 1261 perterriti
483 1181 522 1243 ob
549 1182 731 1260 poenitentiae
755 1183 900 1260 impositae
924 1181 1096 1261 pondus,it

79 1269 266 1330 consessione
285 1267 431 1338 horrent,
447 1276 478 1327 et
498 1266 538 1326 ita
558 1276 687 1345 pergunt
705 1268 737 1327 in
750 1268 874 1345 peccatis
891 1268 1050 1329 tabescere.
1060 1268 1097 1327 st

81 1350 131 1412 hic
143 1362 188 1414 est
203 1354 318 1415 fructus
336 1354 387 1431 qui
406 1352 438 1412 in
451 1352 612 1430 perniciem
632 1358 677 1411 tot
692 1352 870 1413 miserorum
888 1352 1039 1431 colligitur
1058 1368 1096 1413 ex

81 1434 256 1515 hujusmodi
279 1436 545 1508 satisfactionibus,
570 1453 644 1514 quas
663 1438 872 1498 convenientes
896 1445 1023 1514 vocant,
1043 1436 1096 1500 sed

80 1521 191 1583 meliirs
203 1522 336 1585 dicendae
348 1522 445 1584 forent
457 1520 788 1583 inconvenientissima.

122 1608 174 1667 ts.
197 1605 347 1669 Coeterirm
368 1614 450 1667 extra
477 1622 560 1665 casus
588 1604 790 1680 infirmitatis,
811 1615 842 1668 ct
860 1606 1096 1687 compunctionis

80 1692 348 1765 extraordinaria,
368 1708 428 1753 non
452 1690 528 1751 bene
550 1699 651 1769 ageret
675 1692 867 1753 confessarius
886 1694 912 1753 si
931 1711 986 1771 pro
1001 1692 1098 1771 culpis

81 1776 225 1855 gravibus
237 1776 412 1856 adjungeret
423 1775 519 1837 levem
530 1776 775 1846 satisfactionem,
789 1795 857 1855 que
868 1776 988 1839 inducat
999 1778 1097 1837 levem

82 1859 295 1938 obligationem
306 1861 453 1939 ;etenim,
467 1857 997 1943 licet(ci1mexpeditlpossitadjuugi
1009 1878 1094 1939 opus,

83 1944 166 2022 quod
186 1942 290 2008 hahita
309 1945 426 2006 ratione
449 1951 637 2024 peccatorum
659 1946 698 2005 sit
717 1946 803 2019 lcve,
823 1955 955 2008 attamen
978 1962 1096 2024 semper

83 2027 174 2089 debet
185 2029 303 2110 imponi
316 2030 473 2090 satisfactio
486 2029 583 2108 gravis
603 2047 671 2106 quoe
686 2029 799 2110 obligat
809 2031 865 2092 sub
878 2031 972 2110 gravi.
986 2033 1024 2091 Et
1046 2026 1095 2090 hic

85 2123 205 2190 oportet
216 2122 360 2175 annotare
371 2114 468 2192 aliqua
484 2113 664 2192 pertinentia
678 2114 716 2175 ad
730 2116 846 2192 praxim
859 2117 936 2176 circa
949 2113 1097 2192 poeniten·

83 2199 140 2258 tias
156 2198 364 2274 imponendas.
382 2199 552 2260 Notandum
576 2200 601 2257 1.
621 2197 696 2258 Cum
713 2200 861 2275 poenitens
879 2199 988 2258 oblitus
1005 2198 1096 2257 fuerit

85 2283 267 2360 paenitentia
278 2327 287 2356 ,
299 2284 464 2344 communis
475 2291 519 2343 est
535 2281 682 2343 sententia
696 2279 772 2358 (Lib.
784 2283 814 2340 6.
831 2299 863 2340 o.
877 2280 959 2359 520.)
970 2280 1007 2341 ad
1016 2278 1096 2342 nihi-

85 2367 149 2428 lum
165 2366 295 2446 ampliirs
309 2385 379 2428 eum
405 2367 500 2428 teneri
514 2409 523 2438 ‚
538 2366 596 2426 nisi
618 2364 703 2426 facile
725 2374 800 2426 esset
822 2367 878 2428 sibi
891 2411 900 2441 ,
915 2374 948 2426 ut
967 2374 1064 2446 posset
1077 2365 1095 2426 l

84 2453 279 2526 confessario,
293 2452 346 2530 qui
363 2469 428 2513 cam
440 2451 593 2530 imposuit,
603 2467 786 2530 cognoscere.
799 2452 838 2512 ll.
849 2453 916 2513 Nou
931 2461 1026 2529 potest
1037 2449 1095 2512 iiu-

83 2537 158 2617 poni
177 2555 233 2616 pro
247 2536 368 2600 occultis
386 2537 511 2615 peccatis
534 2535 651 2617 publiea
666 2536 823 2597 satisfactio
834 2557 844 2613 ς
857 2545 975 2597 tenetur
994 2545 1095 2598 autem

83 2621 277 2682 confessarius
299 2619 352 2682 has
373 2622 527 2701 imponere
539 2665 550 2698 ‚
577 2621 600 2681 si
625 2620 682 2680 alit
706 2621 754 2680 vil
776 2639 837 2680 non
865 2623 957 2700 possit
980 2617 1094 2682 occurri

81 2703 223 2767 scandalo
235 2704 325 2780 dato,
341 2706 390 2766 vel
409 2703 516 2766 honeri
533 2703 657 2781 alicujus
672 2705 769 2783 palam
789 2705 922 2767 detracto
935 2705 1015 2782 gscd
1034 2723 1095 2768 nou

83 2797 129 2849 est
144 2788 371 2869 adstringendus
389 2789 535 2869 poenitens
551 2789 588 2850 ad
603 2788 751 2867 publicam
768 2792 973 2868 poeoitentiam
988 2791 1096 2851 facien-

83 2871 155 2933 dam
170 2917 179 2945 ,
192 2874 217 2935 si
228 2875 293 2953 ipsc
308 2875 427 2948 renuit,
442 2883 473 2934 et
484 2874 543 2934 olio
557 2873 646 2934 modo
660 2875 752 2952 possit
763 2875 932 2936 scandalum
946 2893 1095 2954 reparare,

84 2955 233 3020 nimirum
254 2960 442 3020 Sacramenta
463 2957 696 3036 frequentando,
709 2959 851 3019 Ecclesias
872 2959 1039 3032 visitando,
1057 2961 1096 3022 ad

84 3041 217 3119 aliquam
238 3041 506 3122 congregationem
526 3061 557 3104 se
579 3043 852 3123 aggregando,etc.
866 3039 900 3121 fl.
912 3061 939 3103 c.
956 3061 990 3102 n.
1003 3045 1095 3124 tta).

85 3125 140 3186 111.
149 3125 317 3205 Aliquando
337 3134 432 3206 potest
447 3128 559 3206 imponi
571 3127 669 3206 aliqua
686 3128 860 3206 poenitentia
881 3125 938 3188 sub
950 3129 1096 3192 conditio·

86 3209 180 3282 uc‚si
193 3211 523 3289 poenitensreinciderit
534 3208 567 3291 (l.
583 3231 607 3272 c.
623 3231 656 3272 n.
679 3212 773 3289 tab).
786 3210 1093 3277 Sed-animadverten-

85 3292 159 3355 dum
170 3291 341 3372 hujusmodi
350 3295 537 3376 paenitentias
547 3295 624 3358 forte
632 3297 783 3364 multoties
790 3295 904 3356 felicem
915 3315 976 3358 nou
987 3295 1096 3362 babere

85 3377 221 3452 exitum,
238 3378 386 3459 praecipue
403 3382 428 3441 si
449 3397 502 3461 per
527 3381 650 3460 longum
673 3390 790 3460 tempus
810 3380 962 3454 duratura
981 3392 1095 3460 erunt3

86 3462 156 3540 quia
167 3462 294 3526 faciliter
310 3473 409 3544 postea
429 3467 462 3526 in
482 3465 598 3546 relapsu
615 3466 827 3552 negliguntur,
847 3475 877 3526 et
888 3473 1004 3545 peccata
1015 3467 1096 3527 mul·

88 3546 272 3626 tiplicantur.
284 3550 381 3623 lv.‚Si
395 3567 527 3630 unquam
541 3551 688 3631 poeaiteus
700 3549 756 3612 sibi
767 3548 877 3611 mumri
888 3549 1094 3629 poenitentiam

130 3633 215 3696 Tem.
228 3633 291 3695 ΙΧ.
925 3635 945 3692 2
