2475 3975
365 198 416 259 Ex
428 196 562 288 operibus
575 193 727 259 Benedicti
738 194 825 258 XIV.
1044 198 1101 259 573

94 304 162 378 post
174 303 340 377 susceptum
359 316 475 359 sacrum
495 298 653 371 ordinem,
668 298 792 357 dubium
812 302 856 357 est
875 295 948 357 mim
967 295 1099 370 valeant,

93 402 132 443 an
150 383 354 444 tantummodo
372 384 474 444 illicita
493 381 627 444 habenda
642 383 702 443 sint
713 388 727 459 3'
738 400 831 460 quare
848 384 873 443 si
896 380 970 443 forti
981 383 1012 441 id
1027 387 1101 445 acci·

93 467 145 527 dat
157 467 300 547 ,petenda
318 477 362 527 est
382 466 579 548 dispensatio
570 488 586 527 a
597 466 673 528 Sede
686 466 864 545 apostolici,
878 466 951 531 sed
943 483 975 526 m
990 466 1101 545 dispen-

93 552 206 612 satione
226 570 286 612 non
309 554 486 630 exprimitur
503 552 652 626 conditio,
669 560 704 613 ut
727 569 887 613 consensus
906 552 984 613 inter
1000 550 1101 646 conju·

92 645 349 717 gatosrepetatur.

131 739 233 813 Quoad
247 739 450 799 italo-Graecos
459 740 647 799 matrimonia
658 750 725 818 post
736 739 872 801 ordinem
890 758 1004 801 sacrum
1016 739 1100 812 inita,

96 821 178 885 nulla
193 832 273 884 suut.
289 825 411 883 Constit.
427 823 497 884 Etsi
513 821 687 905 pastoralis.

132 923 382 1002 {inpedimentum
405 943 441 985 ex
463 925 621 1003 adoptione
640 926 817 1003 proveniens
838 925 878 983 ita
900 926 1062 1001 explicatur
1086 920 1102 983 b

94 1009 237 1069 Pontifiee
250 1009 281 1067 in
290 1010 388 1067 Traet.
403 1008 522 1088 deSyn.
533 1009 619 1069 dioeo.
636 1010 658 1069 1.
673 1010 702 1070 9.
716 1030 741 1070 e.
753 1013 801 1069 ft).
814 1028 844 1068 n.
856 1012 885 1069 b.
899 1030 907 1067 ι
923 1008 1101 1068 connubium

92 1092 162 1153 iniri
180 1111 240 1153 non
253 1101 349 1171 potcst
372 1093 451 1154 inter
463 1094 683 1172 adoptantem,
705 1104 734 1153 et
751 1094 939 1173 adoptatum,
955 1102 1044 1169 atquc
1066 1093 1103 1151 ab

92 1177 150 1238 isto
172 1176 401 1254 descendentes;
424 1179 504 1254 quod
528 1178 736 1256 impedimenti
757 1196 849 1257 genus
877 1195 993 1257 semper
1017 1176 1104 1237 durat

93 1261 191 1339 quoad
206 1260 394 1338 adoptantem
403 1261 520 1322 tantiam
534 1305 543 1334 ‚
558 1271 587 1321 et
602 1262 785 1341 adoptatum.
801 1262 934 1322 Secundi>
947 1264 1025 1322 inter
1035 1262 1119 1341 ado·¹

93 1355 265 1425 ptatum,et
275 1345 352 1405 filins
362 1346 759 1427 naturalesadoptantis.Sed
770 1349 1015 1427 impedimentum
1026 1346 1104 1416 istud

93 1430 209 1491 tamdiir
223 1431 329 1501 durat,
343 1429 486 1507 quamdiu
497 1440 664 1510 perseverat
677 1433 810 1510 adoptio,
824 1451 875 1493 seu
885 1432 939 1492 filii
951 1442 1105 1493 remanent

92 1515 149 1575 sub
159 1515 254 1593 patrii
262 1524 403 1593 potestate
412 1537 421 1591 3
430 1516 538 1576 named
546 1516 652 1591 soluti,
664 1518 724 1578 sive
734 1517 1102 1595 permortemadoptantis,

94 1604 154 1661 sire
166 1620 219 1680 per
233 1602 497 1680 emancipationem
514 1602 568 1663 filii
582 1648 590 1675 ,
605 1605 668 1666 sive
689 1604 840 1683 adoptivi,
859 1606 920 1665 sire
939 1604 1102 1673 naturalis,

93 1686 1104 1767 cessatimpedimentum.Tertibinteradoptantem‚ctuxoremado·

93 1772 188 1847 ptati,
208 1789 259 1831 seu
279 1772 410 1831 vicissim
430 1774 509 1831 inter
530 1773 718 1850 adoptatum,
735 1781 765 1831 et
782 1792 904 1833 uxorem
919 1774 1102 1851 adoptantis,

95 1855 185 1934 idque
209 1872 326 1933 semper
345 1854 443 1915 durat.
467 1859 514 1915 An
535 1855 607 1916 verb
629 1855 692 1915 haee
714 1856 926 1933 impedimenta
952 1858 1103 1917 obtineant
1135 1927 1146 1943 ,

95 1950 155 2000 tam
173 1940 206 2002 in
232 1940 390 2020 adoptione
409 1939 557 2041 perfecti,
582 1938 671 2019 quam
693 1939 882 2020 imperfecti,
897 1941 934 2000 lis
962 1950 1006 2000 est
1027 1942 1105 2002 inter
1192 1995 1194 2002 .

80 2029 246 2087 ,Doctores
261 2025 353 2088 Porri
363 2008 481 2126 adoptio
492 2026 619 2105 perfecta
632 2036 703 2087 tune
718 2025 771 2099 fit,
785 2026 854 2088 cirnr
871 2044 994 2106 persona
1008 2036 1105 2088 extra·

94 2128 150 2170 nea
166 2113 211 2172 sui
223 2111 300 2189 juris
310 2129 345 2172 ex
356 2111 497 2190 principis
509 2113 670 2191 rescripto,
684 2113 725 2172 ita
741 2112 848 2172 transit
860 2113 891 2171 in
911 2119 1103 2190 potestatem,

96 2203 128 2258 et
155 2197 296 2258 familiam
317 2198 501 2276 adoptantis,
524 2204 560 2256 ut
583 2196 708 2274 perinde
730 2215 764 2258 ae
788 2196 867 2258 filins
887 2197 1035 2276 legitimus
1054 2197 1106 2256 fiat

97 2279 162 2356 ejus
174 2280 266 2341 haeres
285 2283 465 2344 necessarius
487 2292 548 2342 tam
573 2284 610 2343 ab
624 2283 779 2352 intestato,
793 2281 884 2359 quim
910 2280 1002 2342 extri.
1028 2281 1106 2342 Ado-

94 2366 159 2444 ptio
195 2367 364 2444 imperfecta
403 2365 629 2440 dicitur,ei1m
666 2383 790 2445 persona
830 2375 967 2444 extranea
997 2369 1106 2430 consti·

96 2459 159 2513 tuta
173 2451 229 2511 sub
244 2452 355 2529 patris,
372 2471 424 2514 seu
444 2454 492 2514 avi
514 2461 676 2532 potestate,
691 2453 782 2512 solius
799 2449 1008 2531 magistratuis,
1033 2455 1106 2516 alte·

95 2535 194 2595 riusve
206 2533 314 2613 judicis
331 2538 524 2617 competentis
537 2538 710 2598 auctoritate
727 2537 762 2596 in
776 2537 873 2597 filium
884 2581 892 2609 ,
905 2544 957 2596 aut
969 2547 1105 2617 nepotem

95 2621 285 2697 adsciscitur-3
299 2640 360 2681 non
373 2621 513 2683 tamenin
527 2623 670 2683 familiam
682 2667 691 2696 ,
702 2631 731 2682 et
750 2631 922 2700 potestatem
941 2621 1106 2699 adoptantis

94 2706 221 2778 transit,
233 2714 263 2766 et
272 2706 401 2767 succedit
415 2707 511 2770 solium
528 2708 565 2768 ab
583 2709 731 2768 intestato.
743 2710 787 2767 De
806 2708 879 2786 Syn.
898 2707 984 2768 dioec.
1006 2707 1059 2766 lib.
1074 2709 1103 2768 9.

96 2808 164 2868 cap.
180 2750 229 2850 to'.
243 2793 336 2851 n---d

107 2893 324 2954 Matrimonia
336 2891 482 2952 filiorum·
483 2891 643 2952 familias
621 2910 685 2953 ame
706 2901 865 2972 parentum
879 2911 1022 2954 consensu
1037 2911 1105 2953 con-

96 2982 207 3049 tracta,
230 2977 343 3036 etiamsi
366 2977 398 3036 in
418 2960 519 3038 Galliis
537 2977 702 3038 habeantur
721 2978 850 3038 invalida
872 2977 970 3076 quoad
987 2977 1106 3038 effectus

96 3060 213 3133 civiles,
233 3068 267 3120 ut
277 3060 315 3121 de
333 3062 410 3121 dotis
427 3062 627 3138 invaliditate‚
648 3072 677 3121 et
688 3061 900 3122 communitate
916 3063 994 3121 inter
1007 3063 1104 3122 virum

96 3153 127 3205 et
145 3163 285 3206 uxorem·
278 3189 287 3222 ‚
301 3145 396 3205 talida
411 3155 512 3206 tamen
529 3145 663 3206 habenda
679 3164 740 3206 esse
759 3147 791 3205 in
807 3147 921 3206 ratione
932 3149 1105 3207 sacramenti

97 3239 196 3291 censet
208 3231 360 3302 Pontifex,
377 3240 407 3290 et
431 3233 600 3309 oppositum
619 3233 779 3298 sentientes
792 3229 968 3307 rejiciendos
983 3232 1105 3292 omnino

96 3314 218 3392 judicat
237 3317 281 3375 De
290 3318 363 3395 Syn.
378 3317 496 3376 dioeces.
507 3317 529 3374 l.
546 3317 576 3376 9.
587 3335 614 3378 o.
629 3319 676 3377 ff.
690 3335 721 3402 n.
736 3317 767 3376 ι.

137 3427 172 3486 fn
184 3426 375 3485 matrimonio
391 3425 509 3504 puberis
519 3444 588 3486 eum
598 3426 773 3505 impubere,
785 3423 896 3487 malitie
912 3433 1027 3486 aetatem
1037 3441 1106 3500 sup-

98 3509 218 3588 piente,
234 3511 392 3588 Episcopus
413 3509 537 3588 potest
526 3529 595 3587 June
614 3528 667 3571 suo
683 3510 830 3570 licentiam
845 3508 1036 3569 contrahendi
1048 3507 1106 3566 lar-

94 3593 166 3674 giri.
179 3594 331 3670 Encycbea
343 3594 382 3654 ad
394 3595 551 3675 Episcopus
572 3595 854 3678 Poloniae,Mapme
871 3590 964 3732 ιιοδιιριι.
957 3591 1022 3650 Ad
1035 3607 1106 3669 pro·
