2475 3975
153 165 212 227 57⁶
338 159 476 245 Epitome
489 159 629 223 doctrinae
649 153 770 219 irrorate
782 163 812 217 et
827 157 975 219 aaronica

147 262 346 325 nuntiandum
361 262 394 325 in
418 262 454 324 ed
472 260 558 323 causi
577 258 792 318 cumuiutivum
807 256 856 335 jus
873 264 917 318 cst
944 256 1024 318 inter
1051 258 1149 323 Sedcm

148 349 341 427 apostolicam
354 392 363 421 ‚
377 356 408 409 et
417 346 532 425 judices
547 342 724 404 ordinarios.
740 340 785 401 lb.
858 416 861 420 .

184 432 288 507 Quoad
296 433 484 495 matrimonia
495 431 572 491 inter
584 426 754 507 impuberes
764 426 900 489 nondum
913 428 1050 511 conjugio
1061 440 1150 511 aptos,

146 517 225 577 solus
241 519 389 579 Romanus
401 516 535 577 Pontifex
546 512 706 591 dispensat.
721 511 766 572 lb.

185 602 397 681 fmpedimenta
418 598 644 660 matrimonium
657 594 848 675 impedientia
868 596 906 657 ab
924 597 1066 677 Episcopo
1081 600 1151 661 rein-

147 686 209 746 xari
224 694 362 765 possunt,
378 686 402 745 si
420 685 546 763 excipias
558 680 805 761 impedimentum
816 688 916 741 ortum
928 700 964 743 ex
973 686 1150 762 sponsalibus

146 786 214 829 cum
231 771 323 829 altero
343 766 427 848 priirs
438 767 540 839 initis,
560 775 591 827 et
611 763 686 825 illud
697 808 707 838 ,
720 764 800 843 quod
813 782 850 825 ex
866 774 935 827 voto
949 778 1098 847 perpetua
1109 790 1153 831 ca·

146 854 270 927 stitatis,
281 863 312 915 et
325 852 511 933 ingrediendi
522 850 696 930 religionem
708 893 717 921 ,
731 850 787 909 nisi
805 848 917 909 fuerint
938 851 1151 931 conditionata,

147 946 246 998 ortum
267 938 363 999 duxit.
387 939 496 1000 Caetera
517 935 590 998 verb
607 933 833 997 matrimonium
860 935 1007 996 irritantis
1028 938 1151 1013 tollere,

147 1022 205 1081 nisi
221 1024 371 1085 Romanus
382 1024 543 1097 Pontifex,
565 1038 654 1081 nemo
676 1026 783 1099 potest.
799 1019 951 1097 Excipitur
962 1028 1062 1081 tamen
1074 1040 1153 1083 casus

150 1125 238 1183 quem
252 1108 350 1168 statim
366 1106 472 1169 subdo.

186 1190 217 1251 Si
231 1191 307 1253 forti.
319 1190 430 1251 accidat
445 1199 479 1252 ut
497 1190 721 1251 matrimonium
732 1188 795 1267 jam
811 1188 903 1249 fuerit
919 1196 1103 1250 contractum
1121 1194 1153 1252 in

147 1275 220 1336 facie
233 1277 367 1337 Ecclesia
377 1294 446 1337 cum
458 1275 597 1337 omnibus
614 1273 872 1347 solemnitatibus,
888 1275 1054 1353 initumque
1067 1276 1155 1338 fuerit

147 1358 225 1422 bona
238 1361 297 1422 fide
310 1380 346 1423 ex
364 1361 531 1441 ignorantia
550 1359 753 1438 impedimenti
766 1358 843 1437 juris
859 1366 888 1419 et
901 1360 968 1419 facti
980 1404 988 1433 ,
1001 1368 1030 1421 ct
1039 1359 1077 1420 sit
1086 1380 1154 1422 con-

147 1448 524 1520 summntum,„occuitum
547 1445 587 1505 sit
605 1454 705 1505 tamen
730 1442 1000 1523 impedimentum,
1023 1454 1054 1506 ct
1079 1448 1153 1510 adiri

148 1550 210 1591 non
237 1532 329 1609 possit
352 1531 512 1601 Pontifex,
535 1547 587 1589 scu
619 1528 657 1587 ab
685 1547 721 1591 eo
751 1529 930 1608 dispensatio
965 1530 1092 1593 obtineri
1116 1533 1154 1594 ob

147 1616 306 1695 conjugum
314 1621 517 1695 paupertatem
527 1614 736 1684 ‚rusticitatem
746 1659 754 1685 ,
766 1615 899 1675 locorum
909 1615 1077 1677 distantiam
1085 1628 1154 1693 cte,

149 1719 204 1763 nec
223 1703 315 1781 possit
338 1700 482 1780 separatio
499 1700 564 1760 fieri
586 1699 651 1759 sine
675 1700 925 1777 scanda103dum
945 1702 1034 1761 simul
1053 1722 1155 1765 omnes

148 1787 212 1847 istae
224 1786 451 1847 circumstantiae
463 1784 628 1858 adfuerint,
640 1794 711 1845 tunc
728 1785 764 1845 ab
778 1788 921 1865 Episcopo
933 1804 965 1846 ea
977 1786 1156 1867 dispensatio

46 1897 51 1914 ¹
103 1874 112 1887 '
149 1870 215 1935 tuti
237 1872 429 1947 conceditur,
452 1889 542 1949 quam
562 1878 658 1949 potest
680 1870 776 1947 major
796 1872 1033 1932 Poenitcntiarius
1050 1874 1157 1951 Papae,

147 1958 200 2018 sed
217 1957 247 2018 in
264 1956 330 2018 foro
346 1966 445 2018 umen
467 1955 653 2015 conscientiae
664 1952 797 2016 tantirm.
808 1956 905 2030 Quare
922 1956 946 2016 si
961 1955 1159 2035 impedimen·

149 2053 216 2104 tum
238 2043 312 2103 illud
330 2052 429 2121 postea
444 2041 617 2120 detegatur,
637 2047 667 2100 ct
685 2041 846 2100 deducatur
868 2042 905 2101 ad
921 2043 1018 2102 forum
1034 2053 1159 2104 conten·

149 2128 276 2202 tiosum,
293 2127 477 2206 impetranda
501 2124 579 2187 estis
601 2126 724 2186 Summo
748 2125 889 2188 Pontificc
907 2127 1096 2206 dispensatio.
1114 2132 1160 2191 Dc

149 2211 262 2292 Synod.
274 2212 361 2272 dioec.
375 2212 430 2272 fib.
447 2213 479 2270 9.
491 2230 555 2290 cop.
566 2212 597 2270 2.
615 2231 647 2272 n.
663 2213 692 2271 f.

187 2296 275 2356 Forte
293 2297 383 2356 ctiam
401 2297 561 2375 Episcopus
576 2295 744 2375 dispensare
759 2296 868 2377 poterit
887 2297 919 2358 in
941 2297 1162 2377 impedimenta
1227 2281 1228 2308 ¹

1217 10 1228 337 t

1223 354 1228 647 i

150 2379 308 2440 dirimente
327 2380 463 2452 occulto,
490 2378 559 2440 cirm
580 2381 804 2441 matrimonium
825 2381 960 2460 proximi
983 2385 1162 2447 contrahen·
1227 2399 1228 2450 i

148 2465 220 2525 dum
235 2472 300 2534 est,
321 2463 353 2524 in
374 2480 522 2542 casuque
545 2465 616 2524 tales
637 2473 761 2543 urgeant
778 2485 880 2528 rerum
901 2468 1160 2542 circumstantie,

148 2557 183 2610 ut
203 2566 257 2609 nec
272 2549 302 2609 S.
317 2545 451 2610 Pontifex
463 2550 574 2609 consuli
588 2549 680 2628 possit
695 2595 704 2621 ,
726 2568 780 2611 nce
797 2551 1021 2613 matrimonium
1040 2554 1162 2616 differri

148 2632 360 2695 sinescandaio
375 2679 385 2707 ,
402 2643 453 2694 aut
474 2633 595 2694 infamia
616 2633 866 2697 contrahentium.
888 2637 972 2696 Tunc
994 2639 1165 2700 censendus

149 2731 193 2780 cst
212 2723 243 2780 S.
260 2721 395 2780 Pontifex
415 2719 503 2781 tacite
522 2719 656 2801 delegare
680 2722 821 2802 Episcopo
837 2728 1011 2801 potestatem
1036 2724 1165 2803 dispen-

149 2806 244 2867 sandi.
257 2803 332 2866 ibid.
346 2823 376 2864 n.
392 2807 422 2866 2.
727 2847 737 2866 .

188 2891 240 2952 His
264 2891 393 2970 praecisis
417 2907 521 2949 rerum·
546 2891 795 2966 circumstantiis,
815 2894 928 2954 nemini
957 2895 1000 2955 fas
1022 2904 1067 2956 est
1088 2897 1167 2976 Epi·

149 2995 236 3056 scopo
253 2977 423 3054 dispensare
438 2973 835 3054 inimpcdimentispubiicis
845 2978 1069 3042 matrimonium
1084 2981 1168 3042 diri-

149 3061 309 3121 mentibus.
323 3063 425 3140 Neque
440 3060 521 3120 enim
537 3079 641 3120 verum
659 3069 702 3120 cst
713 3071 743 3122 ct
764 3080 888 3136 sanum,
911 3064 1024 3123 axioma
1035 3061 1125 3126 'ittud
1147 3067 1167 3130 it

149 3146 299 3205 nonnullis
315 3145 508 3223 adoptatum:
525 3143 679 3224 Quidquid
696 3154 791 3226 potest
807 3145 951 3228 Pontifex
971 3147 1005 3208 iu
1019 3153 1168 3213 uniuerso

147 3227 233 3303 orbe,
255 3231 283 3287 si
302 3228 452 3310 excipias,
474 3246 542 3308 quse
571 3228 662 3291 totius
686 3227 821 3291 Ecclesice
842 3239 953 3291 statum
972 3233 1167 3312 respiciunt,

147 3307 227 3368 uelut
236 3309 308 3388 fidei
320 3310 481 3371 articulum
491 3311 629 3392 defirtirc,
638 3319 735 3392 potest
745 3317 910 3394 Episcopus
920 3318 953 3376 iu
966 3319 1021 3376 sord
1031 3315 1169 3394 dioecesi,

147 3389 210 3448 uisi
228 3394 318 3469 Papa
332 3393 392 3452 sibi
408 3391 485 3454 iliud
502 3396 702 3457 resero-accur.
724 3399 792 3458 Non
816 3399 897 3458 enirn
916 3409 1012 3477 potest
1032 3401 1171 3466 inferior

147 3467 437 3555 legembsuperiore
458 3477 549 3538 taum
571 3483 714 3541 relaxare.
738 3483 815 3541 Sunt
837 3483 888 3560 qui
911 3483 1169 3550 consuetudinem

147 3552 349 3632 protendant,
372 3564 403 3615 at
416 3560 605 3623 considerent
622 3565 752 3638 attenti,
770 3563 838 3626 eiuu
855 3584 902 3627 rcs
915 3562 953 3627 s'it
966 3566 1003 3628 dc
1016 3570 1169 3632 minuen-
