2475 3975
159 116 198 181 le
449 116 562 179 Paucis
578 112 762 197 mnscsscrii.
776 114 851 197 Cep.
862 115 892 177 l.

198 218 248 281 et.
266 217 401 279 Diximus
421 214 573 283 ordinarit
590 212 757 295 herendo,
776 232 846 275 nam
869 215 970 293 plures
988 234 1071 278 cauas
1090 219 1173 280 exci-

158 303 284 384 piuntur
296 301 313 364 l
327 304 390 363 ltu.
403 298 436 383 (l.
448 304 478 363 t.
493 320 524 366 n.
540 302 610 363 ttt.
626 318 657 361 o.
670 298 748 361 Diri
756 297 879 379 tamur.)
895 300 927 361 in
945 300 1054 378 quibus
1071 304 1173 382 poeni·

157 397 222 449 tens
251 388 362 448 absolvi
384 392 507 466 potest,
537 394 695 464 antequam
724 384 905 446 occasionem
932 387 1102 447 removerit.
1130 391 1172 450 Et

156 472 302 550 excipitur
323 474 352 537 l.
376 489 458 532 casus
472 471 504 531 in
528 486 588 549 quo
611 469 759 548 penitens
778 468 848 529 telia
865 468 984 529 afferret
1003 472 1173 533 extraordi-

156 557 239 617 naria
257 558 338 635 signa
358 554 490 627 doloris,
511 564 546 617 ut
574 552 740 633 prudenter
755 551 882 630 judicari
904 555 997 631 possit
1019 555 1082 633 ipse
1103 575 1169 617 uon

155 658 217 703 csse
238 638 364 718 emplids
386 640 418 700 in
434 639 570 718 proximo
592 638 733 716 periculo·
747 637 901 715 frangendi
924 641 1109 716 propositum
1127 641 1170 701 de

154 725 283 787 tollenda
305 725 453 785 occasione
469 745 478 801 ς
503 733 575 785 ωηο
590 722 672 787 enim
691 724 775 801 signa
798 724 849 785 illa
866 722 998 790 iudicant
1016 726 1170 802 perniten-

153 819 214 871 tem
236 808 379 871 donatum
396 808 484 869 luisse
502 807 635 871 uberiori
660 808 782 886 gratie,
811 809 869 885 qud
898 810 1005 871 meritd
1027 818 1167 888 speratur·

152 892 232 973 qudd
253 892 284 955 ia
305 894 484 956 removenda
501 894 651 955 occasione
676 901 811 953 constans
830 894 900 962 erit,
922 894 1165 967 Verumtamen,

153 994 270 1056 semper
291 996 325 1037 ae
348 978 494 1039 absolutio
514 974 672 1038 commodis
694 975 808 1036 differri
839 985 963 1055 posset,
984 987 1058 1038 tunc
1077 978 1166 1042 illam

152 1064 241 1125 etiam
252 1066 279 1123 ei
291 1063 458 1134 differrem,
484 1079 577 1139 usque
589 1060 663 1123 dirm
681 1078 750 1121 cum
766 1060 870 1122 ellectu
884 1062 1065 1123 occasionem
1079 1064 1167 1124 auic-

151 1157 209 1209 rat.
227 1149 381 1225 Excipitur
402 1149 432 1207 ⁶2.
450 1163 531 1205 casus
550 1147 663 1222 imque
682 1146 834 1223 penitens}
845 1163 907 1206 non
934 1147 1026 1225 possit
1040 1147 1165 1221 redire,

151 1234 198 1292 rel
219 1231 336 1293 nonnisi
360 1239 426 1309 post
443 1230 572 1293 multum
593 1236 733 1311 tempus3
747 1239 818 1291 tunc
829 1229 906 1293 bend
916 1240 1014 1308 potest
1026 1232 1164 1305 absolvi,

150 1316 175 1377 si
195 1322 330 1376 censetur
349 1314 426 1377 bend
440 1314 664 1394 dispositusper
676 1316 860 1392 propositum
874 1315 974 1377 statim
985 1320 1163 1381 removendi

150 1400 348 1479 occasionem
367 1401 509 1479 quoniam
527 1418 563 1460 eo
583 1416 652 1465 ersa
669 1399 834 1478 perieulum
853 1398 1008 1478 frangendi
1022 1407 1165 1480 proposi-

149 1492 236 1556 tum,
264 1494 414 1547 remotum
434 1493 617 1563 reputatur,
639 1483 723 1544 causd
744 1486 842 1562 magni
864 1485 963 1545 oneris
988 1488 1069 1564 quod
1096 1505 1164 1566 poe·

150 1571 248 1631 nitens
273 1570 396 1631 deberet
414 1570 491 1648 pati,
514 1567 696 1631 abscedendo
710 1568 774 1629 sinc
785 1569 994 1642 absolutione,
1010 1578 1063 1631 aut
1077 1590 1164 1652 repr-

148 1653 229 1715 tendi
245 1654 457 1715 confessionem
472 1652 550 1731 apud
568 1653 662 1713 alium
673 1651 869 1723 sacerdotem,
882 1661 935 1713 aut
947 1652 1000 1713 diri
1016 1658 1162 1719 manendi

148 1740 212 1799 sine
227 1740 321 1818 gratia
339 1739 528 1803 Sacramenti.
541 1739 728 1817 Quapropter
744 1735 814 1799 cium
831 1738 883 1798 ille
898 1739 939 1798 sit
950 1745 1025 1799 ωηο
1039 1741 1071 1801 in
1084 1761 1162 1821 qua·
1200 1786 1208 1796 .

147 1824 216 1885 dam
237 1823 343 1885 morali
360 1824 530 1887 necessitate
550 1821 712 1903 recipiendi
738 1822 978 1899 ahsolutionem,
997 1834 1160 1904 autequam

148 1909 329 1971 occasionem
344 1909 446 1982 tollat,
466 1908 556 1973 habet
574 1906 625 1986 jus
647 1916 682 1967 ut
704 1908 803 1967 statim
822 1908 994 1969 absolvatur
1011 1908 1102 1990 (ldid.
1126 1932 1158 1973 u.

145 1992 424 2076 Excipimdoe.2.)a
446 1992 519 2060 duim
540 1995 621 2054 enim
642 1991 771 2058 hicnon
792 2001 888 2074 petest
909 2002 982 2054 ante
993 1995 1160 2060 ahsolutio-

146 2097 218 2142 nem
240 2080 422 2143 eccaeicnem
439 2078 575 2152 aulcme,
595 2086 731 2141 censetur
754 2096 788 2139 ac
808 2080 834 2139 si
852 2088 927 2140 esset
945 2080 981 2140 in
1005 2083 1160 2147 comsione

145 2166 316 2227 necessaria.
344 2165 402 2227 Sed
422 2163 479 2228 hoc
509 2182 564 2226 nee
592 2163 683 2226 ctiam
703 2162 942 2238 admittendum,
961 2163 988 2224 si
1008 2167 1159 2243 penitens
1218 2186 1219 2191 ¹

142 2247 203 2326 jam
221 2251 260 2310 ab
278 2251 336 2312 alio
356 2249 532 2312 confessario
551 2247 623 2312 elide
643 2247 812 2310 admonitus
832 2249 922 2310 fuerit
946 2249 984 2308 de
1003 2253 1158 2317 occasione

143 2333 341 2404 removenda,
360 2341 391 2392 et
416 2349 477 2397 nun
497 2332 685 2410 impleverit,
705 2333 774 2410 quia
792 2341 864 2393 tunc
885 2331 1012 2393 habetur
1027 2344 1064 2394 ut
1077 2341 1161 2400 reci·

142 2415 247 2491 dirue,
274 2423 305 2476 et
326 2414 394 2477 ided
414 2417 519 2492 nequit
542 2416 678 2488 absolvi,
702 2418 758 2477 nisi
781 2417 901 2479 afferret
918 2417 1155 2486 extraordinaria

141 2499 369 2580 signatdploria,
386 2498 476 2579 proiit
493 2501 526 2568 iu
548 2499 683 2579 sequenti
697 2501 832 2579 ⁴capitulo
853 2502 997 2576 dicemus.

180 2586 229 2648 68.
256 2587 319 2649 Ηηο
348 2585 474 2650 dicimus
498 2585 596 2663 quoad
617 2585 799 2647 occasionem
823 2587 990 2665 proximam
1013 2587 1155 2654 volunta.

141 2671 239 2747 riam3
258 2681 288 2732 ut
309 2672 335 2731 si
356 2673 470 2734 occasio
498 2679 543 2732 est
568 2671 754 2744 necessaria,
776 2679 828 2731 aut
848 2669 987 2750 physice,
1010 2683 1103 2752 prout
1127 2681 1152 2739 si

141 2757 208 2834 quir
224 2755 407 2818 detineretur
427 2757 460 2818 iu
489 2774 627 2828 carcere,
650 2756 698 2818 vel
717 2766 792 2818 essct
809 2755 842 2816 in
864 2755 996 2834 periculo
1025 2761 1151 2835 mortis,

140 2843 170 2904 iu
185 2859 244 2922 quo
258 2859 321 2901 non
330 2838 452 2904 haberet
465 2849 580 2920 tempus
593 2849 624 2900 et
641 2839 765 2912 modum
777 2838 915 2918 ejiciendi
926 2841 1125 2906 concubinam
1140 2869 1149 2906 r

138 2929 185 2988 acl
204 2922 380 3000 mmuliter,
407 2925 439 2987 id
462 2935 529 2998 est,
555 2927 579 2986 si
602 2925 714 2986 occasio
738 2943 800 2986 uon
825 2931 924 3005 posset
947 2925 1058 2987 auferri
1084 2929 1151 2992 sinc

138 3012 295 3084 scandalo,
315 3021 366 3072 aut
387 3010 470 3090 gravi
493 3010 602 3071 damno
621 3010 709 3083 vitae,
732 3009 835 3084 samaa,
857 3017 910 3070 aut
924 3008 1094 3087 bonorum,
1115 3026 1151 3076 ut

137 3099 334 3158 communiter
356 3097 462 3158 docent
480 3097 543 3156 DD.
560 3092 637 3176 (rit.
651 3096 681 3154 ii.
693 3113 726 3154 n.
740 3093 842 3174 itm),
861 3112 898 3154 eo
916 3111 982 3156 casu
1000 3098 1149 3172 poenitans

137 3179 213 3240 bend
240 3181 351 3243 absolui
377 3189 497 3260 potest,
517 3183 590 3258 quin
619 3180 802 3240 occasionem
828 3181 963 3252 auferat,
983 3181 1053 3258 quia
1076 3191 1149 3244 tunc

137 3281 198 3342 non
220 3271 338 3326 tenetur
359 3283 425 3329 eam
446 3265 599 3327 removere
616 3284 627 3342 3
646 3263 736 3324 modd
756 3265 912 3342 promittat
927 3265 1035 3341 exequi
1049 3267 1146 3325 media

135 3349 294 3411 neccssaria
323 3349 361 3410 ad
385 3349 597 3422 efficiendum,
621 3357 656 3410 ut
675 3349 786 3409 occasio
814 3367 851 3410 cx
878 3349 1015 3428 proxima
1040 3349 1147 3410 eradat

134 3442 267 3508 remota,
294 3440 383 3509 prout
402 3431 495 3505 sunt,
518 3433 639 3512 preecisd
660 3433 692 3492 in
719 3433 870 3493 occasione
891 3433 1001 3512 peccati
1025 3435 1144 3513 turpis,

134 3514 234 3590 lingere
248 3517 476 3578 familiaritatem
497 3518 667 3598 complicis,
681 3525 711 3579 et
724 3518 813 3578 etiam
832 3527 982 3600 aspectum
996 3517 1142 3599 quantum
