2475 3975
116 207 174 270 50⁰
313 202 605 287 Epitomcdoctriooe
614 195 934 265 morolicetccoonicoe

116 327 206 390 qnam
220 307 329 372 Bencd.
342 309 438 372 ΧΙΙΙ.
453 309 642 370 confirmavit
652 316 688 369 ot
699 315 776 369 essct
792 324 897 369 norma
914 307 1029 369 cteteds
1041 307 1133 369 ordi·

117 393 219 454 nariis.
236 395 309 455 lnsl.
328 394 404 454 Eccl.
420 397 468 456 to.
483 411 514 453 n.
531 393 560 454 5.
572 393 688 453 Subicit
704 402 804 452 tamen
821 411 877 470 pro
895 395 1041 454 concione
1057 394 1133 453 allo·

118 477 1132 560 cuuopta‚negotiatonis,utrespondisscmtectnguscntot.
1227 508 1228 551 3

156 563 380 626 concionatores
397 563 557 642 Regulares
569 570 711 622 tenentur
721 570 823 639 petere
831 561 870 621 ab
884 561 1027 640 Episcopo
1039 561 1134 622 Ιιιιιιο-
1227 564 1228 637 ᾗ

116 647 295 719 dictionem,
308 649 362 708 etsi
385 649 479 708 velint
499 649 530 707 in
551 648 679 708 Ecclesid
695 651 743 708 aul
768 647 882 708 ordinis
903 646 1061 707 conciones
1078 645 1135 706 ba·

119 735 211 804 bere,
233 752 269 794 ex
288 732 370 793 buttt
385 731 541 794 Clementis
553 735 598 794 X.
620 733 778 813 Supremo.
793 734 869 793 lnst.
886 731 963 792 licei.
978 734 1029 792 27.
1048 751 1082 791 n.
1099 735 1131 794 8.
1227 766 1228 781 ι

119 821 153 880 ln
174 819 275 879 olienis
291 817 364 879 verb
378 819 512 880 Ecclesiis
526 818 644 880 licentia
662 827 694 880 ct
707 816 876 880 benedictio
891 815 1025 896 Episcopi
1040 818 1136 879 etiam
1227 894 1228 907 χ

119 901 311 980 licgularibus
325 905 491 982 requiritur
506 921 543 964 ex
554 903 732 964 Tridentino
749 920 819 963 scas.
832 904 864 963 d.
874 921 901 963 c.
914 904 945 962 2.
955 902 1032 962 lbid.

159 987 297 1050 interdici
310 999 408 1066 potest
421 988 615 1069 Regularibus
628 987 798 1069 medicatio
813 988 903 1048 ctiam
916 988 948 1047 in
961 987 1023 1046 suis
1034 987 1137 1048 Eccle-

121 1073 171 1133 siis
183 1073 256 1134 sacta
271 1091 307 1136 eo
328 1082 481 1154 tempore,
496 1092 556 1152 quo
569 1075 729 1152 Episcopus
744 1073 939 1153 perseipsum
959 1073 1137 1133 concionem
1227 1086 1228 1127 ι

122 1156 334 1304 hobetwctianp
361 1159 394 1222 in
424 1159 481 1220 olia
511 1157 650 1218 Ecelesid.
681 1159 727 1220 Dc
752 1157 864 1236 synod.
893 1156 989 1217 llioec.
1018 1155 1075 1217 lib.
1100 1159 1134 1217 9.

122 1263 187 1324 cap.
244 1263 300 1304 .n.
337 1287 346 1304 .

160 1329 191 1388 Si
214 1329 286 1390 verb
300 1330 459 1410 Episcopus
477 1347 577 1392 coram
599 1347 633 1392 se
652 1327 813 1409 predicare
832 1328 941 1400 saciat,
958 1343 1010 1388 sen
1023 1328 1137 1406 prndi-
1227 1350 1228 1357 ¹

123 1413 250 1472 cationes
273 1416 361 1474 etiam
385 1415 417 1474 in
443 1415 495 1475 sud
520 1416 647 1476 Ecclesid
673 1414 774 1474 audiat
797 1432 853 1494 pro
881 1422 1023 1474 consueto
1050 1431 1137 1473 more

125 1495 276 1556 Adventtis
290 1505 321 1557 et
334 1499 584 1576 Qurdugesimae,
604 1499 765 1576 probibere
777 1515 838 1558 non
853 1505 949 1578 potest
963 1497 1137 1574 Regulam,

124 1596 163 1638 ne
178 1579 281 1638 eodem
297 1589 432 1658 tempore
454 1583 486 1641 in
502 1583 563 1640 suis
575 1583 709 1642 Ecclesiis
726 1582 896 1659 predicent.
912 1585 1050 1660 Neqeunt
1061 1582 1138 1643 verb

124 1661 300 1742 prohibente
315 1663 458 1744 Episcopo
482 1665 645 1742 predicare
663 1684 700 1726 eo
716 1675 871 1744 tempore,
894 1682 955 1746 quo
975 1667 1139 1744 Episcopus
1227 1730 1228 1733 ,

124 1765 159 1808 cx
170 1745 288 1826 publici
302 1748 387 1808 causi
396 1752 560 1810 convocatis
568 1751 663 1826 clero,
674 1752 845 1830 magistratu
855 1795 864 1825 ,
873 1761 905 1812 et
915 1751 1026 1831 populo
1034 1766 1140 1812 coram

124 1849 156 1894 se
174 1831 328 1910 praedicari
342 1833 427 1905 lacit,
443 1835 523 1913 quod
539 1855 575 1896 ex
585 1837 769 1898 Clementini
781 1836 906 1900 Dudum
928 1835 965 1898 dc
975 1832 1141 1916 sepulturis

126 1918 252 1980 eruitur.
266 1919 309 1979 De
321 1920 394 1997 Syn.
408 1917 501 1984 Dioeo.
514 1921 536 1982 l.
550 1923 581 1982 9.
598 1941 626 1983 c.
639 1922 689 1986 ll.
707 1941 739 1983 n.
752 1923 784 1984 7.

164 2006 340 2067 concionem
362 2010 476 2088 proprii
499 2006 620 2087 parochi
627 2052 638 2083 ,
662 2026 753 2086 quam
777 2009 811 2069 in
828 2005 991 2087 parochiali
1008 2007 1141 2069 Eoclcsid

126 2088 229 2151 diebus
242 2090 323 2152 sestis
336 2088 444 2167 habet,
458 2093 623 2153 auscultare
635 2092 807 2171 parochiani
822 2110 883 2153 non
896 2100 1054 2164 tenentur,
1064 2110 1142 2170 prae·

126 2175 253 2253 cipiente
271 2176 340 2239 liedt
353 2179 549 2254 Tridentino,
567 2176 653 2257 eujus
671 2178 853 2238 sanctionem
874 2178 1022 2241 contrmia
1046 2177 1140 2239 modd
1226 2193 1227 2200 ¹

127 2262 307 2323 consuetudo
345 2258 509 2345 abrogavit.
546 2264 592 2325 lle
625 2262 747 2343 Synodo
773 2263 945 2325 Diceeesana
978 2261 1045 2323 bib.
1084 2262 1141 2323 il.

127 2362 191 2421 cap.
208 2347 255 2403 ld.
269 2365 300 2405 n.
318 2346 369 2406 to.

165 2428 390 2491 concionatores
407 2434 432 2493 si
452 2452 505 2513 per
521 2432 732 2494 scurrilitatem
752 2430 879 2495 Verbum
896 2430 973 2509 bet,
991 2426 1084 2492 veluti
1103 2432 1142 2495 ιἰι
1225 2457 1226 2486 ι

125 2526 242 2573 scellam
259 2508 428 2589 adducant,
446 2536 508 2577 ooo
523 2512 612 2576 levem
628 2513 748 2595 culpam
765 2514 1008 2587 admittunt‚'sed
1023 2515 1143 2596 pronde

124 2592 278 2678 piaculum
286 2643 296 2674 ,
314 2600 354 2661 ita
372 2620 408 2661 ex
420 2602 519 2663 verbis
537 2602 693 2681 encyclicae
704 2602 736 2659 S.
749 2602 784 2663 C.
797 2604 887 2665 Cone.
903 2600 959 2665 sub
969 2602 1073 2663 loom.
1086 2603 1141 2663 li.

128 2680 202 2743 datae
213 2682 231 2741 o
244 2682 304 2745 lul.
322 2686 409 2749 1680.
421 2688 494 2749 lost.
506 2688 583 2751 Eocl.
597 2680 648 2749 27.
662 2704 694 2748 n.
711 2687 760 2749 ld.

516 2856 747 2921 CONCURSUS.

169 3029 204 3088 ln
224 3044 372 3088 concursu
386 3025 423 3088 ad
447 3026 664 3105 parochialem,
680 3027 705 3089 si
727 3028 846 3091 collatio
867 3028 997 3108 pertinet
1014 3030 1052 3092 ad
1070 3031 1142 3111 Epi·

129 3127 268 3188 scopum,
281 3111 426 3187 judicium
440 3112 478 3171 de
493 3111 623 3192 digniori
639 3132 676 3173 ex
693 3114 859 3193 approbatis
873 3115 911 3174 ab
929 3117 1142 3177 examinatori-

129 3195 183 3255 bus
204 3197 334 3271 pertinet
359 3196 396 3256 ad
423 3196 527 3273 illum3
547 3199 572 3257 si
602 3198 672 3259 verd
696 3198 874 3265 beneficium
897 3200 936 3259 sit
966 3206 1140 3278 patronatus

129 3277 333 3349 ecclesiastici,
348 3289 419 3341 tuuc
434 3282 566 3359 prelatio
576 3280 613 3341 ad
625 3290 783 3359 patronum
796 3289 916 3362 spectat.
926 3284 956 3343 Si
970 3292 1141 3363 patronatus

129 3360 168 3453 sit
186 3359 297 3430 laicus,
317 3362 355 3421 ab
379 3366 631 3426 examinatoribus
649 3366 797 3445 deputatis
818 3369 1068 3448 approbandum,
1089 3368 1141 3429 sed

128 3454 192 3496 stne
204 3458 367 3533 concursu,
382 3456 524 3520 patronus
537 3448 625 3510 debet
639 3451 759 3529 eligere.
778 3453 808 3512 Si
821 3460 920 3512 tamen
934 3452 965 3512 in
981 3462 1140 3531 patronatu
1204 3466 1208 3472 ’

128 3516 224 3604 laicali
246 3522 346 3618 plures
361 3526 421 3585 sint
441 3533 576 3606 patroni,
599 3542 631 3594 et
649 3534 665 3595 h
686 3536 812 3613 singulis
834 3554 904 3595 suus
923 3546 1141 3615 presentetor3

128 3600 169 3648 ltu
186 3602 219 3650 ut
233 3605 344 3678 singuli
358 3622 419 3667 non
431 3606 561 3683 habeant
572 3614 624 3691 jus
643 3636 707 3695 proc
717 3620 793 3694 allo,
805 3626 876 3679 tune
887 3622 1141 3683 concursusinsti·
