2475 3975
259 151 334 228 Cup.
350 149 377 208 1.
394 148 439 207 De
457 151 640 206 armamento
660 141 774 204 ordinis
790 144 823 202 io
841 161 953 224 pervere.
1052 143 1111 208 667

103 264 136 317 61
148 254 350 318 diaconatum,
367 258 401 310 ut
412 249 550 326 diximus)
570 266 630 308 non
648 263 710 307 esse
728 257 926 325 sacramenta3
941 248 1009 327 quia
1029 250 1110 312 deest

103 342 137 401 in
157 337 217 398 illis
238 334 379 405 materia,
402 351 510 411 nempe
528 333 676 410 impositio
692 349 854 404 manuum,
871 351 959 410 quom
978 335 1023 413 (ut
1041 355 1109 398 mox

104 420 248 498 dicemus)
266 418 448 499 probabilius
467 426 512 478 est
533 434 595 476 esse
614 417 733 476 unicam
753 417 906 476 materiam
922 419 1051 480 ordinis:
1066 422 1113 481 de·

103 517 208 586 estque
230 505 319 565 etiam
341 503 456 578 forma,
481 519 548 580 quoe
569 500 716 579 exprimat
744 501 966 578 productionem
987 506 1109 584 gratiae,

103 590 177 652 ddm
190 592 222 650 in
234 588 388 650 collatione
398 587 587 666 prelatorum
598 585 737 646 ordinum
752 601 812 644 non
824 583 859 645 fit
872 587 982 648 mentio
993 591 1111 664 gratiae,

104 676 156 737 scd
176 673 291 734 tantum
308 671 460 749 potestatis
476 689 542 750 quae
563 669 701 730 traditur.
714 671 759 729 De
772 667 827 729 606
840 672 999 749 questione
1013 671 1113 752 satida

105 759 217 822 dictam
234 765 277 819 est
296 757 330 816 in
342 753 456 816 Morali
470 753 489 815 l.
508 759 538 816 6.
553 774 586 816 a.
600 755 667 814 756.
683 755 790 814 61757.

144 847 195 904 28.
214 877 254 888 -
273 845 373 917 Quaer.
396 844 435 902 11.
456 859 591 920 quaenam
607 850 651 901 est
669 841 792 900 materia
813 849 842 901 et
862 842 955 904 forma
979 846 1112 906 ordinis?

104 933 180 992 Tres
198 938 268 989 sunt
291 928 452 988 sententiae.
474 929 498 986 1.
522 933 604 985 tenet
626 926 778 985 materiam
803 925 913 987 ordinis
938 947 999 990 esse
1020 933 1113 991 solam

105 1014 297 1076 traditionem
317 1013 604 1089 instrumentorum
618 1011 669 1071 sed
690 1009 752 1070 baee
774 1019 898 1070 nonest
919 1015 988 1074 satis
1009 1016 1116 1093 proba·

105 1101 187 1161 bilis.
209 1101 249 1158 ll.
273 1106 353 1158 tenet
371 1099 526 1157 materiam
548 1097 713 1176 proximam
737 1112 798 1154 esse
819 1094 967 1173 duplicem
989 1099 1117 1177 integra-

105 1185 185 1255 lem,
203 1185 312 1244 scilicet
334 1183 524 1242 traditionem
540 1181 827 1257 instrumentorum,
849 1183 906 1257 qui
927 1181 1055 1243 traditur
1068 1201 1117 1263 po·

103 1278 193 1342 testas
205 1286 293 1347 super
309 1285 414 1344 corpus
429 1267 509 1326 reale
525 1265 594 1326 lesu
615 1263 723 1324 Christi
738 1265 774 1324 ad
793 1264 1034 1338 sacrificandum,
1047 1286 1114 1328 eum

103 1356 202 1414 forma
219 1371 227 1409 ε
243 1350 347 1431 Accipe
363 1358 553 1430 potestatem,
569 1357 644 1420 eto,
665 1358 695 1408 et
713 1349 931 1426 impositionem
955 1369 1113 1424 manuum,

105 1440 166 1518 quai
185 1438 313 1499 traditur
331 1445 458 1520 potestas
479 1454 568 1515 super
583 1453 691 1514 corpus
704 1437 863 1513 mysticum
882 1437 919 1496 ad
935 1448 1050 1516 peecata
1065 1440 1116 1500 ab·

105 1525 266 1601 solvenda,
279 1542 348 1584 cum
361 1523 455 1584 forma
468 1543 476 1580 ε
493 1522 594 1604 Accipe
603 1519 751 1600 Spiritum
762 1529 898 1582 sanctum
910 1567 919 1596 ,
933 1532 986 1584 etc.
997 1525 1117 1584 Materia

105 1621 206 1673 autem
224 1618 339 1672 remota
355 1608 448 1687 (juxta
467 1609 544 1669 banc
556 1607 744 1684 sententiam)
757 1617 827 1668 sunt
846 1626 950 1669 manus
965 1611 1115 1691 Episcopi,

107 1706 140 1758 et
156 1697 353 1756 instrumenta
369 1713 436 1772 quae
448 1694 485 1754 ad
497 1692 678 1772 tangendum
693 1691 730 1750 ab
743 1711 778 1752 eo
795 1692 964 1755 traduntur.
980 1697 1034 1755 111.
1045 1698 1117 1758 Pro·

106 1781 236 1843 babilior
259 1787 342 1838 tenet
357 1780 512 1838 materiam
528 1778 615 1838 unice
635 1793 697 1836 esse
717 1779 937 1854 impositionem
953 1797 1117 1855 manuum,

103 1869 294 1940 formamque
315 1879 377 1921 esse
405 1864 569 1922 orationem
592 1878 682 1937 quam
705 1861 817 1936 profert
846 1863 1003 1940 Episcopus
1025 1864 1116 1940 (Quo-

104 1946 195 2011 modo
212 1947 265 2009 boc
277 1945 440 2029 probatur,
460 1943 587 2007 videndo
600 1963 667 2026 que
680 1942 759 2006 dacto
777 1946 1116 2027 61161116667161.

106 2037 247 2097 Attamen
260 2033 330 2111 quia
343 2034 382 2092 ll.
396 2031 540 2091 sententia
556 2040 600 2091 est
611 2032 700 2091 etiam
713 2030 890 2110 probabilis,
902 2048 1008 2109 nempe
1021 2032 1118 2110 dupli·

104 2138 172 2199 cern
192 2136 255 2179 csse
268 2118 422 2177 materiam
435 2118 569 2190 ordinis,
590 2118 701 2177 seilicet
722 2116 942 2193 impositionem
958 2134 1117 2190 munuum,

104 2215 138 2266 ct
161 2202 351 2269 traditionem
374 2203 664 2271 instrumentorum,
691 2202 753 2278 ipsa
780 2198 902 2259 omnino
924 2201 956 2260 in
977 2202 1059 2277 praxi
1080 2220 1118 2281 se-

107 2285 227 2369 quenda
244 2293 300 2344 est.
318 2283 402 2344 Unde
419 2284 583 2345 necessario
597 2284 763 2361 requiritur
775 2284 807 2343 in
822 2283 1008 2345 ordinatione
1027 2294 1119 2347 tactus

108 2375 398 2442 instrumentorum,
415 2379 446 2429 et
466 2375 559 2429 tactus
573 2368 695 2447 quidem
715 2366 869 2448 physicus,
884 2368 951 2431 edm
968 2371 1119 2450 probabile

108 2457 199 2519 etiam
220 2455 259 2513 sit
278 2454 421 2513 moralem
443 2472 503 2515 non
524 2455 668 2515 sufficere.
690 2454 803 2515 Sufficit
823 2454 894 2519 verb
916 2466 1037 2536 tangere
1058 2462 1118 2518 una

103 2542 170 2609 ,6016
195 2558 304 2614 manu,
332 2540 381 2601 rel
402 2540 495 2619 digito
513 2538 602 2619 (itit.
623 2559 654 2600 a.
678 2540 772 2617 tta).
790 2542 856 2604 Non
878 2553 994 2620 oportet
1018 2554 1118 2605 autern

103 2624 157 2705 (ut
172 2624 301 2686 diximus
321 2642 354 2686 a.
376 2624 420 2705 6.)
441 2633 474 2684 ut
494 2634 643 2686 contactus
664 2626 716 2685 irat
738 2624 755 2683 a
776 2626 924 2703 principio
948 2630 1120 2704 prolationis

111 2711 215 2769 formae
234 2707 381 2787 usquead
401 2709 512 2783 linem,
534 2710 586 2769 sed
607 2709 715 2769 sufficit
736 2709 760 2767 si
783 2708 835 2767 fiat
855 2718 1012 2787 antequam
1027 2712 1119 2771 forma

105 2788 307 2866 terminetur,
321 2793 368 2854 vel
386 2802 541 2872 postquam
558 2795 608 2855 illa
628 2794 666 2854 sit
682 2795 808 2873 incepta.
822 2795 926 2855 Forma
940 2805 1038 2856 autem
1052 2805 1121 2856 sunt

110 2878 201 2937 uerba
219 2895 285 2955 quae
300 2878 413 2954 profert
428 2880 587 2957 Episcopus
605 2878 762 2947 ordinans,
778 2876 845 2939 ciam
858 2898 962 2939 manus
976 2882 1119 2957 imponit,

112 2972 142 3022 et
159 2963 356 3022 instrumenta
369 2961 478 3036 tradit,
490 2960 621 3041 utsupra
634 2961 747 3023 dictum
761 2970 816 3023 est.
827 2962 940 3033 Seduld
954 2962 1003 3021 blc
1018 2960 1121 3021 rursus

113 3045 279 3123 notandum
299 3047 328 3105 1.
344 3046 424 3125 qudd
442 3048 475 3107 in
498 3048 603 3110 ordine
622 3066 704 3108 sacro
725 3046 903 3107 conserendo
924 3046 1044 3105 materia
1064 3053 1121 3106 tra·

114 3131 211 3191 denda
232 3140 276 3190 est
298 3132 336 3192 ab
360 3133 466 3193 eodem
484 3134 651 3211 Episcopo,
672 3134 724 3210 qui
742 3132 869 3193 sormam
888 3132 1020 3209 profert;
1041 3129 1123 3193 scobs

115 3216 148 3277 in
169 3215 325 3275 collatione
342 3217 482 3277 ordinum
505 3218 683 3278 minorum:
702 3218 742 3277 ito
763 3219 804 3277 D.
826 3214 880 3275 Tb.
898 3213 1013 3297 (Suppl.
1028 3236 1057 3299 q.
1074 3218 1120 3277 58.

101 3298 319 3379 10110111.)
333 3309 361 3361 et
371 3298 437 3362 atti.
452 3302 624 3363 Notandum
638 3305 667 3361 2.
683 3300 762 3379 qabd
774 3302 797 3359 si
810 3301 995 3361 conserantur
1007 3302 1123 3362 ordines

115 3385 154 3443 ab
163 3402 224 3443 uno
234 3385 376 3464 Episcopo
387 3430 396 3459 ‚
408 3387 467 3446 alio
479 3397 576 3447 tamen
592 3386 759 3446 celebrante
768 3430 776 3457 ,
785 3385 929 3447 ordinatio
944 3388 999 3447 erit
1011 3385 1125 3453 valida,

113 3468 165 3528 sed
186 3468 309 3541 illicito,
329 3480 362 3529 ut
381 3471 540 3532 declaravit
553 3473 657 3538 111006.
674 3471 770 3531 ΧΙΙΙ.
789 3471 864 3549 apud
874 3469 1021 3532 Benedict.
1034 3469 1083 3529 XI
1090 3470 1126 3529 t'.

112 3550 409 3635 (06831006.1.8.6.
431 3558 479 3615 11.
494 3575 527 3614 a.
543 3558 598 3635 7.).
922 3638 960 3693 ¹8
