2475 3975
384 159 434 218 Ex
449 155 585 236 operibus
597 153 750 216 Benedicti
758 156 849 217 XIV.
1066 161 1122 221 535

116 258 171 320 bus
185 261 263 334 suis,
282 267 372 339 atque
388 259 420 320 iu
437 276 470 319 os
487 276 574 318 suum
592 259 702 318 interro
716 275 777 318 non
793 265 937 317 renuente
953 258 1119 335 sacerdote,

114 345 249 406 damnari
272 364 339 406 nen
352 351 528 406 mereretur.
541 345 584 402 De
598 343 672 420 Syn.
687 343 780 402 Dioee.
795 341 818 401 1.
834 344 883 409 te,
898 361 924 406 c,
940 344 988 402 to.
1002 363 1034 402 ιι.
1049 346 1099 404 rt.

152 429 183 488 Si
199 431 265 508 quis
279 433 440 510 Episcopus
459 433 555 496 vetet,
576 444 614 486 ne
632 427 664 485 in
683 427 772 486 missi
789 427 820 485 in
835 424 892 484 hoc
909 427 956 486 vel
971 427 1022 486 illo
1036 428 1119 488 altari

115 511 285 574 celebranda
304 511 485 574 Eucheristia
515 510 698 570 adstantibus
722 510 931 583 ministretur,
954 511 1119 587 parendum

113 596 157 656 illi
171 604 231 669 est,
251 617 306 659 nee
319 597 415 658 turbae
432 593 552 657 ciendae.
567 596 719 673 Encyciica
729 595 778 659 die
791 595 829 656 te
842 596 920 655 Nor.
934 612 1014 657 anno
1024 596 1117 669 1742,

113 689 144 740 et
157 680 195 740 de
207 682 310 742 Sacrii.
323 683 403 740 hiiss.
417 680 471 740 iih.
488 680 537 739 ih.
551 695 616 757 capr
631 680 681 738 22.
695 698 726 740 ιι.
741 679 789 739 17.
1061 680 1063 685 ’

150 765 257 844 Siquis
266 765 406 844 surripiat
415 763 540 826 hostiam
555 763 622 830 ,vel
632 763 789 842 particulas
800 783 836 829 ea
850 765 1058 835 tabernaculo,
1070 763 1117 824 vei

113 849 130 910 d
151 851 231 912 sacri
253 850 381 930 pyxide,
403 849 506 910 velex
526 849 712 918 ostensorio,
732 857 762 907 et
782 857 943 911 extractum
965 859 1116 928 asportet,

110 935 140 994 id
159 935 294 996 subicere
307 945 442 996 censetur
461 951 516 1012 pro
536 933 694 992 asserendo
708 933 788 992 iurto
803 931 907 1001 hostie
921 943 1115 1006 consecratae,

110 1036 202 1096 quare
219 1036 272 1080 reo
290 1026 438 1096 competet
457 1017 661 1078 demonstrare
677 1034 737 1079 uon
751 1033 813 1078 esse
824 1026 1014 1079 consecratas.
1026 1019 1069 1078 lta
1083 1019 1116 1078 iu

110 1103 192 1164 hullai
208 1103 253 1164 Ab
268 1102 487 1184 oopustc'sst‘mo.

148 1189 190 1247 Eo
204 1188 267 1266 ipso
280 1196 397 1258 eutem,
412 1187 492 1265 qudd
504 1188 571 1264 quis
587 1186 616 1248 id
636 1187 780 1268 sacrilegii
799 1189 910 1267 egerit,
926 1187 1116 1263 praesumitur

109 1272 155 1332 uti
172 1271 298 1331 voluisse
317 1271 354 1330 ad
372 1273 484 1332 malum
501 1271 593 1331 finem
605 1293 615 1347 3
628 1290 695 1347 quoe
706 1274 818 1349 pariter
834 1272 1026 1350 praesumptio
1038 1271 1116 1330 valet

107 1363 211 1414 contra
227 1373 295 1414 eum
307 1397 315 1426 ‚
327 1353 378 1432 qui
393 1355 424 1414 iu
435 1363 501 1414 actu
513 1357 748 1428 communionis,
765 1358 812 1416 vei
824 1364 891 1436 post
903 1355 988 1414 ilium
997 1353 1031 1424 ,e
1044 1364 1120 1429 suo,

107 1439 155 1498 vel
174 1439 271 1500 alieno
290 1457 343 1500 ore
358 1447 518 1499 extractam
537 1441 712 1518 particulam
732 1440 938 1519 asportaverit.
957 1438 1035 1499 ibid.

147 1524 199 1585 Rei
221 1522 309 1601 hujus
328 1525 470 1603 sacrilegii
493 1526 582 1584 etiam
602 1543 659 1602 pro
683 1525 781 1604 primi
802 1527 866 1585 vice
888 1523 1022 1592 trudendi
1044 1531 1114 1584 sunt

107 1607 227 1670 brachio
250 1608 402 1682 seculari,
423 1609 605 1687 precedente
624 1610 657 1670 in
678 1609 881 1672 ecelesiasticis
905 1607 1114 1688 degradatione

105 1694 190 1754 reoli.
205 1693 281 1754 lbid.
794 1746 798 1754 ,

144 1779 175 1838 st
194 1779 261 1856 quis
274 1777 362 1838 mane
373 1779 533 1856 sumpserit
542 1777 772 1850 Eucharistiam,
784 1779 898 1854 vesperi
914 1778 985 1843 verb
997 1775 1112 1837 decidat

105 1881 136 1921 ,ιι
159 1861 297 1922 iethalem
316 1860 471 1932 morbum,
493 1863 644 1938 integrum
667 1863 728 1922 erit
745 1861 892 1937 parocho,
914 1860 938 1928 si
958 1863 1005 1920 vei
1024 1862 1111 1920 illum

104 1944 204 2008 donub
225 1946 424 2009 communicet
442 1943 545 2007 eidem
566 1947 614 2009 die
625 1990 633 2017 ‚
644 1946 706 2005 sive
724 1945 887 2016 abstineat,
900 1962 953 2004 nec
967 1950 1064 2023 potest
1075 1944 1112 2005 ab

104 2031 248 2111 Episcopo
265 2029 303 2092 ad
322 2030 497 2093 utrumlibet
510 2030 598 2109 adigi.
613 2032 658 2091 De
670 2032 742 2109 Syn.
756 2031 850 2094 Dioeo.
864 2048 890 2090 o.
905 2030 951 2095 11.
962 2029 984 2089 l.
994 2030 1024 2087 7.
1036 2047 1067 2088 ιι.
1080 2030 1109 2087 2.

142 2115 246 2188 Quoad
253 2114 465 2176 Eucharistiam
478 2118 578 2195 pueris
589 2115 852 2177 administrandam
863 2157 871 2185 ,
882 2112 961 2173 recte
974 2113 1112 2172 admonet

103 2198 239 2259 Pontifex
259 2218 320 2259 non
336 2199 471 2259 eumdem
487 2198 649 2259 desiderari
666 2207 782 2259 aetatem
803 2200 834 2255 in
848 2198 947 2273 pueris
962 2197 994 2255 in
1008 2196 1112 2254 mortis

102 2284 232 2344 articulo
250 2281 453 2356 versantibus,
470 2301 537 2361 quoe
559 2284 591 2341 in
608 2284 664 2359 iis,
682 2282 734 2360 qni
751 2279 831 2342 rectis
847 2281 955 2346 volent.
972 2283 1007 2340 ln
1020 2280 1112 2339 mori·
1185 2312 1195 2327 ·

102 2368 179 2439 turis
187 2366 300 2447 judicio
313 2366 431 2446 parochi
445 2368 679 2447 permittendum
695 2376 754 2439 est,
765 2368 816 2445 qui
828 2365 962 2443 diligenti
976 2365 1111 2425 examine

102 2455 279 2533 investiget,
296 2452 370 2515 niun
386 2454 466 2514 tanti
479 2452 608 2531 polleant
628 2453 804 2531 perspicacia
817 2495 825 2525 ,
839 2461 874 2511 ut
886 2451 1036 2511 Christum
1054 2448 1108 2509 sub

101 2537 255 2616 speciebus
277 2538 536 2599 sacramentalibus
561 2537 690 2599 firmiter
714 2538 836 2599 credant
859 2546 891 2597 et
908 2536 1043 2596 adorent.
1064 2538 1108 2595 De

102 2621 176 2701 Syn.
192 2624 285 2684 Dioeo.
300 2623 320 2683 Ι.
336 2624 367 2683 7.
381 2640 408 2681 c.
424 2624 473 2683 ii.
490 2641 520 2681 n.
536 2622 565 2683 5.

142 2706 231 2767 Recte
250 2708 381 2767 valentes
404 2708 493 2787 potiri
516 2706 627 2767 debent
646 2705 752 2782 majori
769 2704 875 2781 judicii
896 2703 1056 2774 firmitate,
1074 2714 1108 2765 ut

101 2790 200 2851 debiti
215 2792 358 2871 religione
371 2800 401 2851 et
417 2792 584 2852 reverentii
599 2792 635 2851 ed
648 2801 863 2852 sacramentum
874 2789 1029 2866 accedant;
1043 2808 1108 2867 qum

101 2874 280 2955 plerumque
297 2876 422 2937 firmitas
439 2874 579 2936 advenire
593 2875 668 2936 solet
687 2894 800 2938 annum
819 2875 968 2942 decimum
980 2877 1060 2935 inter
1077 2884 1108 2934 et

101 2960 252 3021 decimum
268 2971 409 3039 quartum
427 2962 530 3021 aetatis.
546 2960 623 3021 ibid.
640 2980 671 3022 ιι.
688 2964 720 3021 2.

140 3043 278 3105 Extremi
290 3045 518 3125 egrotantibus,
531 3046 636 3107 eodem
648 3046 781 3123 periculo
795 3045 900 3106 mortis
915 3042 1027 3109 diuitis
1039 3061 1106 3121 per·

100 3138 275 3202 reverante,
291 3136 406 3207 potest,
421 3138 452 3189 et
473 3128 561 3189 debet
576 3131 689 3202 semei,
707 3127 837 3204 iterim,
854 3127 942 3196 tertib
957 3129 1105 3188 Vintieum

100 3212 248 3285 conferri,
264 3223 383 3293 petente
405 3210 532 3273 maxime
554 3221 690 3291 aegroto3
707 3214 759 3273 sed
773 3213 888 3290 quoties
910 3220 941 3271 et
961 3220 1105 3289 quantum

100 3298 244 3376 temporis
262 3297 443 3372 intercedere
460 3312 575 3357 necesse
591 3297 630 3357 sit
643 3297 826 3357 interimam
844 3304 876 3355 et
887 3297 1010 3369 alteram
1025 3311 1107 3351 com-

99 3384 295 3457 munionem,
320 3382 396 3443 nihil
419 3381 622 3442 definiendum
646 3382 779 3440 Pontiiex
802 3390 911 3441 censet.
930 3383 974 3440 De
993 3376 1105 3453 Synod-

100 3468 194 3527 Dioeo.
210 3468 262 3527 lib.
278 3470 309 3528 7.
325 3488 351 3527 c.
370 3468 419 3526 17.
439 3485 471 3525 ιι.
487 3468 517 3528 d.

139 3550 353 3615 Euclraristiam
371 3552 403 3613 in
424 3551 560 3613 oratoriis
582 3551 707 3631 privatis
727 3548 950 3615 administrare,
972 3543 1107 3631 quamvis
