2475 3975
126 206 183 273 ‘206
388 193 395 206 '
436 205 573 264 sermea
585 183 829 260 ordinandorum.
935 282 936 286 Ἰ

159 303 287 358 matitia.
296 305 326 356 lt
341 307 366 356 et
377 303 419 355 it.
429 303 461 352 Χ.
473 303 569 352 locut.
582 300 629 349 xl.
643 301 733 349 AEtat.
752 297 946 350 lustrent.
960 295 1131 348 Eaercitiua'i

159 374 403 502 ordinatorem&
416 375 490 428 xlll.
499 369 613 426 Vocatio
625 369 732 424 diuisa.
743 373 785 423 ld.
797 367 850 434 Qui
860 369 1010 422 tacuerant
1022 380 1133 436 suspeu-

158 450 277 515 ιίοπειιι,
294 454 373 504 ciel
392 487 400 500 .

166 644 216 702 95.
228 673 268 685 -
281 577 388 704 Oeno
401 644 445 696 est
458 633 542 712 juxta
555 633 595 695 D.
613 615 774 700 i'ltomem,
787 612 977 709 Sipuuculum
987 613 1134 701 Ecclesiae,

127 743 186 805 prro
198 722 326 783 traditur
332 719 469 782 ordinato
482 723 611 798 potestas
621 712 800 796 spirituales.
814 717 864 773 Est
877 713 914 774 dc
927 713 986 774 fide
1001 713 1136 774 ordinem

127 825 188 868 osse
204 813 419 866 sacramentum
429 848 439 879 ,
459 810 494 862 ut
505 807 584 881 petet
606 815 643 858 ex
660 798 746 858 Trid.
765 799 835 859 sesi.
850 799 900 869 23.
919 817 945 858 c.
960 800 989 858 5.
1006 799 1083 858 Nam
1104 799 1135 858 in

127 891 232 951 ordino
258 889 321 968 jam
349 889 541 967 reperiuntur
575 883 634 944 tria
665 883 806 960 requisita
829 883 865 942 ad
891 890 1135 954 sacramentum,

128 991 235 1052 nempe
251 976 369 1051 signum
385 981 540 1032 externum
550 1014 559 1041 ,
571 966 652 1046 quod
668 975 711 1028 est
723 968 871 1044 impositio
883 983 1025 1049 manuum
1037 987 1046 1044 ;
1057 966 1137 1025 insti·

128 1059 205 1118 tutio
219 1057 346 1129 Christi,
362 1066 452 1137 prout
466 1056 593 1116 babetur
605 1071 641 1111 ex
658 1054 727 1112 Lne.
741 1053 790 1111 Ἡ.
801 1052 863 1112 Hoc
884 1049 972 1129 facite
986 1051 1020 1111 tu
1038 1069 1136 1110 mcum

128 1142 448 1218 commemorationem
461 1150 490 1201 et
506 1137 662 1218 promissio
676 1136 794 1216 gratiae,
806 1146 840 1196 ut
849 1135 975 1198 habetur
985 1155 1022 1196 cx
1031 1138 1137 1220 sipost⁸¹

128 1229 158 1286 l.
172 1227 212 1286 ed
229 1226 304 1295 Tira,
322 1219 470 1286 Admoueo
492 1217 536 1295 t'c,
548 1230 584 1282 ut
598 1219 750 1282 resuscites
759 1221 909 1302 qratiam,
929 1238 995 1304 que
1007 1222 1040 1282 ia
1053 1229 1079 1282 te
1094 1227 1138 1283 est

127 1328 181 1389 per
193 1309 409 1392 impositionem
430 1326 576 1370 manuum
588 1324 735 1369 mearum,

167 1398 216 1456 id.
230 1429 269 1442 -
282 1396 390 1456 Diliert
413 1406 513 1456 eutem
537 1392 610 1454 ordo
634 1391 670 1452 ab
690 1393 886 1454 ordinatione.
909 1388 988 1454 Orda
1010 1397 1056 1453 est
1073 1394 1137 1472 ipse

128 1489 255 1557 potestas
267 1481 394 1558 tradite3
408 1473 558 1541 ordinatio
570 1475 642 1538 verb
652 1485 694 1538 est
704 1478 789 1554 aetio,
802 1477 863 1556 qud
872 1477 1030 1556 Episcopus
1039 1489 1138 1556 potes·

127 1576 217 1628 tatem
239 1567 341 1626 tradit.
358 1567 442 1625 Unde
457 1566 678 1643 presbyteratus
696 1573 740 1624 est
764 1573 981 1626 sacramentum
1000 1565 1032 1626 in
1049 1561 1136 1639 ficri,-

126 1651 237 1711 scilicct
248 1651 356 1709 ineetu
374 1648 588 1724 ordinationis,
606 1664 667 1706 non
681 1651 781 1708 autem
803 1649 835 1708 in
850 1649 1015 1724 iactoesse,
1026 1651 1138 1712 seilicet

126 1734 194 1796 etim
206 1736 272 1813 quis
285 1733 347 1811 jam
368 1733 520 1794 ordinatus
533 1741 588 1794 est.
607 1733 726 1813 Septem
745 1741 814 1794 sunt
827 1735 964 1806 ordines,
976 1736 1025 1808 alii
1040 1739 1136 1798 mino·

127 1838 188 1898 res,
204 1820 254 1880 elii
270 1818 409 1896 maiores.
424 1820 631 1880 bliuoreasunt
646 1828 796 1897 quatuor,
819 1835 926 1897 nempe
938 1819 1137 1894 Ostioriotum

128 1906 297 1966 doctoratus
310 1949 319 1976 ‚
334 1902 561 1976 anrcistotus,
577 1911 606 1963 et
616 1900 820 1984 acolythatus.
831 1903 1035 1980 Majoressunt
1057 1915 1136 1977 tres,

128 2008 238 2069 nempe
250 1988 503 2061 Saluidienum,
517 1988 701 2049 Diaeouotus
714 2032 722 2060 ,
734 1997 766 2048 at
777 1988 1011 2068 presbyteratus.
1027 1992 1139 2053 Praeter

127 2073 182 2134 bos
202 2075 394 2155 probabiliter
409 2075 510 2152 plures
531 2075 597 2133 llD.
622 2072 734 2131 addunt
765 2072 899 2131 ordinem
923 2072 1136 2153 Episcopatus,

128 2160 212 2219 etita
229 2158 348 2237 quidem
368 2158 455 2230 valde
469 2155 680 2235 probabiliter,
704 2166 733 2216 et
745 2153 932 2217 communitis
949 2166 1052 2221 tenent
1068 2159 1138 2221 Bel-

128 2241 217 2306 lurm.
230 2242 339 2305 Soncb.
358 2240 437 2305 [Iob.
455 2246 565 2304 Teura.
577 2241 720 2316 etc.,cdm
731 2242 793 2319 ipse
803 2241 1019 2303 rationabiliter
1031 2246 1137 2307 distin-

128 2328 269 2405 guatur'd
290 2328 495 2404 presbyteratu
522 2338 646 2406 propter
664 2326 832 2385 distinctam
849 2335 1045 2405 potestatem,
1070 2350 1138 2407 quae

128 2412 255 2469 traditur
266 2412 407 2485 Episcopo
420 2411 589 2470 conserendi
604 2412 670 2471 aliis
683 2418 860 2489 potestatem*
872 2412 1058 2473 consecrandi
1071 2432 1137 2475 cor·

127 2511 182 2571 pus
196 2492 302 2551 Christi
312 2502 359 2564 ,et
371 2492 541 2552 absolvendi
552 2492 676 2555 fidelesi
691 2496 814 2571 peccatis
824 2493 911 2574 (Vide
923 2493 945 2555 l.
955 2498 984 2556 6.
997 2516 1028 2557 tt.
1041 2500 1135 2578 758.).

167 2582 216 2640 rt.
230 2612 269 2623 -·
280 2580 380 2653 Quaer.
392 2581 417 2639 l.
431 2597 469 2638 en
490 2580 599 2659 singuli
622 2580 740 2641 ordines
755 2582 814 2643 sint
830 2588 1031 2642 sacramenta?
1050 2586 1136 2658 Quod

126 2664 323 2743 sacerdotium
341 2665 381 2725 sit
404 2676 640 2741 sacramentum,
661 2673 707 2725 cst
729 2665 766 2726 de
782 2665 853 2727 fide.
868 2666 954 2743 Qudd
969 2668 1059 2728 etiam
1073 2671 1137 2731 dia-

127 2758 247 2811 conatus
262 2758 483 2809 sacramentum
500 2750 562 2823 sit,
581 2756 767 2823 esteertum,
782 2751 833 2810 sed
846 2769 907 2811 non
919 2753 956 2811 de
966 2752 1034 2813 fide.
1050 2753 1137 2828 Qudd

127 2835 178 2895 alii
200 2840 298 2895 autem
323 2833 445 2897 ordines
468 2834 530 2894 sint
550 2833 647 2895 adhue
666 2845 869 2908 sacramanta,
888 2837 958 2895 satis
984 2838 1137 2915 probabile

127 2929 171 2979 est
189 2919 280 2980 cxl).
299 2915 417 2992 ritate,
438 2915 507 2979 crim
530 2918 692 2997 uuicuique
711 2920 809 2979 ordini
833 2920 976 2996 assignata
997 2920 1135 2985 videatur
1235 2914 1236 2921 ἵ

127 3005 250 3065 materia
260 3048 269 3078 ,
279 3012 310 3065 ει
323 3002 429 3065 lorma.
443 3004 552 3064 Omnes
573 3013 673 3065 autem
688 3014 799 3083 septem
821 3003 938 3063 ordines
950 3001 1045 3080 [juxta
1058 3003 1136 3070 bane

126 3087 315 3167 sententiam)
331 3106 426 3150 unum
444 3086 561 3148 tantdm
579 3096 795 3148 sacramentum
813 3086 999 3147 constituunt
1016 3106 1054 3148 ex
1065 3094 1135 3153 uni-

126 3179 186 3229 tate
204 3174 289 3247 linis,
309 3172 378 3235 edm
394 3172 503 3250 singuli
525 3174 585 3232 sint
606 3172 734 3233 ordinati
758 3172 794 3232 ud
814 3188 908 3231 unum
928 3173 1024 3233 missac
1046 3177 1137 3237 saeri-

126 3251 227 3312 ficium
238 3257 466 3330 conficiendum,
477 3263 507 3317 et
518 3273 619 3316 omnes
628 3265 836 3337 supponuntur
852 3256 981 3317 instituti
994 3256 1135 3321 aCbristo

127 3336 186 3393 illis
198 3336 295 3394 verbis
309 3360 317 3396 ε
329 3344 392 3402 Hoc
408 3340 497 3420 facite
507 3341 540 3401 ia
551 3357 647 3402 meam
660 3341 973 3405 eomruemorotioucut.
987 3345 1021 3405 la
1031 3343 1136 3404 ordine

127 3417 210 3511 enlm
212 3419 364 3480 sacerdotii
378 3426 429 3484 alii
438 3427 485 3486 vel
493 3428 683 3487 eontinentur
696 3428 881 3505 eminenter,
893 3437 927 3490 ut
939 3437 1009 3489 sunt
1016 3429 1134 3490 ordines

126 3498 288 3569 interiores,
303 3503 350 3560 vel
358 3520 572 3583 consequenter
578 3520 714 3589 respectu
725 3514 763 3573 ad
777 3516 995 3594 Episcopatum.
1008 3515 1135 3573 Verum·

126 3578 224 3635 tamen
246 3581 430 3654 probabilius
445 3599 490 3647 est
510 3593 584 3653 ulios
604 3596 722 3659 ordines
738 3596 858 3679 (praeter
877 3598 1134 3679 presbyteratum,
