2475 3975
121 165 179 226 362
310 161 447 243 Epitome
464 159 603 222 clactn'aa‘
619 157 741 220 vavorob's
762 167 791 219 et
810 163 958 222 cononice

121 269 208 331 ctiam
227 267 258 327 in
275 264 500 327 conservatoriis
517 263 708 342 degentibus,
723 260 844 341 captivis
859 263 892 322 in
903 279 1018 322 carcere
1030 262 1139 323 deten-

120 353 176 424 tis,
196 351 370 413 infirmitate
390 367 422 409 ae
440 357 589 409 senectute
606 347 775 427 impeditis,
789 347 928 408 omnibus
939 349 1029 408 etiam
1045 365 1136 426 regu
1225 357 1236 375 ⁸

120 437 231 498 laribus
245 436 365 497 facultas
378 433 464 496 datur
476 433 603 494 adhunc
616 432 770 508 ellectum,
786 439 819 492 ut
832 432 944 510 possint
956 433 1011 492 sibi
1023 433 1137 510 eligere

120 521 152 582 in
171 521 401 590 confessoriam,
424 519 486 578 sive
507 519 700 596 presbyteros
721 518 890 590 saeculares,
903 519 965 577 sive
982 518 1135 594 regulares

120 605 329 684 cujuscumque
353 603 466 664 ordinis
487 603 524 663 ad
546 603 742 663 confessiones
764 601 948 664 saecularium
970 601 1135 662 audiendas

120 691 312 769 approbatos;
327 685 343 747 i
362 687 469 765 quibus
490 687 601 747 absolvi
616 695 737 767 possunt
750 685 767 747 d
782 689 938 748 reservatis
951 689 1041 748 etiam
1059 706 1134 765 apo·

121 777 230 835 stolicoe
247 773 334 844 Sedi,
353 781 383 832 et
399 774 430 832 in
454 771 535 832 bulld
559 773 665 832 Coena.
680 772 753 832 Vult
773 781 896 844 minen,
916 782 949 832 ut
965 773 996 831 in
1014 789 1133 832 carcere

120 859 251 929 detenti,
273 875 402 935 quorum
423 857 592 917 criminales
611 875 703 916 causae
724 857 857 917 nondum
877 859 1020 918 conclusae
1039 865 1131 928 sunt,

120 952 297 1004 moneantur
322 941 360 1002 de
381 941 580 1019 obligatione,
601 941 659 1019 qod
683 948 840 1014 tenentur,
854 941 1003 1018 judicibus
1018 943 1133 1002 secula·
1234 952 1235 957 ’

120 1029 202 1089 ribus
220 1026 347 1106 juridice
369 1028 622 1106 interrogantibus
645 1028 798 1086 veritatem
817 1027 943 1104 aperire.

159 1113 231 1174 Vult
244 1115 349 1181 etiam,
365 1119 398 1170 at
415 1111 580 1170 confessarii
594 1109 636 1169 illi
654 1110 879 1182 dmonialibus,
901 1110 1034 1183 Oblatis,
1049 1111 1132 1172 aliis·
1234 1092 1236 1095 Ι

121 1215 179 1277 que
196 1199 301 1276 puellis
324 1195 498 1273 supradictis
520 1195 624 1266 electi,
645 1196 756 1272 possint
781 1195 949 1274 dispensare
970 1196 1001 1256 in
1019 1197 1133 1258 votisb

121 1283 299 1344 monialibus
321 1281 434 1340 emissis
457 1289 523 1358 post
545 1279 778 1358 professionem,
795 1299 924 1358 qaorum
946 1281 1132 1344 observantia

122 1385 190 1427 curn
202 1367 381 1445 professione
392 1365 528 1442 religiosi
541 1367 678 1442 componi
691 1373 796 1443 potest.
808 1367 911 1438 Quoad
921 1365 992 1427 verb
1006 1367 1134 1428 novitias

122 1452 306 1522 educandas,
333 1452 409 1508 sieut
431 1459 461 1508 ct
486 1449 582 1525 quoad
599 1449 758 1509 Tertiarias
773 1493 782 1522 ‚
798 1461 829 1510 ct
852 1452 885 1509 in
908 1453 1135 1512 conservatoriis

120 1533 275 1610 degentes,
294 1533 444 1602 coneedit,
469 1541 502 1591 ut
522 1533 635 1608 possint
655 1535 822 1594 confessarii
843 1534 1010 1613 dispensare
1032 1537 1132 1617 quoad

121 1629 208 1688 voto,
229 1617 317 1676 ctiam
334 1614 454 1691 jurata,
478 1617 607 1693 exeeptis
624 1617 791 1693 apostolieae
808 1619 875 1678 Sedi
891 1621 1057 1681 reservatis.

159 1703 223 1762 ntia
246 1701 334 1760 ctiam
356 1698 457 1769 bulla,
479 1715 545 1777 qaae
568 1699 673 1777 incipit
694 1702 831 1762 Pastoris
849 1702 973 1778 oetaaa',
997 1707 1134 1767 coneedit

121 1787 259 1866 apostatis
282 1796 312 1846 et
330 1785 461 1864 fugitivis
481 1783 693 1863 cujuscumque
706 1787 839 1859 ordinis,
857 1789 909 1865 qui
932 1788 1005 1848 citra
1018 1801 1136 1852 montes

119 1873 199 1932 intra
219 1881 367 1950 quatuor,
389 1875 419 1928 et
441 1869 518 1929 ultra
540 1879 656 1930 montes
678 1871 756 1930 intra
778 1878 843 1930 octo
864 1890 979 1932 menses
996 1871 1013 1932 b
1033 1876 1135 1952 publi-

120 1958 236 2019 catione
253 1957 413 2037 (publicata
432 1963 475 2015 est
496 1953 545 2014 dic
564 1956 602 2015 rb
619 1953 749 2032 januarii
772 1956 873 2032 illiti.)
890 1956 1024 2032 ejusdem
1044 1960 1135 2024 bullar

121 2043 264 2104 redierint
288 2041 324 2101 ad
343 2056 426 2101 suam
448 2040 645 2117 religionem,
660 2040 861 2100 remissionem
876 2042 1012 2101 omnium
1031 2062 1136 2122 poena.

122 2146 191 2188 ram
217 2135 339 2207 propter
365 2125 538 2204 apostasiam
565 2127 750 2186 incursorum
771 2131 801 2184 ct
822 2122 1077 2202 infligendarum,
1105 2143 1135 2193 et

123 2212 244 2291 insuper
260 2210 485 2290 impunitatem,
496 2210 660 2271 dummodo
673 2228 769 2269 coram
784 2212 936 2287 superiore
946 2228 1000 2271 suo
1014 2214 1135 2292 culpam

123 2297 337 2375 deprecentur,
358 2305 388 2354 ct
410 2295 447 2353 ab
465 2312 500 2355 co
522 2295 734 2355 absolutionem
754 2294 916 2355 obtineant.
1234 2343 1236 2370 ,

161 2381 277 2440 lubilaei
297 2380 427 2437 extensio
445 2396 499 2457 per
514 2382 686 2439 nniversam
709 2379 812 2441 orbem
834 2381 873 2439 ita
893 2379 967 2439 facta
983 2390 1037 2441 est.
1051 2385 1135 2445 lutra
1234 2381 1236 2445 i

122 2482 172 2523 sex
193 2481 307 2523 menses
326 2462 555 2541 bpablioatione
574 2465 664 2525 bullae
684 2483 746 2524 suae
774 2465 943 2543 incipientis
952 2465 1136 2531 Benedictus

123 2551 220 2628 Deae,
241 2546 258 2608 b
278 2548 493 2627 publicatione,
517 2550 656 2627 inquam,
674 2550 706 2608 in
721 2548 984 2627 quilibetlfcclesid
1000 2550 1137 2616 facienda

124 2632 256 2695 concedit
279 2634 413 2695 Pontifex
435 2632 590 2707 jubilaeum
618 2634 710 2693 instar
732 2634 877 2702 Romani,
902 2632 981 2711 quod
1003 2634 1137 2698 obtineri

94 2719 98 2740 ¹
124 2722 212 2780 etiarn
231 2718 267 2777 ab
288 2718 323 2776 iis
349 2718 459 2793 possit,
482 2720 534 2795 qui
556 2737 634 2778 anno
658 2718 834 2797 precedenti
854 2715 916 2792 jam
937 2718 1037 2777 aomae
1056 2720 1136 2782 illud

124 2802 226 2865 lucrati
243 2802 371 2860 fuerant.

97 2888 101 2935 ἶ
162 2884 366 2966 Deputandam
386 2883 458 2945 verb
478 2884 567 2945 edicit
586 2886 623 2944 ab
635 2886 802 2945 ordinariis
823 2886 957 2946 locorum
973 2887 1135 2949 Ecclesiam
1227 2892 1236 2922 ‘¹

124 2972 326 3036 Cathedralem
338 3014 347 3043 ‚
360 2986 410 3031 seu
425 2968 569 3047 maj0rem
586 2970 717 3046 ejusdem
735 2970 861 3030 civitatis
875 2988 943 3039 cum
958 2970 1023 3030 aliis
1037 2972 1138 3034 tribus
1234 2967 1235 2990 ;

124 3058 257 3137 ejusdem
276 3056 420 3131 civitatis,
443 3072 494 3115 seu
516 3056 592 3133 loci,
616 3056 678 3114 sive
699 3054 932 3127 suburbiorum,
957 3072 1029 3132 qaas
1050 3064 1139 3117 tene-
1201 3105 1205 3110 .

90 3172 92 3179 ·
124 3151 213 3202 antur
234 3141 334 3202 fideles
359 3140 448 3202 semol
471 3140 574 3201 saltem
594 3142 626 3201 in
649 3141 700 3199 die
716 3156 770 3217 per
791 3140 958 3219 quindecim
979 3139 1042 3199 dies
1061 3158 1138 3201 eon·

124 3227 241 3297 tinuos,
252 3228 298 3285 vel
310 3226 502 3305 interpolatos
519 3226 656 3297 visitare,
667 3225 717 3284 die
733 3226 847 3303 inceptd
860 3224 876 3283 b
889 3223 993 3303 primis
1004 3228 1137 3304 vesperis

123 3310 181 3368 diei
207 3311 398 3385 praecedentis
428 3328 520 3389 usque
547 3310 584 3369 ad
609 3310 812 3388 vespertinum
839 3307 1045 3388 crepusculum
1071 3309 1136 3372 diei

118 3392 289 3465 sequentis,
305 3394 355 3453 ubi
372 3406 459 3455 orent
482 3395 571 3456 nrodo
590 3406 743 3455 consueto.
1124 3427 1129 3433 ·

160 3474 351 3565 Navigantes,
372 3486 402 3535 et
413 3479 470 3538 iter
490 3490 626 3557 agentes,
649 3482 702 3541 etsi
720 3479 882 3553 redierint,
899 3478 997 3557 elapso
1014 3476 1134 3555 jubilaei

120 3552 249 3642 termino
259 3568 273 3627 ,¹
285 3557 322 3616 ad
336 3574 387 3617 saa
407 3560 578 3639 domicilla,
602 3584 655 3627 sca
676 3564 734 3626 alib
754 3563 933 3625 diverterint
957 3562 995 3623 ad
1016 3571 1131 3626 certam
