2475 3975
436 154 482 219 De
500 154 719 219 ccccccccrila.
1043 160 1082 223 67

104 264 157 325 66.
177 260 280 321 Plures
295 258 361 320 DD.
376 246 622 336 censentpr'iml,
633 266 685 317 aut
699 257 903 321 secundariae
914 259 990 323 bene
1001 260 1081 323 bunc

69 347 180 408 absolvi
194 361 295 424 posse,
313 342 367 421 qui
385 348 430 403 est
443 342 475 402 in
491 343 644 403 occasione
655 344 789 421 proxima
808 342 878 404 licet
894 345 1078 421 voluntaria,

68 434 155 492 ctiam
174 437 335 506 antequam
349 426 464 487 occasio
476 426 645 502 calecatum
660 425 749 487 modo
761 426 882 487 liranum
894 426 999 489 babeat
1009 447 1079 508 pro·

66 519 215 595 positum,
236 522 268 573 et
288 512 447 591 promittat
465 528 497 571 se
517 511 599 571 illam
620 512 720 573 statim
742 519 941 573 remotorum.
955 512 1013 573 Sed
1030 511 1078 575 bic

66 606 184 679 oportet
198 597 385 674 distinguere
400 612 467 657 cum
479 592 866 677 coarctaremur
881 599 1078 659 instructione

63 682 248 745 confessariis
270 680 308 741 ab
330 697 368 741 co
389 679 508 758 tradita)
529 680 694 743 occasiones
712 699 779 758 quae
796 689 870 743 scat
892 680 928 742 in
949 698 1029 755 cate,
1046 690 1077 742 et

63 771 229 831 occasiones
250 782 319 844 quae
334 782 397 825 coa
408 772 481 826 sunt
495 767 529 826 io
542 782 613 826 esse.
627 765 746 825 Occasio
758 784 825 844 quaa
839 774 883 829 cat
894 766 929 827 in
941 784 1018 841 ctae,
1032 774 1076 827 cst

13 892 14 897 κ
63 872 105 914 ιιι.
124 872 172 932 gr.
194 850 266 911 calm
280 849 390 927 'aliquis
408 850 605 910 concubinam
623 849 705 909 domi
727 850 861 923 detinet,
878 852 926 912 vel
944 850 1013 913 caim
1026 851 1076 913 ali·

62 957 116 1015 qua
132 936 247 997 famula
269 936 417 997 consentit
431 934 549 1012 quotics
568 941 701 994 tentatur
720 932 738 992 t
755 934 897 1008 domiuo,
908 934 1072 997 etaimilia.

59 1022 177 1081 Occasio
199 1028 302 1079 autem
323 1036 390 1097 qua
405 1036 467 1079 ιιοιι
487 1024 531 1079 est
550 1018 586 1077 ιἰι
604 1033 684 1092 etse,
704 1024 750 1077 est
768 1034 804 1077 ex
817 1035 865 1094 gr.
880 1017 950 1079 ciam
962 1020 1029 1097 quie
1041 1020 1073 1079 in

60 1106 128 1165 ludo
149 1102 325 1183 prorumpit
349 1103 382 1163 in
405 1100 623 1181 blasphemias,
637 1110 691 1162 aut
710 1102 857 1163 rermndo
875 1102 907 1163 iu
928 1104 1074 1181 caupoaio

60 1190 227 1269 prolabitur
245 1188 279 1247 in
296 1188 375 1247 rixas
391 1196 422 1248 et
441 1186 614 1262 ebrietates,
629 1196 681 1247 aut
699 1186 866 1249 accedendo
884 1188 922 1248 ad
938 1186 1073 1247 convivia

62 1274 163 1335 incidit
188 1274 223 1333 in
245 1270 336 1333 verba
360 1280 392 1332 ct
415 1272 608 1351 cogitationes
630 1280 744 1352 turpes.
761 1273 812 1332 llis
830 1273 951 1352 positis,
969 1270 1074 1333 dieen-

60 1360 149 1429 dum,
173 1356 258 1437 qubd
281 1358 313 1417 in
342 1357 541 1418 occasionibus
564 1376 632 1435 quae
655 1376 719 1418 coo
737 1365 810 1418 scot
831 1356 866 1417 ιἰι
888 1374 970 1431 esse,
993 1354 1073 1418 recte

13 1468 14 1507 3
57 1444 185 1505 docet-S.
205 1438 332 1503 Carolus
352 1440 434 1519 qudd
447 1442 603 1520 poenitenti
623 1442 712 1503 firme
731 1442 917 1521 promittenti
932 1442 1013 1503 soab
1028 1443 1084 1503 els-

13 1562 15 1597 a
59 1530 225 1598 abstinere,
245 1536 344 1605 potest
363 1528 391 1587 ci
410 1525 595 1600 semel,bis,
615 1535 652 1589 et·
667 1527 757 1589 etiam
769 1536 818 1589 ter
828 1527 975 1589 absolutio
987 1528 1071 1603 dari,

13 1608 14 1651 ἓ
57 1613 133 1691 qubd
152 1616 179 1675 si
199 1612 307 1679 deinde
326 1612 377 1672 illc
400 1612 582 1673 occasionem
601 1630 663 1674 oon
682 1612 797 1688 ansas,
812 1621 845 1675 et
861 1613 966 1675 eodem
980 1612 1070 1675 modo

55 1710 169 1777 peccat,
199 1716 260 1761 non
287 1704 389 1777 polest
409 1696 542 1772 absolvi,
567 1699 626 1759 nisi
650 1697 735 1778 priuis
762 1700 944 1761 occasionem
969 1716 1069 1761 remo·

58 1795 131 1845 ucat.
146 1786 183 1845 ln
203 1780 405 1844 occasionibus
424 1791 522 1845 autem
545 1800 611 1861 quaa
629 1791 703 1844 suot
719 1784 754 1843 io
773 1801 852 1858 esce,
873 1800 941 1844 cum
964 1782 1069 1845 eodem

13 1928 14 1935 ,
57 1869 87 1929 S.
104 1867 214 1931 Corum
229 1866 353 1928 omnino
369 1868 500 1945 neganda
517 1876 562 1927 est
577 1867 742 1938 absolutio,
754 1869 812 1929 uisi
824 1869 936 1929 occasio
949 1866 1070 1947 procssis

59 1953 221 2016 auferatur.
237 1952 378 2030 llancque
395 1952 573 2014 sententiam
592 1950 757 2030 (ordinarie
774 1952 934 2034 loquendo)
944 1951 1067 2014 omnlnd

13 2065 14 2114 3
57 2040 214 2100 tenendam
236 2037 455 2116 probavimus
446 2057 478 2099 in
500 2039 579 2100 libro
593 2037 670 2117 (tit.
684 2041 714 2099 6.
728 2057 762 2100 ιι.
775 2038 870 2117 lbi..)
881 2040 983 2109 ilatio,
998 2037 1069 2114 quia

58 2124 118 2184 talis
138 2123 292 2204 poenitcns
309 2129 354 2181 est
372 2122 561 2201 indispositus
574 2123 611 2182 ad
625 2123 859 2194 absolutionem,
871 2124 898 2186 si
910 2130 991 2198 petat
1002 2139 1067 2180 cam

60 2217 214 2288 antequam
237 2223 418 2268 occasionem
430 2215 599 2282 removeat
617 2207 728 2281 etenim
748 2224 815 2265 eam
834 2203 1023 2283 recipiendo,
1034 2222 1067 2264 se

58 2291 190 2357 immittit
207 2292 240 2352 in
263 2292 434 2368 proximum
449 2291 616 2388 periculum
633 2290 788 2370 frangendi
805 2290 1013 2388 propositum,
1036 2299 1067 2352 ct

57 2376 94 2436 sic
115 2374 330 2438 remanendi
320 2395 353 2437 in
374 2377 478 2438 eadem
498 2374 660 2437 occasione.
681 2373 796 2438 Clarius
819 2376 967 2437 rationem
988 2373 1065 2438 hauc

59 2463 246 2539 explicemus.
257 2460 350 2522 Porrb
366 2460 533 2524 mortaliter
552 2469 651 2540 peccat
661 2461 714 2542 qui
725 2470 771 2522 est
785 2463 819 2524 in
830 2462 982 2524 occasione
994 2479 1065 2541 pro-

57 2545 128 2610 xima
144 2546 338 2619 uoluntaria,
359 2554 390 2606 et
407 2563 473 2607 eam
496 2564 557 2608 non
581 2547 682 2621 tollit,
701 2546 771 2609 ciam
792 2555 894 2611 autem
913 2565 988 2624 opus
1006 2547 1064 2609 tol·

57 2627 130 2692 leudi
153 2631 340 2695 occasionem
361 2633 402 2692 sit
423 2629 552 2694 maxime
576 2631 725 2704 arduum,
744 2641 777 2692 ct
799 2650 862 2693 non
884 2632 1060 2708 impleatur,

56 2714 106 2776 nisi
123 2734 179 2794 per
196 2733 335 2794 magnam
346 2715 547 2790 uiolentiam,
565 2713 717 2777 benevim
728 2715 889 2777 difficulter
901 2715 959 2775 sibi
975 2715 1064 2776 inlert

13 2813 14 2818 ¹
34 2863 37 2876 Ι
56 2798 101 2874 qui
116 2797 181 2877 jam
199 2809 244 2861 est
263 2799 432 2876 absolutus,
454 2799 528 2863 dclm
547 2799 646 2861 ablato
667 2802 775 2862 timore
794 2802 858 2862 sinc
878 2799 1063 2862 absolutione

56 2883 246 2956 remanendi,
267 2885 306 2945 dc
322 2885 400 2946 sacili
420 2885 476 2947 sibi
500 2884 637 2947 suadebit
653 2885 735 2964 quod
755 2886 912 2947 tentationi
928 2885 1063 2960 resistet,

56 2967 123 3042 quin
145 2970 329 3030 occasionem
352 2971 482 3045 auferat,
503 2977 532 3031 et
551 2971 594 3032 ita
618 2971 659 3032 in
669 2990 703 3032 ca
722 2971 890 3043 manando,
903 2967 1062 3046 correqui-

56 3049 118 3112 dem
140 3053 275 3129 reeidct3
295 3063 385 3132 prout
403 3054 535 3155 qpotidie
555 3056 760 3136 experimento
782 3054 974 3134 probatoria
994 3055 1062 3133 pilu-

58 3135 133 3198 ribus
151 3139 369 3217 poenitentibus
385 3142 437 3220 qui
459 3141 559 3220 carpta
576 3141 761 3203 absolutione
781 3141 818 3207 ab
836 3139 936 3216 aliquo
949 3141 1061 3201 conses-

58 3221 128 3280 sario
146 3220 254 3303 pariam
269 3232 373 3297 cauto,
390 3225 513 3286 minime
532 3236 632 3304 postea
649 3225 808 3286 attendunt
827 3225 865 3284 ad
878 3227 1059 3292 occasionem

58 3307 281 3380 remanendum,
306 3316 337 3368 et
358 3310 457 3370 statim
476 3307 607 3370 deteriirs
626 3310 813 3369 relabuntur.
832 3309 908 3370 Hine
930 3310 1061 3370 diximus

59 3384 1061 3494 qubdpropterpraedictumpericulumlrapgendipropositummor·

58 3472 149 3534 taliter
161 3483 262 3553 peceat
273 3481 419 3580 paenitens
429 3480 480 3558 qui
493 3489 560 3540 unte
569 3479 765 3540 remotionem
775 3479 933 3540 occasionis
942 3477 1059 3537 absolu·

58 3552 160 3618 tionem
175 3561 268 3637 petit,
279 3572 309 3623 et
320 3562 438 3642 gratius
449 3568 549 3642 peccat
559 3563 751 3624 confessarius
761 3582 813 3644 qui
805 3564 910 3624 illum
920 3560 1057 3622 absolsit.
