2475 3975
382 220 432 285 Ec
446 219 580 304 operibus
594 218 745 283 Boterdicti
753 220 843 284 XIV.
1058 218 1111 285 591

149 326 298 389 Sacerdoti
308 327 340 389 in
351 325 511 387 sacristiam
526 324 590 403 jam
605 325 743 387 restituto
760 333 827 404 post
844 324 982 396 missam,
999 332 1028 387 et
1041 343 1115 385 non·

109 411 185 473 dum
192 412 281 473 sacris
293 411 423 473 vestibus
434 418 540 482 exuto,
556 408 735 471 absumenda
748 419 818 470 sunt
827 410 1004 489 fragmenta,
1017 412 1116 487 sique

108 496 271 559 adverterit
289 496 464 566 remansisse
475 495 507 556 in
519 494 636 573 patena.
649 494 678 555 Si
697 492 770 555 verit
789 512 884 555 sacras
904 504 998 555 vestes
1013 494 1114 566 exuit,

107 582 258 660 ,quidquid
270 579 480 660 superfuerit&
499 578 662 652 sacrificio,
683 580 887 657 reponendum
908 588 951 645 εει
966 580 997 639 in
1019 579 1116 639 taher-

109 668 235 747 naculo,
257 665 282 725 si
301 666 378 726 adsit
399 686 407 724 ε
431 665 477 725 sin
508 663 627 736 mimis,
655 664 701 725 vel
727 682 788 725 non
816 666 902 725 liceat
935 665 998 725 sine
1019 664 1117 741 aliqua

108 750 306 811 admiratione
334 750 463 830 populi,
487 748 704 811 absumendum
724 758 779 809 est.
803 750 847 809 lta
872 768 908 810 ex
928 752 960 811 S.
992 747 1115 811 Thomd.

110 834 157 898 lh.
178 854 210 895 n.
233 838 261 896 h.

149 920 283 980 Peccaret
296 920 425 999 graviter
442 917 593 990 sacerdos,
607 918 632 977 si
643 916 769 979 hostiam
780 918 811 977 in
822 919 908 979 missal
921 927 1117 980 consecratam

109 1014 268 1083 reponeret
278 1004 311 1064 in
330 1003 534 1075 tabernaculo,
549 1010 581 1063 et
602 1000 665 1079 ejus
680 1002 745 1064 loco
763 1011 893 1063 sumeret
911 1000 1037 1063 hostiam
1054 1020 1119 1079 quae

109 1090 143 1150 in
157 1088 260 1150 eodem
274 1087 463 1149 tabernaculo
481 1098 566 1149 antea
582 1088 800 1150 continebatur.
819 1090 862 1149 lta
881 1090 1046 1149 excanone
1064 1088 1119 1148 lie·

108 1170 405 1248 tatammaooasecr.
417 1172 548 1235 distinct.
565 1176 612 1237 ll.
629 1175 674 1235 lh.
691 1192 723 1235 n.
737 1176 767 1235 8.

150 1259 290 1320 Sacerdos
303 1260 470 1328 celebrans,
485 1259 510 1318 si
532 1257 640 1320 habeut
659 1257 786 1319 hostiam
807 1259 890 1337 parvi
914 1258 1044 1330 moduli,
1057 1276 1119 1317 me·

116 1343 176 1406 liris
186 1344 313 1414 faceret,
324 1344 347 1403 si
358 1344 501 1423 populum
514 1342 642 1415 doceret,
651 1344 865 1415 nominaretur,
876 1345 900 1402 si
909 1344 989 1403 illam
1001 1342 1119 1402 adhibet

113 1445 173 1508 pro
191 1426 319 1504 majori,
335 1446 401 1507 quaa
411 1437 483 1489 tune
492 1445 552 1487 non
562 1428 691 1507 suppetit
706 1427 824 1506 3poti1is
834 1426 923 1507 quam
937 1436 1039 1487 untur
1052 1444 1120 1487 sen-

112 1513 207 1575 tentia
219 1514 407 1591 aliquorum,
421 1513 472 1590 qui
486 1522 626 1586 censent,
644 1530 727 1592 posse
746 1520 816 1572 tunc
835 1510 988 1573 extrahere
1000 1510 1017 1571 ὸ
1031 1514 1122 1572 taber·

114 1598 219 1659 naculo
239 1595 366 1658 hostiam
387 1596 631 1675 majoremque
650 1596 726 1659 forte
747 1597 790 1658 ibi
813 1596 913 1671 adest,
934 1604 964 1657 et
980 1596 1121 1659 adhihere

108 1683 196 1745 rllam
206 1680 243 1742 ad
257 1683 459 1743 elevationem.
474 1683 519 1742 lh.
536 1702 567 1743 n.
584 1685 615 1743 9.

151 1767 182 1826 Si
195 1764 388 1845 pyxishostiis
398 1766 496 1843 parvis
508 1768 593 1843 plena
607 1766 644 1825 sit
655 1782 786 1841 presens
796 1767 947 1825 moraliter
958 1767 1119 1843 sacerdoti,

111 1849 440 1927 sednonlucritapcrta
449 1858 516 1909 ante
526 1850 705 1910 oblationem
716 1850 1122 1922 etconsccrationem,illieith

114 1936 237 2018 quidem
250 1933 281 1995 id
295 1932 397 2010 ficret,
410 1934 460 1995 sed
472 1933 539 1995 cuim
557 1933 711 1996 moraliter
727 1950 854 2012 praesens
875 1943 950 1995 essct
966 1936 1121 2008 sacerdoti,

115 2022 213 2084 valida
235 2029 311 2082 esset
337 2021 535 2098 consecratio,
557 2019 638 2098 quod
659 2037 764 2080 verum
782 2026 847 2091 est,
868 2020 983 2080 etiamsi
1003 2020 1122 2100 quando

115 2107 316 2180 consecravit,
330 2114 397 2166 actu
412 2105 458 2182 ,dc
479 2106 632 2183 particulis
651 2122 711 2165 non
734 2105 885 2184 cogitaret.
906 2105 1024 2164 Moralis
1051 2102 1122 2165 verh

115 2192 312 2272 presentiam
324 2189 433 2253 dieitur
443 2234 452 2263 ,
463 2189 531 2252 cuim
542 2191 582 2250 ita
593 2207 722 2268 praesens
734 2199 779 2249 est
790 2197 823 2248 ut
831 2189 976 2249 verificari
986 2206 1123 2251 censean-

116 2289 168 2341 tur
179 2277 229 2337 illa
242 2277 331 2337 verba
343 2276 446 2336 sormoe
463 2274 516 2337 hoc
535 2277 584 2336 vel
597 2273 656 2336 hic.
669 2274 714 2335 lh.
726 2293 789 2352 cap.
802 2275 850 2334 18.
863 2293 894 2334 n.
909 2276 938 2334 ⁶2.
952 2284 982 2335 ει
996 2277 1025 2335 5.

118 2411 123 2419 .
155 2362 186 2423 Si
201 2361 351 2441 particule
363 2360 525 2421 afferantur
535 2361 572 2420 ad
585 2360 677 2424 altare
688 2367 755 2438 post
766 2367 912 2438 peractam
925 2359 1122 2429 oblationem,

117 2465 179 2511 non
200 2447 288 2508 dehet
308 2446 441 2508 sacerdos
462 2446 527 2505 illas
547 2463 716 2506 consecrare
737 2445 800 2506 sine
820 2445 951 2524 legitima
968 2446 1072 2519 causa,
1091 2454 1125 2506 ut

117 2536 142 2596 si
164 2550 270 2612 magna
287 2529 448 2591 multitudo
471 2529 596 2610 populi,
619 2537 719 2608 parata
739 2529 776 2590 ad
795 2529 993 2610 recipiendam
1012 2529 1124 2591 Eucha-

118 2619 252 2687 ristiam,
271 2615 340 2675 aliis
357 2624 470 2676 careret
484 2623 683 2691 sacrament03
695 2621 766 2675 tunc
778 2612 847 2674 verh
859 2615 992 2675 sacerdos
1005 2615 1125 2675 deberet

119 2701 202 2784 priris
222 2701 288 2761 illas
310 2707 378 2758 ante
402 2701 650 2760 consecrationem
676 2708 775 2759 ments
795 2697 913 2760 offerre.
938 2701 1039 2778 Coepto
1062 2698 1124 2776 jam

118 2791 257 2859 canone,
276 2786 300 2845 si
320 2784 460 2844 afferatur
482 2785 645 2862 particula,
663 2803 725 2845 non
744 2794 787 2845 est
803 2785 994 2845 consecranda
1008 2829 1017 2856 ,
1030 2803 1127 2863 neque

119 2890 176 2954 pro
192 2869 414 2931 dandoViatico
434 2869 571 2941 infirmo,
587 2879 659 2929 tunc
678 2870 758 2930 enim
780 2869 943 2942 sufficeret,
957 2871 981 2930 si
994 2871 1127 2932 sacerdos

119 2975 156 3019 cx
170 2956 223 3016 sua
238 2953 335 3015 hostia
357 2972 476 3032 parvam
495 2955 662 3034 portionem
680 2965 838 3034 separaret.
855 2955 899 3014 lh.
916 2973 947 3014 n.
966 2957 994 3014 5.

159 3040 190 3101 Si
203 3037 280 3100 sorte
293 3040 462 3116 contingat,
475 3048 509 3099 ut
522 3039 606 3118 pyxis
626 3039 772 3098 deleratur
789 3039 826 3097 ad
842 3040 948 3112 altare,
964 3057 1019 3099 nec
1032 3057 1126 3101 sacer-

121 3123 174 3186 dos
194 3124 276 3184 illam
293 3123 444 3194 advertat,
467 3123 599 3200 adeoque
621 3124 770 3200 proferens
788 3123 877 3183 verha
901 3127 1128 3187 consecrationis

121 3206 197 3270 nihil
218 3207 325 3286 cogitet
342 3205 379 3265 de
400 3207 526 3284 pyxide,
543 3216 615 3266 tunc
640 3208 742 3286 utique
758 3207 782 3265 si
801 3207 886 3286 pyxis
906 3225 966 3268 non
988 3210 1027 3268 sit
1040 3227 1126 3287 supra

119 3300 237 3374 petram
253 3309 384 3364 sacram,
401 3309 462 3352 non
486 3300 623 3352 censetur
640 3292 767 3353 voluisse
785 3290 918 3352 sacerdos
937 3309 1128 3370 consecrare3

121 3377 232 3454 alioqui
256 3376 335 3436 enim
361 3384 530 3435 conseretur
554 3377 682 3436 voluisse
704 3373 802 3448 istud,
823 3375 903 3452 quod
925 3376 979 3435 sihi
992 3375 1129 3435 illicitum

110 3470 178 3544 cst.
197 3461 339 3534 Quamvis
363 3459 433 3521 vero
453 3461 513 3520 sint
532 3461 597 3519 DD.
618 3461 670 3537 qui
691 3461 872 3520 contrarium
898 3464 1038 3526 censent,
1061 3457 1130 3518 crim

124 3558 224 3609 tamen
236 3545 269 3607 in
281 3546 469 3606 sacramentis
482 3545 666 3604 conferendis
686 3545 767 3620 sequi
789 3552 942 3602 teneamur
958 3538 1128 3614 opinionem

123 3631 284 3707 tutiorem,
305 3630 408 3693 relicta
429 3629 598 3719 probabili,
614 3627 681 3691 ideo
697 3628 729 3691 iu
742 3643 777 3690 eo
800 3643 866 3688 casu
888 3621 1042 3700 particulas
1065 3623 1130 3681 illas
