2475 3975
97 137 159 202 rto
340 135 478 196 Excutere
492 131 737 199 ordinandorum.
756 130 829 212 cop.
842 133 871 194 5.

96 238 186 302 sionis
200 237 287 318 Papa
304 246 480 308 reservate,
506 236 533 298 si
549 244 593 296 est
610 234 755 307 clericus,
782 242 811 294 et
826 231 1107 312 excommunicatio·

96 321 161 395 nis,
172 321 197 382 si
210 322 301 383 laicus
314 366 322 394 ,
336 329 371 381 ut
384 320 509 381 babetur
519 320 551 380 in
562 319 645 379 Bulla
661 319 782 394 Quanto
792 335 864 408 cuge
874 361 882 388 ‚
893 315 1003 380 Bened.
1013 319 1106 380 XIV.

95 407 132 467 ttt
150 423 218 484 pars
229 413 343 467 retenta
362 414 434 466 tune
444 404 531 464 debet
552 403 692 476 restitui,
712 411 743 464 et
765 399 948 481 probabiliais
962 401 1107 475 sacerdoti

96 490 256 551 celebranti
273 487 390 570 potiris,
409 487 498 566 quim
510 487 701 566 pauperibus.
716 488 823 566 Excipe
839 486 896 546 nisi
908 485 1018 566 pingue
1032 485 1109 548 illud

97 575 278 654 stipendium
295 574 384 634 detur
399 573 486 632 alicui
501 573 618 633 ratione
640 589 797 650 persone,
816 571 864 632 vel
880 569 1035 648 beneficii,
1056 579 1108 633 aut

97 659 266 736 capellaniae
285 657 387 736 (etiem
408 657 605 735 emovlbilisl,
617 655 667 718 vel
685 655 772 734 legati
785 655 941 734 perpetui,
955 655 1025 734 quia
1036 662 1109 718 tunc

97 750 193 822 potest
205 759 328 819 persona
342 737 514 818 hujusmodi
530 749 644 819 partem
655 739 844 804 excedentem
855 740 994 800 retinere.
1005 738 1108 808 Admi-

97 826 268 887 nistratores
281 834 381 886 autem
393 825 587 886 Ecclesiarum
607 842 643 884 ex
657 825 745 885 Decr.
766 825 847 904 sacr.
868 825 976 904 Congr.
999 823 1108 904 coniic-

97 917 177 970 mato
189 909 226 972 ab
239 911 344 971 luaoc.
355 911 434 972 XII.
446 910 490 970 nil
506 919 630 990 possunt
643 911 775 971 retinere
788 952 797 981 ‚
810 926 865 972 nec
880 908 970 968 etiam
986 925 1041 988 pro
1057 927 1109 970 ex·

98 996 197 1075 pensis
206 995 239 1056 in
250 995 448 1066 celebratione
460 995 700 1067 blissarum,nisi
711 993 835 1056 Ecclesia
847 992 920 1055 alios
932 1011 994 1054 non
1004 982 1111 1058 habeat
1236 1025 1237 1036 ι

99 1079 213 1142 reditus
225 1078 313 1160 (Vide
327 1076 379 1142 lib.
393 1083 423 1142 6.
440 1099 471 1141 a.
485 1081 555 1140 ert.
569 1089 599 1139 et
618 1079 712 1162 522).
724 1079 802 1140 Vide
824 1075 886 1143 hece
902 1085 934 1139 et
950 1078 1110 1162 aliefusids
1236 1121 1237 1142 ι

100 1165 178 1228 dicta
190 1167 229 1228 de
238 1165 386 1246 stipendio
399 1167 493 1226 ldissae
503 1165 535 1226 in
546 1163 598 1226 lib.
611 1164 663 1226 eit.
682 1185 715 1226 ιι.
729 1166 798 1226 tet.
812 1171 912 1244 etseq.

149 1253 218 1314 tue.
229 1282 269 1297 -·
283 1249 406 1312 Parocbi
423 1269 460 1312 ex
481 1250 564 1310 Bnlla
578 1240 591 1324 ,'
609 1249 684 1310 Com
702 1267 839 1332 seraper,
858 1247 997 1326 ejusdem,
1013 1251 1111 1326 Bene·
1236 1213 1237 1248 ἒ

100 1333 173 1398 dicti
181 1339 274 1399 XIV.
287 1381 296 1410 ,
310 1344 450 1398 tenentur
463 1336 611 1417 applicare
633 1337 752 1400 Missam
777 1353 832 1416 pro
847 1335 957 1414 populo
973 1336 1112 1398 omnibus
1236 1369 1237 1378 ι

100 1420 205 1482 diebus
214 1421 468 1494 festivis,etiamsi
476 1440 637 1501 congruum
648 1421 710 1484 nori
719 1420 845 1495 habeant
854 1420 1112 1499 sustentationem.

101 1506 132 1567 si
144 1504 215 1565 vend
227 1507 351 1584 pingues
366 1505 477 1566 habent
493 1506 623 1576 reditus,
648 1523 709 1565 non
732 1513 874 1572 tenentur
889 1495 995 1584 sepitis
1012 1506 1114 1566 Missas

101 1587 308 1668 applicore3ut
319 1588 460 1648 ineadem
470 1589 553 1649 Bulla
566 1589 733 1649 declaratur
744 1587 806 1672 (tit.
820 1593 850 1650 6.
860 1594 892 1672 ιι.
905 1590 1115 1670 debelath).

102 1671 155 1748 liic
167 1681 266 1733 autern
289 1668 386 1733 obiter
399 1673 564 1734 notandum
577 1717 585 1742 ,
598 1671 681 1758 qued
704 1674 737 1736 in
754 1676 859 1748 eadem
884 1675 967 1756 bulla
979 1677 1116 1738 Pontifex

101 1755 248 1830 decrevit,
262 1765 297 1817 ut
309 1757 395 1817 Missa
409 1757 633 1831 conventualis,
653 1777 721 1840 quoe
740 1760 863 1840 singulis
876 1761 980 1822 diebus
999 1761 1116 1821 canitur

100 1831 225 1931 dolero,
246 1860 301 1921 pro
323 1841 560 1905 benclactoribus
580 1843 767 1923 applicetur,
789 1843 975 1924 respiciendo
997 1843 1117 1904 boneia·

103 1936 197 1989 ctores
209 1927 241 1988 in
256 1945 365 2009 genere
380 1926 592 2010 cujuscumque
604 1927 763 2012 Ecclesiae,
784 1929 888 2011 quevis
900 1929 1116 1998 consuetudine

104 2032 165 2075 non
179 2012 314 2078 obstante
325 2010 358 2092 (l.
371 2032 397 2073 c.
414 2031 446 2073 ιι.
462 2013 558 2093 erud.

142 2094 211 2161 llo.
222 2132 260 2145 -
273 2098 437 2179 hpplicatio
448 2099 536 2159 debet
554 2098 621 2160 lieri
638 2104 708 2161 ante
726 2096 967 2177 celebrationem,
986 2098 1118 2161 velante

103 2187 363 2247 consecrationem.
379 2184 486 2246 Verids
506 2194 606 2249 autern
634 2184 791 2267 [quidquid
807 2185 857 2245 alii
880 2182 1119 2267 dicantisufficit
1236 2236 1237 2253 ι

104 2271 261 2349 applicatio
291 2274 385 2331 llissoe
408 2269 592 2344 habitualis,
617 2283 653 2336 ut
675 2272 871 2335 communiter
892 2271 1001 2333 docent
1024 2276 1115 2333 Suer.

102 2356 212 2437 Lago,
237 2355 351 2424 Bonae.
379 2356 492 2417 roam.
519 2354 640 2422 Holzm.
668 2360 755 2420 Coae.
775 2367 806 2421 et
833 2358 883 2421 alii
913 2358 1018 2436 plures.
1037 2346 1115 2439 (Lib.
1236 2414 1237 2421 ,

104 2438 135 2524 6
160 2432 201 2496 ιι.
228 2437 298 2495 555.
324 2437 382 2509 Qu.
408 2438 468 2515 1.).
493 2440 524 2514 Si
558 2442 644 2501 Missa
674 2444 755 2509 nulli
779 2443 971 2523 applicetur,
1005 2444 1118 2513 fructus

105 2528 204 2607 raanet
221 2520 253 2581 in
270 2518 410 2581 thesauro
426 2522 572 2584 Ecclesiae.
588 2526 755 2604 Applicatio
769 2525 935 2607 euterpsub
948 2526 1119 2607 conditione

105 2622 166 2667 non
181 2604 324 2687 impleti,
342 2605 439 2667 valida
462 2616 523 2686 est3
540 2606 565 2669 si
580 2608 652 2671 verb
669 2610 722 2673 liat
740 2628 796 2691 pro
820 2611 918 2690 primo
939 2611 991 2689 qui
1013 2610 1120 2673 offeret

104 2693 340 2770 eleemosynam,
364 2711 425 2753 non
444 2694 541 2755 schim
559 2705 603 2757 est
618 2697 723 2759 illicita
744 2716 780 2759 ex
802 2696 1002 2777 prohibitione
1026 2695 1119 2761 ctam.

111 2779 205 2848 vm,
219 2778 271 2837 sed
287 2779 378 2837 etiem
391 2778 579 2856 probabilids
591 2781 667 2863 saepe
683 2784 741 2844 erit
757 2773 885 2853 invalida
908 2780 941 2865 (l.
955 2800 980 2843 c.
996 2802 1029 2849 ιι.
1046 2782 1117 2847 557.
1236 2784 1237 2789 ’

106 2883 134 2925 υ.
145 2861 373 3025 ᾔιιοῖιῖῑ-εοέᾗιιιιι.
384 2949 437 3010 v1.
451 2950 496 3009 An
509 2949 643 3010 sacerdos
652 2957 787 3030 teneatur
800 2948 957 3029 aliquaudd
967 2950 1119 3016 celebrere

107 3035 138 3094 in
151 3042 248 3096 annot
259 3038 392 3114 Negant,
406 3031 528 3115 praeciso
545 3034 681 3098 seandalo
693 3080 701 3107 ,
714 3036 745 3096 S.
770 3038 888 3101 Boaoo,
902 3032 996 3115 Gojet.
1010 3036 1116 3118 bopo,

107 3126 138 3178 ct
150 3118 305 3195 probabile
317 3128 424 3200 putant
433 3121 524 3181 Sucr.
538 3119 644 3202 Legat·
659 3126 688 3181 et
701 3117 770 3182 Pol.
785 3122 842 3181 Alii
863 3130 963 3181 tamen
981 3138 1117 3183 commu·

107 3197 176 3276 niuis
194 3220 262 3263 cum
276 3206 316 3265 D.
333 3205 388 3285 Tb.
406 3204 526 3286 (qoibus
540 3197 594 3284 ego
607 3204 854 3285 magisadhoereo)
869 3205 1036 3280 affirmant,
1047 3204 1117 3269 otim
1236 3256 1237 3281 ,

106 3282 196 3341 rerba
208 3283 317 3345 Christi
331 3332 340 3359 ,
352 3292 414 3351 Hoc
433 3288 525 3369 [acite
543 3292 578 3353 io
593 3308 691 3371 mecca
709 3289 1028 3371 comaaeatorolioaem,
1047 3309 1118 3369 pro·
1236 3284 1237 3327 ³

106 3362 232 3421 babitids
247 3381 352 3427 verum
366 3363 541 3436 ¹contineant
560 3366 759 3455 preceptum,
774 3362 809 3438 ut
823 3377 901 3455 satis¹
911 3375 1039 3451 declarat
1050 3376 1117 3436 Tri·
1236 3372 1237 3377 ’

106 3442 261 3535 «lentinum
272 3462 342 3505 sess.
357 3453 406 3514 22.
420 3474 446 3514 c.
465 3460 495 3519 l.
510 3460 657 3536 dicendo:
673 3458 822 3545 Apustoiip
834 3506 841 3533 ‚
851 3476 1008 3539 careatque
1022 3458 1053 3517 ia
1065 3476 1114 3519 sa·

106 3518 230 3583 eordotw
240 3532 452 3596 suecessoribus
464 3581 473 3611 ,
487 3550 524 3601 ut
535 3545 677 3623 offerrent
698 3545 838 3627 praecepit
851 3563 905 3628 per·
922 3543 985 3607 boec
1002 3542 1113 3613 orda.-
1236 3554 1237 3595 l
