2475 3975
125 187 183 248 260
362 185 499 246 Excutere
511 177 756 242 ordinandorum.
773 181 846 258 Cep.
863 179 895 240 5.

124 289 231 360 proeter
240 278 294 342 hes
303 297 403 340 causas
412 323 420 350 ‚
429 277 479 336 vix
485 276 672 337 excusabitur
684 273 700 334 h
711 275 817 342 veniali
831 275 873 354 (e.
882 273 973 351 tta).
985 271 1133 334 Caeterrim

123 373 242 426 tenetur
257 365 391 427 sacerdos
411 361 511 422 Missae
530 361 644 420 votivas
662 359 826 432 celebrare,
849 357 939 435 juxte
957 359 1133 436 petitionem

123 449 260 512 dantium
284 451 520 526 eleemosynam,
545 444 652 505 diehus
680 445 788 522 quihus
810 441 891 504 licite
913 443 973 504 diei
996 454 1132 522 possunt.

124 533 237 613 Mirque
260 533 423 596 nomndurn
442 547 512 592 cum
528 531 571 590 D.
597 527 655 590 Th.
675 523 794 608 (Suppl.
815 545 845 606 q.
863 529 913 588 tt.
929 545 959 588 a.
972 529 1001 587 ti.
1016 527 1058 588 od
1069 529 1132 606 5.),

122 620 203 697 quhd
216 623 301 682 Missa
313 617 349 679 de
360 616 490 698 requiem
502 616 596 693 magis
615 615 739 694 prodest
757 614 904 677 defunctis
923 623 1045 694 propter
1064 632 1134 676 oru-

123 705 217 766 tiones
236 723 303 783 qum
322 705 354 763 iu
374 720 410 762 eu
430 701 583 762 dicuntur.

159 787 578 850 tet.-1touodunt.non
594 784 684 847 licere
701 785 813 865 pluries
834 785 866 845 in
887 785 936 848 dic
956 787 1132 859 sacrificare,

122 875 181 935 nisi
193 875 225 935 in
238 873 319 934 hisce
332 872 465 943 casibus,
481 873 512 932 1.
525 869 564 932 ed
578 871 808 931 ministrandum
820 871 970 936 Viattcum
983 894 992 948 ;
1003 875 1032 932 2.
1049 875 1072 933 si
1083 876 1134 935 die

120 959 526 1035 testoodveniantpcrsonre‚
545 975 618 1035 quos
639 975 698 1016 non
718 957 819 1016 deceat
838 975 952 1016 suerum
972 959 1133 1029 omittere,

122 1041 295 1114 utirex,aut
303 1044 448 1122 princeps,
457 1051 508 1102 out
516 1041 720 1119 Episcopum&
728 1042 751 1100 si
758 1039 1133 1122 pastorhabeatduasparo·

103 1127 202 1202 ‚chios
221 1130 355 1200 dissitas,
375 1137 407 1188 et
429 1128 516 1187 aliter
535 1127 662 1204 populus
682 1127 758 1186 aiter
777 1135 889 1187 careret
905 1129 989 1187 Missd
1003 1128 1034 1187 in
1057 1129 1134 1190 sesto

121 1214 160 1274 de
173 1225 331 1295 praecepto.
343 1213 478 1274 Advertit
490 1209 601 1272 Beued.
615 1212 706 1272 XIV.
720 1212 751 1271 in
761 1209 1043 1285 Brevi,Deedorosti‚
1052 1215 1135 1276 edito
1182 1218 1185 1222 ’

122 1317 193 1360 ann.
215 1302 303 1361 1716.
319 1298 359 1360 de
377 1297 433 1358 hae
451 1316 484 1358 rc
505 1315 624 1376 semper
643 1297 858 1376 impetrandum
883 1315 945 1358 esse
963 1299 1132 1360 facultatem

121 1385 159 1443 ah
170 1387 328 1466 Episcopo,
341 1384 455 1444 etiamsi
469 1384 623 1443 necessitas
633 1382 815 1443 intercedere
827 1381 971 1444 videatur.
987 1385 1131 1447 Praeterea

121 1469 269 1541 advertit,
288 1467 369 1546 qudd
384 1469 423 1528 dc
439 1467 553 1528 casibus
568 1469 734 1527 enunciatis
744 1469 823 1527 solus
836 1485 938 1539 casus,
960 1467 1028 1528 etim
1043 1487 1132 1549 paro-

120 1549 194 1612 chie
217 1562 286 1610 sunt
303 1552 431 1619 dissito,
455 1551 487 1608 in
502 1551 715 1610 consuetudine
739 1559 794 1610 est.
820 1554 895 1610 item
916 1553 1131 1616 advertendum

120 1637 192 1696 oiim
206 1634 320 1695 licuisse
333 1632 462 1712 parocho
475 1634 506 1692 iu
520 1634 569 1693 die
581 1637 734 1695 Dominica
748 1645 813 1712 post
823 1637 939 1698 Missam
953 1657 1007 1718 pro
1022 1644 1132 1718 populo

119 1723 217 1781 dicere
231 1719 355 1779 alterum
377 1737 433 1797 pro
457 1718 614 1795 defuneto,
632 1729 776 1798 praesente
796 1721 958 1800 eadevere;
980 1725 1030 1784 sed
1051 1727 1133 1787 idem

119 1804 287 1866 Bencd.X1
293 1807 330 1867 V.
344 1806 376 1865 in
386 1804 521 1876 indulto,
537 1804 624 1880 Quod
633 1806 767 1888 expensio
782 1850 791 1878 ,
806 1817 863 1868 etc.
877 1808 947 1868 doto
959 1811 997 1870 26
1006 1813 1131 1888 August.

119 1893 208 1952 1718.
219 1893 251 1952 in
260 1890 289 1972 S.
300 1893 397 1968 Nouo,
406 1889 709 1969 circcfiodccteravic
721 1893 751 1952 id
759 1891 848 1953 hodie
856 1911 915 1952 non
925 1893 1051 1972 emplius
1063 1915 1132 1974 per-

119 1978 217 2049 mitti,
239 1975 307 2038 erim
331 1977 416 2039 iieeot
438 1980 567 2055 parocho
584 1977 683 2037 dicere
707 1979 823 2037 Missam
840 1996 894 2057 pro
918 1978 1076 2055 defuncto,
1100 1991 1134 2043 et

119 2064 280 2123 transferre
292 2064 408 2124 Missam
423 2080 477 2141 pro
497 2064 609 2141 populo
626 2062 663 2121 ad
678 2061 757 2122 diem
770 2062 844 2121 inira
857 2061 1083 2127 hebdomadam.

158 2150 217 2209 tte
240 2180 280 2196 -
291 2149 498 2211 Notandumd.
507 2146 587 2227 quhd
598 2148 641 2222 si,
653 2145 727 2206 durn
740 2146 920 2221 celebratur,
931 2149 1054 2209 Ecclesia
1064 2155 1133 2229 pol.

118 2234 230 2306 luitur,
250 2235 297 2294 vei
322 2234 433 2296 accedit
451 2234 722 2296 excommunicatus
745 2232 899 2304 vitandus,
923 2234 975 2312 qui
998 2238 1131 2299 monitus
1236 2304 1237 2313 χ

118 2320 195 2379 nolit
211 2318 382 2391 discedere,
402 2328 474 2379 tunc
493 2320 629 2379 sacerdos
652 2330 720 2379 anto
739 2320 987 2379 consecrationem
1011 2322 1129 2385 Missam

116 2402 268 2462 dimittere
283 2401 391 2459 debete
406 2411 506 2479 postea
521 2402 593 2463 verd
613 2414 717 2479 pergat
739 2422 833 2480 usque
855 2404 893 2463 ed
910 2405 1127 2483 sumptionem,

116 2492 147 2545 ct
164 2484 265 2543 statim
280 2482 421 2545 discedet.
443 2483 571 2544 Demtim
594 2484 643 2544 hie
660 2486 845 2557 notandum,
860 2486 942 2564 quod
960 2490 1033 2549 sueti
1057 2510 1128 2551 eou-

116 2568 277 2630 seeretionc
298 2585 452 2647 nunquam
472 2569 541 2629 licet
553 2568 670 2627 Missam
688 2570 927 2648 interrumpere,
942 2572 998 2631 nisi
1011 2571 1127 2637 tannim

116 2654 154 2714 od
171 2652 398 2731 baptizandum,
412 2653 460 2713 vei
472 2652 684 2713 absolvendum
703 2652 856 2723 hominem
866 2654 990 2735 jamjam
1007 2658 1129 2722 meritu-

116 2738 254 2816 rum3ita
267 2738 332 2799 DD.
343 2740 544 2801 communiter
557 2736 590 2820 11.
607 2740 637 2800 6.
651 2757 684 2801 u.
701 2740 795 2819 ete).

379 2931 407 3018 §-
422 2934 475 2995 111.
488 2935 535 3000 De
544 2938 685 3021 potestate
697 2932 869 2999 secerdotes,

155 3178 222 3235 teo.
238 3209 276 3223 -
292 3112 439 3241 Sirenem
464 3174 601 3237 sacerdos
625 3194 663 3238 ex
685 3184 830 3257 potestate
860 3176 973 3239 ordinis
998 3172 1124 3260 suscepti

116 3256 232 3316 tentum
249 3258 438 3321 Eucharistiae
453 3260 674 3335 Secramentum
694 3263 839 3323 conficere
861 3273 969 3341 potest,
985 3276 1015 3325 et
1037 3268 1126 3327 etiam

115 3339 301 3408 ministrare,
312 3345 432 3419 excepti
444 3348 656 3405 communione
668 3342 796 3407 Paschali
810 3368 819 3422 3
833 3366 901 3407 nam
915 3350 950 3409 od
959 3349 1014 3410 alia
1025 3353 1126 3429 requi·

114 3419 193 3508 ritur
204 3428 333 3493 potestus
342 3421 568 3494 jurisdictionis.
581 3430 656 3489 Mine
675 3431 780 3506 nequit
799 3432 863 3492 sine
874 3433 992 3494 licentia
1006 3436 1124 3513 parochi

113 3494 278 3566 bttfflffl'e,
293 3516 390 3574 neque
402 3507 571 3596 Mxtremum
592 3512 786 3583 Unctionem,
805 3524 857 3576 out
869 3516 1015 3578 viaticum
1035 3520 1124 3579 mini-

113 3577 225 3643 strare,
246 3594 300 3633 uec
324 3580 517 3648 Mutrrnrouio
539 3595 692 3671 assistere;
717 3605 748 3656 ct
767 3598 832 3657 sine
853 3599 972 3661 lieentia
988 3604 1121 3681 Episcopi
