2475 3975
135 192 192 253 101
427 188 540 253 Paucis
555 186 737 270 consonanti.
751 186 823 268 Cap.
838 187 869 248 8.

133 290 256 353 fessione
276 293 401 364 audito,
421 292 535 370 quoties
549 290 598 350 alii
612 307 673 349 non
693 296 812 367 possent
828 286 932 347 venire
949 285 983 347 in
999 288 1147 367 cognitio·

135 394 201 437 nem
219 378 406 456 poeniteutis,
427 384 478 436 aut
499 376 613 453 quoties
635 372 756 434 baberet
778 390 944 451 expressam
960 371 1146 433 licentiamd

134 464 306 541 poenitonte.
326 458 526 525 Nihilominus
545 460 635 519 ctiam
657 459 689 518 iu
719 456 775 518 boe
796 455 962 518 malissimi.
977 466 1022 517 cst
1041 476 1149 535 proee-

134 544 264 608 dsndum
279 568 288 607 a
306 556 337 608 et
354 548 383 607 l.
398 549 556 621 Nunquam
571 542 721 621 loquendo
729 542 768 602 de
783 542 908 620 peccatis
920 541 954 601 iu
964 542 1149 603 oonfwione

134 631 265 703 auditis,
284 648 382 692 coram
400 628 584 706 simplicibus
603 628 754 707 personis,
774 643 842 704 quae
863 635 982 705 possent
1002 627 1147 704 suspicari

134 714 171 776 de
193 718 371 777 revelatione
393 714 593 776 confessionis.
607 714 638 773 2.
652 715 821 790 Numquam
837 709 962 771 diceudo
977 710 1147 790 &suggestu

134 800 166 859 iu
190 801 400 874 concionibus,
423 814 548 877 regnare
566 798 599 859 in
618 816 654 859 ec
674 796 749 856 urbe
775 796 895 874 aliquod
914 796 1040 867 vitium,
1065 797 1149 874 quod

134 884 197 963 ipsc
216 886 388 966 excipiendo
408 886 624 960 confessiones,
645 882 822 945 intellexerit
837 881 878 943 ibi
898 883 992 959 magis
1006 882 1150 959 frequen·

134 970 202 1030 lari.
214 972 286 1051 (iioc
298 981 396 1033 tamen
410 970 587 1048 intelligitur
599 967 632 1048 (1.
645 987 670 1029 e.
686 986 719 1029 n.
738 967 838 1045 etet,
852 967 971 1046 quaudo
983 966 1015 1027 id
1025 967 1150 1027 aliunde

135 1070 196 1116 non
221 1058 308 1119 seivit
320 1104 329 1135 ,
350 1066 382 1117 et
401 1055 519 1135 quando
542 1056 624 1114 locus
652 1060 697 1113 est
716 1052 857 1131 parvus),
881 1062 912 1112 et
935 1052 1101 1131 praesertim
1122 1053 1148 1112 si

135 1141 326 1203 concionetur
345 1142 377 1201 in
400 1141 499 1217 aliquo
517 1139 716 1210 monasterio,
735 1138 767 1197 in
788 1157 849 1215 quo
866 1156 927 1199 uon
946 1138 1038 1198 debet
1057 1136 1149 1198 vehe-

135 1225 264 1285 mentius
290 1223 431 1285 invehere
451 1232 552 1283 eontra
565 1222 695 1299 aliquem
720 1221 892 1295 defectum,
913 1241 1003 1301 quem
1024 1224 1057 1283 in
1076 1242 1149 1283 con·

135 1309 259 1369 sessione
272 1308 386 1369 audivit
406 1308 448 1370 ibi
468 1324 530 1367 csse
545 1307 793 1369 communiorem.
811 1310 842 1367 5.
861 1310 929 1369 lion
949 1309 988 1369 sit
1002 1310 1149 1369 confessa·

136 1392 198 1452 rius
217 1394 307 1455 nimis
329 1394 517 1473 importunus
539 1394 571 1453 in
593 1392 755 1455 obtinenda
779 1391 934 1453 licentiat
958 1395 1147 1472 poenitente,

136 1479 278 1557 quoniam
303 1480 337 1541 ed
353 1480 491 1550 licentii,
514 1496 581 1557 que
605 1496 666 1538 non
693 1488 737 1539 est
765 1478 890 1541 omuino
912 1489 1096 1558 spontanea,
1116 1492 1148 1542 et

135 1563 222 1643 plend
245 1565 360 1640 libera,
379 1566 442 1643 ipse
465 1582 652 1643 nequaquam
668 1566 712 1626 uti
737 1567 859 1646 poterit.
875 1566 960 1625 Unde
979 1566 1018 1627 sit
1037 1570 1148 1645 percis-

135 1648 253 1721 simus,
280 1646 425 1727 quantiam
450 1648 515 1709 freri
540 1648 674 1727 poterit,
696 1650 729 1709 in
751 1650 942 1727 exquirendis
973 1649 1146 1729 hujusmodi

134 1733 262 1794 licentiis
281 1735 345 1795 sine
360 1734 476 1815 speciali
489 1736 659 1796 necessitate
672 1756 681 1793 ε
695 1742 725 1795 et
741 1743 812 1795 tune
825 1734 917 1795 lutibs
928 1737 985 1795 erit
995 1737 1149 1799 insinuare

134 1819 313 1897 poenitenti,
334 1828 370 1880 ut
396 1816 434 1880 de
458 1837 517 1891 eu,
545 1820 628 1900 quod
657 1829 702 1881 est
731 1837 874 1892 necesse,
898 1821 1038 1899 loquatur
1063 1832 1147 1886 extra

135 1904 355 1969 mnfessionem.
368 1906 463 1966 Nemo
478 1913 577 1966 autem
595 1906 732 1984 ignorat,
746 1904 826 1982 qubd
839 1915 922 1966 entra
935 1907 1147 1970 confessionem

135 2007 195 2050 raon
216 1999 313 2068 potest
337 1991 528 2052 confessarius
544 2009 599 2052 nec
621 1992 790 2050 etiamnum
809 1991 873 2070 ipso
889 1993 1051 2069 poenitente
1063 1995 1147 2073 loqui
1193 2060 1197 2068 ,

134 2075 284 2137 derebus
309 2077 341 2136 in
365 2076 415 2136 illa
441 2074 566 2148 auditis,
591 2076 656 2136 sino
678 2074 810 2153 ejusdem
836 2093 971 2153 expressa
996 2077 1144 2140 licentia:

134 2159 166 2218 iu
187 2161 247 2239 ipsu
274 2161 344 2223 verb
363 2162 543 2224 confessione
563 2160 639 2222 bend
658 2170 754 2238 potest
772 2161 811 2221 de
830 2161 891 2220 illis
910 2161 991 2238 loqui
1007 2207 1017 2236 ,
1031 2167 1147 2242 quoties

134 2245 349 2307 existimathoc
364 2247 418 2325 ipsi
431 2247 586 2325 poenitcnti
599 2245 739 2325 expedire
751 2243 784 2324 (l.
794 2263 821 2305 e.
837 2264 870 2306 n.
889 2244 1021 2322 dibile.
1036 2250 1148 2326 Nequit

133 2333 289 2407 exquirere
311 2351 420 2392 nomen
446 2334 622 2410 complicis,
649 2335 723 2394 etsi
754 2334 908 2412 negaverit
930 2334 1147 2397 absolutionem

134 2415 161 2474 ci
178 2415 229 2490 qui
240 2414 337 2474 dicare
350 2418 551 2487 recusaverit,
568 2418 694 2477 incurrit
703 2419 923 2496 suspensionem
938 2415 1067 2500 serendae
1079 2438 1148 2481 sen-

135 2499 233 2559 tentiar
254 2522 265 2562 .·
284 2509 314 2560 et
330 2501 381 2579 qui
403 2501 538 2561 docuerit
555 2501 611 2564 hoe
630 2503 697 2563 ficri
712 2522 797 2582 posse
810 2505 959 2575 ,incurrit
974 2523 1147 2568 excommu-

134 2584 312 2646 nicationem
332 2587 467 2665 papalem
487 2586 551 2668 ipsu
571 2585 734 2669 sustollit.
751 2592 780 2650 6.
799 2607 832 2651 n.
846 2590 940 2670 labb).

172 2671 240 2732 118.
261 2673 334 2732 Casu
351 2672 422 2733 verb
448 2690 507 2750 quo
526 2673 672 2753 poeniteus
697 2682 834 2734 tencatur
858 2676 914 2735 sub
944 2677 1028 2754 gruvi
1050 2679 1147 2739 mani·
1211 2704 1212 2717 2

133 2755 240 2818 festare
263 2773 372 2817 nomen
395 2759 569 2836 complicis,
587 2758 624 2817 ad
644 2759 842 2838 reparandum
860 2759 931 2838 putb
951 2763 1073 2839 aliquod
1092 2763 1147 2822 da·
1211 2770 1212 2787 ¹

134 2857 238 2902 mnum
250 2858 406 2902 commune
422 2840 512 2924 (lutat.
529 2863 561 2903 rt.
583 2843 665 2922 tut.)
675 2889 683 2916 ,
694 2852 797 2904 contra
810 2844 937 2906 aliorum
953 2848 1143 2924 opinionem,

133 2943 188 2986 nec
213 2928 388 2988 etiamtunc
408 2945 492 3006 posse
509 2927 525 2987 l
546 2929 722 2991 confessario
748 2930 873 3010 obligari
897 2933 1090 3008 poenitentem
1107 2934 1144 2993 ad

132 3010 378 3072 manifestandum
397 3013 451 3072 sibi
475 3029 584 3072 nomen
607 3013 757 3092 complicis
776 3059 784 3086 ,
803 3015 855 3074 sed
882 3013 1000 3074 tannim
1019 3026 1147 3094 possset
1211 3028 1212 3069 3

132 3093 240 3154 debere
260 3097 414 3175 imponere
432 3098 605 3179 paenitenti,
626 3105 661 3158 ut
673 3099 840 3161 manifestet
857 3101 1030 3178 complicem
1044 3102 1081 3162 iis
1092 3103 1145 3180 qui

132 3187 254 3254 possunt
270 3181 438 3241 scandalum
458 3181 613 3260 impedire.
631 3181 718 3256 Qubd
738 3183 763 3243 si
779 3184 926 3261 paenitens
946 3203 983 3246 ex
1005 3203 1037 3246 se
1057 3188 1147 3247 vellet

133 3261 306 3334 complicem
327 3266 502 3326 confessario
525 3267 738 3342 manifestare,
761 3277 833 3327 tunc
848 3269 924 3329 bene
948 3279 1045 3348 polest
1059 3271 1147 3332 illum

133 3341 256 3411 audire,
278 3349 308 3400 et
340 3348 590 3420 quemadmodum
614 3358 753 3428 oportet,
770 3351 912 3414 damnum
927 3373 1076 3433 reparare.
1094 3359 1145 3417 ln·

134 3439 223 3498 super
244 3423 457 3487 advertendum
479 3441 543 3502 cst,
562 3451 597 3492 ex
628 3433 683 3495 hoc
701 3453 762 3496 nou
782 3437 936 3514 prohiberi
961 3441 1145 3502 confessoriis
1211 3480 1212 3487 κ

27 3523 28 3526 “
135 3503 320 3576 exquirereia
344 3509 498 3580 poenitenti
518 3517 751 3578 circumstantias
767 3539 839 3597 ques
860 3525 936 3586 seire
952 3534 1091 3602 oportet,
1111 3537 1147 3586 ut

135 3579 299 3664 intelligat,
321 3605 360 3652 an
381 3589 456 3653 adsit
469 3598 576 3676 species
602 3603 713 3683 peceati
735 3603 870 3685 brena,
892 3610 940 3674 vel
963 3612 1147 3674 utcausnlnt
