2475 3975
338 144 388 204 Ex
406 142 541 224 operibns
556 140 709 204 Benedicti
721 145 810 205 XIV.
1044 148 1100 207 585

95 246 159 327 quis
172 245 322 306 excitetur·
333 246 370 305 ad
386 246 618 318 contritionem,
642 247 689 306 vel
711 245 747 306 ad
770 245 985 321 absolutionem
1005 247 1036 308 in
1055 264 1100 308 sa-

95 339 245 391 cramento
267 330 448 409 paenitentiae
474 330 587 391 utiliter
608 330 854 407 consequendam.
874 330 977 403 Quoad
998 332 1100 392 remis-

94 416 207 476 sionem
220 424 318 476 tamen
339 435 451 493 poenee,
472 414 579 477 abolita
602 414 665 490 jam
690 415 799 491 culpi,
825 415 994 477 immediate
1014 416 1095 475 illam

93 500 237 576 remittit3
257 502 404 573 remittit,
426 500 564 577 inquam,
579 499 623 559 illi
639 518 694 577 pro
715 516 773 576 quo
789 498 913 561 offertur
925 544 933 572 ,
947 500 981 561 et
1002 508 1099 561 tamen

93 588 242 656 monstrnt,
252 604 317 664 quae
331 586 392 645 Deo
405 584 558 663 placuerit.
569 586 613 644 De
626 584 721 644 saccis.
734 584 813 643 miss.
823 585 844 644 l.
857 586 888 645 2.
898 604 924 644 e.
941 586 989 645 15.
1003 603 1035 645 ιι.
1050 587 1098 645 17.

94 669 144 728 Εει
153 668 524 813 defflquimpgtratoriom
532 668 731 748 spiritualium
741 676 771 729 et
781 670 992 747 temporalium
1004 668 1099 730 bono·

93 768 172 813 rum.
222 771 233 813 ι
258 771 313 813 ‚m
371 796 380 812 .

130 853 177 913 tln
193 852 329 931 ¹ejusdcm
349 854 387 914 sit
410 852 545 914 efficaciae
567 851 663 912 siveb
693 852 796 925 bono,
825 854 887 915 sive
913 854 930 914 b
955 855 1033 915 malo
1055 848 1103 915 sal

93 938 213 999 cerdote
230 940 318 1000 missa
338 938 529 998 celebretur?
549 936 798 1016 Respondendum
826 946 869 997 est
885 940 1014 999 fructum
1034 956 1103 1017 pro·

93 1025 260 1086 venientem
294 1044 330 1085 cx
360 1041 450 1101 opere
471 1031 591 1123 operato
618 1040 781 1100 numquam
803 1023 922 1095 minui,
942 1033 971 1084 et
997 1026 1021 1083 si
1049 1042 1102 1102 ap·

94 1109 220 1186 plicetur
241 1128 358 1189 semper
380 1110 518 1187 operari,
539 1107 701 1169 dummodo
722 1106 968 1213 impedimentum
986 1106 1101 1175 nullum

89 1192 198 1254 obstet.
211 1195 288 1255 lbid.
302 1215 333 1254 ιι.
347 1196 395 1255 20.

130 1293 214 1353 Alius
229 1302 272 1353 est
284 1294 416 1364 tructus,
434 1292 485 1370 qui
505 1292 601 1353 oritur
615 1310 652 1351 ex
671 1290 809 1351 universi
821 1287 1097 1355 Eeclesidoffer'entc

88 1378 277 1452 sacerdotum
307 1396 428 1439 suorum
457 1374 632 1436 ministerio.
664 1376 788 1435 Ecclesia
808 1376 879 1438 vert
911 1386 955 1438 est
982 1394 1100 1457 semper

91 1471 214 1533 saneta,
238 1460 456 1539 pulchra,stne
474 1460 536 1520 ulla
555 1460 645 1539 roga,
672 1468 723 1519 aut
743 1460 868 1520 macula.

126 1544 249 1607 ’Tertius
269 1546 386 1606 tandem
409 1555 456 1605 est
483 1546 596 1606 fructus
616 1561 654 1605 ex
679 1544 744 1622 ipso
769 1544 935 1607 celebrante
957 1546 1098 1619 venlens,

91 1632 258 1709 diciturque
282 1633 394 1709 pariter
421 1646 457 1690 ecc
479 1646 564 1711 opere
582 1627 756 1707 operantia,
786 1638 874 1707 atquc
901 1633 956 1692 iste
978 1650 1014 1691 ex
1037 1650 1100 1691 ma·

88 1715 149 1793 jori
180 1717 227 1775 vel
255 1713 364 1775 minori
394 1714 550 1775 sacerdotis
581 1713 776 1773 sanctimonii
808 1716 979 1787 minuitur,
1012 1732 1099 1794 auge-

88 1812 189 1861 turve.
204 1799 281 1860 lbid

130 1902 226 1961 liliosae
244 1902 358 1960 fruetus
383 1899 491 1977 triplex
513 1906 581 1969 cst,
606 1894 875 1969 tentatationum
900 1896 984 1975 cujus
1001 1898 1101 1961 fideles

90 2005 194 2048 omnes
206 1994 276 2046 sunt
288 1984 465 2064 participes·
457 2029 466 2060 ,
480 1980 732 2064 Speciolissimos,
758 2001 817 2062 quo
830 1982 963 2043 sacerdos
973 1982 1098 2045 inuitur·
1091 2031 1099 2060 ,

91 2070 231 2142 Medius,
250 2089 342 2149 quem
362 2070 494 2130 sacerdos
508 2070 634 2168 applicat
654 2086 709 2146 pro
723 2068 783 2138 iis,
803 2087 864 2147 pro
884 2069 991 2148 quibus
1007 2070 1100 2131 Sacri-

91 2157 194 2219 ficium
208 2156 303 2218 ollert.
317 2159 360 2216 De
379 2174 454 2215 sacr.
479 2155 561 2214 miss.
575 2155 597 2216 l.
624 2155 654 2214 5.
676 2171 701 2213 c.
729 2153 758 2214 8.
772 2171 805 2212 ιι.
823 2155 849 2216 1.

131 2263 252 2323 Materia
271 2262 403 2323 sacrificii
428 2262 524 2322 missae
543 2270 587 2322 est
613 2262 698 2340 panis
718 2262 872 2331 triticeus,
894 2271 924 2322 et
942 2261 1045 2322 vinum
1063 2279 1099 2322 ex

90 2349 167 2410 uvis.
191 2348 220 2406 Si
233 2347 305 2408 verb
320 2366 425 2426 magna
438 2356 512 2407 esset
521 2347 679 2426 permixtio
695 2346 797 2408 farinae
815 2365 850 2407 ex
862 2347 932 2408 ‘aliis
947 2347 1097 2426 frugibus,

91 2442 124 2495 et
145 2433 304 2510 permixtio
328 2452 412 2511 aquae
430 2434 533 2495 vinum
557 2441 735 2512 superaret,
762 2431 825 2494 baee
848 2433 969 2494 matoria
999 2434 1098 2510 inepta

91 2527 167 2581 essct
185 2519 403 2579 consecrationi.
423 2520 466 2578 De
488 2518 586 2580 sacris.
600 2519 680 2580 miss.
696 2519 718 2580 1.
744 2520 774 2579 5.
794 2537 821 2579 ε.
840 2522 887 2580 10.
908 2537 941 2578 n.
968 2521 1016 2582 tt.
1039 2522 1099 2581 Nec

92 2612 162 2683 post
186 2603 433 2663 consecrationem
451 2623 545 2665 novus
564 2605 693 2683 liquor,
719 2612 749 2664 et
772 2603 935 2682 praesertim
965 2621 1040 2682 aqua
1067 2604 1098 2663 in

91 2688 213 2750 calicem
233 2687 430 2749 infundendus
442 2697 497 2750 εει.
518 2689 593 2764 lbid.
610 2708 642 2749 ιι.
661 2689 841 2766 libelloqui
856 2694 953 2748 censet
968 2690 998 2756 S.
1023 2687 1098 2748 Tice-

91 2790 185 2847 mos,
210 2773 431 2849 corruptionem
456 2776 631 2835 sacramenti
653 2774 735 2853 sequi
760 2773 888 2852 potuisse
919 2789 973 2853 pro
999 2773 1097 2852 aliqui

93 2865 201 2937 parte,
220 2856 277 2918 nisi
298 2856 375 2918 sorte
397 2861 542 2936 quantitas
565 2859 635 2920 novi
653 2859 779 2936 liquoris
800 2859 914 2918 tantilla
942 2867 1015 2918 esset
1028 2875 1040 2928 ,·
1060 2865 1094 2918 ut

93 2960 156 3003 non
170 2950 268 3021 posset
280 2941 313 3002 in
334 2961 436 3003 omnes
462 2954 559 3022 partes
577 2943 715 3004 diffundi.
740 2945 807 3003 Hace
830 2949 928 3004 tamen
953 2943 1097 3004 sententia

94 3044 155 3088 non
174 3027 258 3105 aequit
280 3027 298 3087 ia
320 3026 497 3089 scholasticis
519 3029 658 3090 omuibus
675 3029 826 3106 probatur.

132 3128 179 3190 Ad
192 3130 348 3191 essentiam
361 3128 494 3189 sacrificii
508 3129 666 3188 necessaria
678 3134 721 3190 εεί
734 3127 888 3206 utriusque
911 3125 1016 3206 speciei
1029 3146 1097 3190 con-

93 3211 241 3284 secratio,
271 3213 352 3290 quod
374 3213 464 3273 etiam
485 3212 518 3272 in
537 3212 633 3290 prima
657 3212 708 3274 sub
733 3212 917 3275 institutione
935 3209 952 3272 b
979 3211 1095 3272 Christo

94 3297 386 3359 Dominoservatnm
403 3307 470 3375 est,
490 3315 597 3374 exque
618 3296 672 3370 tit,
690 3303 725 3357 ut
745 3296 856 3357 nemini
876 3297 1007 3374 permitti
1028 3311 1095 3354 um·
1179 3309 1188 3328 ι

96 3380 188 3473 quam
209 3383 300 3481 possit
322 3382 500 3444 consecratio
524 3383 579 3442 sub
599 3379 686 3447 uniet
703 3378 819 3441 tantiam
843 3381 965 3460 speeie3
994 3394 1098 3454 quam-

94 3469 185 3544 quam
204 3485 228 3527 ει
219 3467 296 3528 boe
313 3466 426 3528 fiereta
442 3466 608 3542 sacerdote,
624 3465 801 3526 consecratio
816 3464 937 3543 quidem
963 3461 1092 3532 valeret,

94 3550 144 3610 scd
161 3550 211 3610 ille
231 3552 314 3628 gravi
333 3568 364 3612 se
379 3553 504 3614 erimine
521 3550 736 3647 obstringeret,
752 3555 782 3610 et
796 3551 1009 3610 sacramentum
1027 3542 1107 3620 qui·

138 3637 220 3697 Tota.
234 3635 296 3696 IX
723 3705 732 3714 Ι
906 3628 945 3688 55
