2475 3975
112 158 170 226 ‘be
374 145 381 158 ’
423 157 559 216 Exornata
571 149 817 213 ordinandormn.

146 257 273 311 utilitia.
283 257 312 308 il
327 260 353 309 et
363 256 405 308 lb.
416 256 448 305 Χ.
460 255 555 304 Locos.
568 253 616 303 xl.
630 255 721 304 AEtos.
739 255 772 304 te
783 255 808 303 et
819 252 861 302 tt.
873 245 934 302 xrt.
948 234 1120 304 Exercitinn't

144 329 253 457 maa
261 326 389 456 susceptet
402 325 477 380 xm.
486 323 600 380 Vocetio
611 323 719 378 divina.
730 327 772 378 45.
784 321 838 389 Qni
847 323 998 378 incurrant
1009 336 1122 392 saepen·

255 440 264 468 ,
281 406 359 457 σιω
379 440 387 454 .

152 595 203 655 ib.
215 625 255 637 -
268 529 375 658 Oreo
389 598 432 650 est
446 587 530 667 juxta
543 587 583 648 D.
600 569 761 654 idoneam,
775 567 964 664 Sipnomiom
975 567 1123 657 Eccletioe,

114 697 172 758 (μω
185 673 457 737 troditnrordinoto
470 678 599 752 potestas
608 667 787 750 spiritualis.
802 671 851 729 Est
864 668 901 728 de
914 669 973 730 lide
988 668 1125 730 ordinem
1235 705 1236 762 p

113 778 176 821 esse
191 767 426 835 sacramentum,
447 762 572 835 utpotet
594 771 630 812 ex
648 753 732 813 Trid.
752 759 822 814 sest.
837 755 887 824 23.
906 772 932 813 c.
947 755 976 813 5.
993 755 1069 812 Nem
1092 755 1124 815 in
1235 763 1236 842 J

114 844 220 904 ordine
245 843 308 921 jam
337 843 528 921 reperiuntur
562 838 621 899 tria
651 837 793 915 requisita
816 837 853 898 ad
878 839 1095 898 sacramentum
1115 885 1124 909 ,
1235 903 1236 916 χ

115 945 222 1005 nempe
238 928 356 1005 signum
371 934 545 994 externum,
557 920 639 1000 quod
654 931 697 982 est
709 923 858 999 impositio
870 939 1012 1004 manarum
1023 942 1032 998 3
1044 922 1126 981 insti·
1233 925 1236 944 ¹

115 1013 191 1071 tutio
205 1010 333 1082 Christi,
348 1021 437 1090 prout
452 1009 579 1070 habetur
591 1025 627 1064 ex
644 1007 713 1065 Lae.
727 1007 776 1064 ιι.
788 1009 850 1068 Hoc
871 1004 959 1084 (acite
973 1006 1007 1066 irt
1025 1023 1125 1066 meam

114 1095 433 1171 eorrrmnnoretionem5
446 1103 476 1154 et
492 1091 648 1171 promissio
662 1090 781 1169 gratie,
793 1101 827 1152 ut
836 1090 962 1153 habetur
972 1110 1008 1152 ex
1018 1093 1125 1175 Apost,

115 1181 144 1240 l.
159 1180 199 1240 ad
216 1180 291 1249 Tim,
309 1173 455 1239 Admoneo
478 1171 522 1248 te,
534 1183 569 1235 ot
585 1174 736 1236 resuscites
745 1176 877 1256 qratiam
885 1221 896 1254 ,
915 1193 982 1258 quor
994 1176 1027 1237 in
1040 1183 1066 1236 te
1081 1183 1127 1238 eet

113 1281 167 1342 per
179 1263 395 1345 impositionem
416 1279 562 1323 mannam
574 1278 721 1322 mearent.

153 1351 202 1410 id.
216 1350 377 1410 —Diliert
399 1358 499 1410 autem
522 1345 596 1407 ordo
620 1345 657 1406 ab
676 1347 873 1408 ordinatione.
896 1343 974 1408 Ordo
997 1351 1042 1408 est
1060 1349 1126 1427 ipsi

114 1443 242 1510 potestas
253 1435 381 1511 tradita,
394 1426 545 1494 ordinatio
557 1430 628 1493 verb
639 1438 682 1492 est
691 1431 776 1508 actio,
789 1432 847 1510 qui
859 1432 1017 1510 Episcopus
1026 1443 1127 1511 potes·
1235 1513 1236 1516 Ἴ

114 1529 204 1582 tatem
226 1521 328 1581 tradit.
345 1519 428 1580 Unde
444 1520 665 1598 presbyteratus
683 1528 727 1579 est
750 1527 968 1580 sacramentum
987 1520 1020 1580 in
1036 1516 1125 1594 beri,

112 1605 223 1665 seilicet
235 1605 344 1664 inaeto
361 1602 556 1664 ordinationis
565 1632 577 1680 ‚·
593 1619 653 1662 non
668 1606 768 1662 autem
790 1603 822 1662 in
837 1603 913 1663 laeto
923 1621 1002 1680 esse,
1013 1607 1127 1668 scilieet

113 1688 180 1752 etim
193 1691 259 1768 quis
272 1687 335 1766 jam
355 1688 508 1749 ordinatus
520 1697 575 1750 est.
594 1689 713 1767 Septem
732 1695 801 1748 sunt
814 1689 950 1768 ordines,
963 1690 1012 1764 alii
1027 1694 1125 1753 mino·-

113 1793 174 1852 res,
190 1775 240 1836 alii
257 1774 395 1852 majores.
411 1775 539 1834 Minores
547 1783 618 1834 sunt
633 1782 782 1851 quatuor,
806 1791 912 1852 nempe
924 1774 1125 1850 Ostiorinttca,

115 1861 284 1921 Lectorotstt
297 1905 306 1931 ,
321 1857 547 1930 Exoreietotue,
563 1865 592 1919 et
603 1854 806 1938 Acciptbotea.
818 1857 1022 1934 Majoressunt
1043 1870 1125 1933 tres,

115 1961 225 2023 nempe
237 1942 489 2014 subdiaconatus,
503 1941 687 2003 Diaconotuc
700 1985 709 2014 ,
721 1948 753 2001 et
763 1941 997 2023 Presbyterotno.
1013 1946 1128 2009 Praeter

114 2028 168 2089 lros
189 2029 380 2109 probabiliter
395 2027 496 2105 plures
517 2028 583 2085 DD.
606 2026 721 2085 addunt
751 2026 886 2085 ordinem
910 2028 1125 2107 lipisco'patirs,

114 2114 198 2174 etita
215 2114 334 2192 quidem
354 2112 441 2184 valde
455 2111 667 2189 probabiliter,
690 2119 720 2171 et
732 2108 919 2172 communitis
935 2120 1038 2174 tenent
1054 2115 1127 2176 net-

114 2196 203 2259 larm.
217 2198 326 2259 Samii.
344 2196 423 2259 Hob.
442 2200 552 2259 Toum.
564 2194 706 2270 etc.‚ei1m
718 2196 780 2275 ipse
790 2196 1006 2258 rationabiliter
1018 2200 1126 2263 distin-

114 2283 255 2360 guaturi
277 2283 481 2359 presbyteratu
510 2292 633 2360 propter
650 2281 819 2342 distinctam
836 2290 1032 2359 potestatem,
1056 2304 1127 2361 quae
1229 2276 1236 2291 ⁶

114 2366 241 2423 traditur
253 2366 393 2440 Episcopo
406 2366 576 2425 conserendi
591 2366 657 2425 aliis
670 2372 846 2444 potestatem
859 2366 1044 2427 consecrandi
1057 2386 1125 2429 eor-

112 2465 168 2525 pus
182 2446 289 2505 Christi
299 2492 307 2519 ,
316 2456 346 2507 et
358 2447 528 2507 absolvendi
538 2448 663 2509 fidelesi
678 2452 801 2527 peccatis
811 2448 899 2528 (Vide
911 2447 933 2510 l.
943 2454 972 2511 6.
984 2462 1015 2512 rt.
1028 2453 1124 2533 tto).

153 2536 202 2594 27.
216 2568 255 2577 -
267 2536 367 2609 Quor.
379 2536 404 2593 l.
417 2550 456 2593 an
477 2535 586 2614 singuli
608 2534 727 2596 ordines
742 2538 803 2597 sint
817 2543 1018 2597 sacramenta?
1037 2540 1125 2613 Qubd

113 2618 309 2699 sacerdotium
328 2620 367 2681 sit
390 2630 627 2694 sacramentum,
647 2627 694 2679 ost
716 2619 753 2681 de
769 2621 840 2682 fide.
855 2621 942 2697 Qubd
957 2623 1046 2683 etiam
1061 2625 1126 2686 dia·
1235 2612 1236 2627 ³

113 2714 233 2766 conatus
249 2712 469 2765 sacramentum
487 2706 549 2779 sit,
568 2712 613 2765 est
621 2714 754 2777 certum,
769 2706 820 2766 sed
833 2724 894 2766 non
906 2706 1022 2768 deiide.
1037 2708 1126 2782 Qubd

114 2790 164 2851 alii
186 2797 285 2849 autem
309 2787 432 2849 ordioes
455 2790 516 2849 sint
537 2788 633 2850 adbuc
652 2800 856 2862 sacramenta,
875 2792 945 2849 satis
971 2794 1126 2870 probabile
1223 2868 1231 2880 Ω,

114 2883 158 2935 est
176 2892 213 2935 ex
225 2874 267 2935 D.
285 2869 403 2945 Yiron,
424 2869 494 2931 edm
517 2873 678 2949 unicuique
697 2874 796 2933 ordini
819 2874 963 2950 assignata
984 2874 1125 2941 videatur

114 2960 237 3020 materia
247 3003 256 3033 ,
267 2967 297 3019 et
309 2956 415 3018 iorma.
429 2957 538 3016 Omnes
559 2966 659 3017 autem
673 2966 785 3034 septem
808 2957 925 3018 ordines
937 2955 1033 3034 (juxta
1045 2958 1125 3026 hane

114 3042 302 3122 sententiam)
318 3060 413 3104 unum
430 3038 548 3101 tantiam
565 3050 781 3100 sacramentum
800 3040 986 3101 constituunt
1004 3061 1042 3103 ex
1053 3049 1124 3107 uni·
1235 3060 1236 3063 ’

113 3134 174 3184 tate
192 3128 276 3203 finis,
297 3126 365 3190 edm
381 3127 490 3205 singuli
511 3126 571 3186 sint
593 3124 721 3186 ordinati
745 3125 782 3187 ad
801 3142 896 3186 unum
916 3128 1012 3189 missae
1033 3132 1125 3192 saeri-

113 3207 214 3267 iicinm
225 3212 453 3286 conficiendum,
464 3219 494 3273 et
504 3226 606 3270 omnes
615 3220 824 3291 supponuntur
840 3210 969 3274 instituti
982 3212 1124 3275 bChristo
1230 3210 1236 3225 “

115 3291 173 3349 illis
184 3291 283 3349 verbis
296 3299 380 3357 :Hoc
395 3295 485 3375 facite
494 3297 527 3357 in
538 3313 635 3359 meam
648 3295 961 3361 comanentorotionent.
974 3299 1009 3359 In
1019 3297 1124 3359 ordine

114 3374 193 3431 enim
199 3375 351 3434 sacerdotii
365 3381 416 3440 alii
426 3384 472 3443 vel
481 3385 672 3445 eontinentur
685 3384 869 3459 eminenter,
880 3391 915 3443 ut
927 3384 1123 3445 suntordioes

113 3452 276 3525 inferiores,
290 3457 337 3514 vel
346 3476 560 3541 consequenter
568 3477 702 3548 respectu
714 3469 751 3530 ad
765 3472 982 3550 Episcopatum.
996 3470 1123 3527 Verum·
1235 3488 1236 3559 p

113 3534 211 3591 nmen
234 3535 418 3609 probabilius
433 3556 477 3606 est
499 3552 573 3613 alios
593 3554 711 3617 ordines
726 3553 846 3635 (praeter
864 3553 1123 3634 presbyteratum,
