2475 3975
296 169 300 176 .
334 146 338 154 ·
366 131 419 190 Ex
432 127 567 212 operibus
581 128 733 192 Benedicti
741 131 828 194 XIV.
1044 139 1101 206 tlt

89 236 194 297 nitatis
213 252 263 302 seu
290 231 436 295 libertatis
466 233 686 307 ceetmiastnae,
709 235 798 294 ctiam
826 251 886 294 non
909 234 1043 297 deductis
1068 240 1101 298 in

85 321 248 400 judicium.
263 318 291 398 S.
304 321 353 380 ll.

131 407 262 467 Tenetur
276 404 434 484 Episcopus
454 402 543 463 etiam
567 402 599 464 in
621 401 695 463 loeis
717 403 768 464 ubi
788 401 918 464 ollicium
932 406 962 464 S.
974 406 1100 482 inquisi-

88 491 180 552 tionis
197 491 291 570 viget,
314 487 418 550 sednlb
445 507 567 560 curare,
588 497 622 549 ut
647 487 789 549 creditam
817 489 872 548 sibi
894 490 1043 557 dioecesim
1063 492 1099 552 ab

85 575 234 636 haereticis
259 581 386 653 purget,
407 582 438 633 et
467 575 491 634 si
521 592 610 652 quern
641 574 804 652 repererit,
828 574 924 652 poeuis
951 575 1099 635 canonicis

86 661 198 739 punire
231 659 340 733 debet3
368 657 471 728 cavere
500 668 598 720 tamen
632 658 741 730 debet,
769 675 807 720 ne
832 659 903 720 lidei
940 660 1100 737 inquisito·

84 743 171 811 resi
196 761 249 802 suo
269 758 393 802 mernere
423 743 561 804 obeundo
584 743 738 822 impediat.
758 743 924 804 Deductum
950 742 1023 805 verb
1044 743 1100 804 baa·

84 830 215 891 roricum
238 828 275 889 ad
297 846 385 888 suum
401 828 533 904 tribunal
559 845 621 888 non
638 826 737 890 minus
756 829 931 906 Episcopus,
947 828 1037 907 quim
1050 830 1100 890 ln.-

84 914 213 991 qnisitor
232 911 421 974 reconciliare
443 918 568 990 possunt
587 911 739 984 Ecclesia,
757 920 788 970 et
809 929 864 989 pro
886 921 1013 991 utruque
1033 913 1098 975 loro

83 997 248 1058 absolvero.
270 997 350 1071 Quin
375 1006 406 1059 et
431 1005 554 1074 possunt
584 994 774 1065 haereticum,
796 1005 952 1073 postquam
982 1015 1098 1059 errares

83 1100 155 1143 suos
173 1082 350 1160 ejuruverit,
369 1082 407 1143 ad
423 1082 589 1161 simplicem
609 1081 817 1142 confessarium
839 1099 893 1159 pro
915 1081 1100 1148 absolutione

5 1185 7 1190 ·
82 1167 255 1240 remittere,
269 1186 335 1246 quae
348 1176 419 1227 tune
437 1167 505 1228 data
527 1163 543 1226 a
563 1166 740 1234 confessario
754 1166 785 1225 in
810 1166 875 1228 loro
896 1166 1098 1226 sacramentali

83 1251 231 1321 absolutio
245 1269 299 1329 pro
317 1251 383 1312 loro
397 1251 508 1330 pariter
528 1260 652 1322 externo
671 1250 759 1317 valet.
784 1251 828 1310 lta
848 1250 880 1313 in
894 1252 947 1310 Tr.
964 1249 1009 1311 De
1024 1251 1096 1328 Syn.

81 1336 178 1405 Dicec,
191 1335 213 1393 l.
228 1337 257 1396 9.
269 1354 295 1394 c.
309 1337 339 1395 lo.
351 1355 381 1395 n.
395 1338 425 1396 5.

123 1419 170 1490 Ab
187 1418 290 1490 haeresi
307 1417 389 1480 mere
408 1419 525 1480 interni
541 1429 571 1481 et
592 1419 732 1491 mentali,
746 1420 830 1480 nullo
853 1419 992 1486 exteriori
1013 1419 1097 1496 signo

81 1505 287 1576 manifestata,
300 1504 424 1584 simplex
438 1504 630 1566 confessarius
651 1504 802 1577 absolvere
814 1514 929 1584 potcst;
945 1504 1013 1565 crim
1036 1503 1098 1566 tae-

81 1589 156 1649 rcsis
175 1590 213 1650 sit
233 1606 350 1649 summo
367 1589 502 1650 Pontifici
521 1597 668 1650 reservata
687 1607 741 1667 pcr
761 1608 915 1652 censuram
931 1608 1118 1661 annexam,.

83 1693 153 1752 quar
176 1675 256 1736 certa
275 1677 307 1735 in
324 1692 360 1734 eo
383 1692 449 1734 casu
469 1675 551 1736 nulla
571 1682 626 1735 est.
646 1675 745 1735 Potest
763 1677 853 1736 etiam
881 1676 1006 1754 simplex
1025 1693 1096 1734 con-

79 1761 219 1818 fessarius
238 1776 308 1818 cum
334 1758 506 1832 absolvero,
531 1760 582 1837 qui
603 1759 696 1816 verbo
715 1760 836 1836 aliquo,
860 1761 908 1819 rel
928 1761 1004 1819 lacto
1025 1759 1096 1820 fidei

80 1843 242 1908 articulum
264 1845 431 1920 negaverit,
448 1842 584 1902 interiori
603 1850 703 1902 tamen
724 1860 841 1901 assensu
858 1842 948 1902 lidcm
964 1845 1098 1903 retinue-

80 1928 146 2001 rit,
168 1945 265 2007 neque
286 1926 415 1986 enimin
438 1925 593 1986 adrerum
615 1925 834 1986 circumstantia
856 1943 979 1985 censura
1000 1926 1095 2007 illiga·
1160 1999 1163 2004 Α

79 2020 177 2073 retur.
201 2014 386 2093 Quamquam
404 2013 436 2072 in
457 2012 521 2075 suro
544 2021 668 2073 externo
689 2019 842 2092 tamqnam
862 2010 1017 2071 hoereticus
1039 2032 1096 2092 pu-

79 2099 218 2169 niretur,
240 2106 271 2159 et
292 2098 493 2177 nequidquam
511 2098 686 2168 obtenderet
708 2115 741 2158 se
756 2094 789 2160 in
808 2097 898 2164 corde
913 2095 1004 2157 iidem
1027 2101 1096 2160 reti·

78 2184 191 2243 unisse.
206 2182 283 2242 lbid.
299 2200 330 2243 u.
344 2184 375 2242 d.

121 2267 152 2327 Si
172 2265 243 2327 verb
263 2277 365 2344 agatur
377 2266 414 2327 de
428 2264 531 2327 haeresi
548 2266 670 2329 externi
684 2266 798 2329 occultl
818 2266 951 2327 nondum
970 2266 1094 2330 deducti

79 2352 118 2413 ad
139 2353 237 2412 lorum
255 2351 407 2428 Episcopi,
423 2352 497 2413 olim
513 2351 635 2430 quidem
652 2350 772 2411 facultas
783 2351 857 2413 iacta
878 2352 935 2411 suit
946 2354 1095 2432 Episcopis

79 2436 98 2498 ir
117 2438 206 2497 Conc.
218 2435 301 2497 Trid.
314 2454 383 2495 sess.
399 2438 449 2497 rt.
464 2455 490 2497 c.
510 2440 540 2509 o,
556 2446 590 2496 ut
606 2454 706 2515 perse
722 2454 783 2497 non
800 2436 870 2498 verb
888 2454 942 2515 per
962 2438 1094 2499 Vicarios

80 2538 150 2581 suos
164 2520 200 2579 ab
220 2519 269 2579 int
283 2519 469 2582 absolverent
482 2522 513 2581 in
524 2522 588 2583 soro
606 2521 802 2581 conscientie.
817 2521 873 2581 Sed
887 2519 955 2582 crim
969 2524 1001 2582 in
1012 2522 1094 2584 bulld

78 2605 203 2683 singulis
214 2605 299 2666 anuis
314 2606 462 2685 publicata
478 2608 790 2668 reserveturllomano
804 2605 938 2664 Pontifici
948 2606 1092 2668 absolutio

78 2693 161 2751 inter
173 2697 277 2750 caetera
291 2690 382 2749 etiam
400 2691 437 2751 ab
457 2690 576 2752 haeresis
593 2690 739 2766 crimine3
753 2698 784 2749 et
803 2688 835 2748 in
854 2688 889 2748 cll
908 2690 988 2750 bnttu
1007 2689 1094 2751 dero-

79 2784 168 2854 getur
181 2774 320 2835 omnibus
334 2776 491 2836 contrariis
503 2776 629 2836 decretis
640 2773 769 2851 cuiusvis
780 2775 914 2846 concilii,
930 2772 999 2835 irinc
1012 2794 1093 2853 quae-

79 2861 137 2921 stio
161 2861 289 2937 agitatur
307 2858 386 2937 apud
412 2859 583 2939 theologos,
605 2854 684 2921 niun
705 2857 795 2921 hodie
815 2862 927 2938 pari-ter
950 2862 1092 2940 Episcopo

80 2952 198 3006 maneat
210 2944 332 3004 incultas
344 2944 514 3007 absolvendi
535 2945 689 3007 haereticos
704 2945 737 3006 in
747 2947 812 3007 loro
825 2945 1019 3005 conscientiae.
1033 2948 1093 3006 lie·

78 3028 174 3107 ganda
190 3039 289 3089 tamen
302 3038 345 3089 est
358 3028 487 3091 illisbaec
498 3032 639 3105 lacultas3
649 3048 717 3089 nam
731 3031 790 3093 illis
799 3030 899 3089 verbis
908 3046 969 3094 non
979 3028 1092 3089 obstan·

78 3113 158 3175 tibus
171 3110 301 3193 erqttsois
313 3110 430 3174 concilii
439 3113 575 3191 decretis,
588 3114 686 3175 omnis
695 3114 812 3174 concilii
826 3112 994 3173 Tridentini
1005 3115 1091 3176 laeni-

77 3208 123 3258 tas
144 3199 292 3276 Episcopis
307 3197 460 3259 adimitur.
476 3200 571 3273 Quam
593 3199 624 3258 in
644 3217 708 3259 rem
731 3200 825 3261 multu
847 3201 1089 3279 Congregationis

78 3284 110 3343 S.
127 3282 221 3343 Officii
238 3292 267 3342 et
281 3283 520 3361 congregationis
533 3287 623 3346 Cone.
639 3284 804 3345 afferrentur
823 3284 956 3359 decreta,
975 3295 1006 3346 et
1017 3286 1092 3361 adji-

78 3370 202 3429 ciuntur
211 3369 241 3429 S.
254 3365 306 3429 Pii
312 3370 332 3429 1
336 3368 372 3427 V.
387 3369 474 3449 Greq.
488 3371 575 3432 XIII
584 3414 593 3441 ,
610 3365 701 3442 Elem.
717 3370 797 3431 Vm
806 3412 815 3440 ,
832 3370 906 3429 vivae
925 3371 1004 3429 vocis
1025 3386 1092 3427 ora-

46 3476 49 3483 ¹
77 3453 166 3525 culta,
183 3451 305 3530 nequid
324 3452 451 3513 dixerim
470 3454 507 3513 de
527 3454 729 3531 propositione
745 3454 875 3523 5‚inter
888 3454 1040 3511 damnatas
1052 3452 1089 3510 ab

79 3533 225 3597 Alexand.
238 3536 311 3597 vlt.
327 3536 480 3597 Serennia
491 3554 626 3599 asserens
641 3533 752 3598 bullum
763 3540 859 3599 Coenae
877 3532 971 3595 solum
987 3532 1091 3612 probi·
