2475 3975
309 155 313 161 ·
387 138 453 200 1.·1.
465 139 495 198 a.
508 138 555 201 na
572 123 818 223 trutinatorem.
1051 146 1110 210 aar

101 237 204 301 habiri
227 247 262 301 ut
286 238 364 302 bona
390 241 618 318 patrimonialia.
643 243 701 304 Alii
731 252 831 307 tameo
852 243 1054 323 probabilitis,
1075 259 1110 310 ut

101 326 206 406 Lapat.
218 329 331 388 Bonae.
344 325 479 387 Novurr.
499 328 648 388 Petrocor·
663 329 752 390 Cone.
777 335 830 390 ele.
848 329 1015 405 affirmant,
1039 335 1107 413 quia

101 411 280 472 beneficiarii
294 410 454 490 exjustitia
466 411 729 476 tencnmrsramns
740 412 905 492 superfluos
917 418 1107 495 pauperibus,

100 497 149 557 vel
164 496 235 558 locis
250 495 306 575 piis
325 512 463 574 crogare,
476 512 545 556 nam
561 497 665 558 saltem
677 498 802 560 Ecclesia
814 517 873 560 non
893 501 1026 562 concedit
1038 502 1109 580 ipsis

99 579 268 642 dominium
280 580 451 653 fructuum,
464 579 522 643 uisi
542 579 703 646 limitatum
721 583 758 644 ad
768 582 935 662 superfluos
946 585 1108 664 erogandos

98 666 133 726 in
143 682 288 745 pauperes
298 663 375 744 (tit.
387 664 418 728 4.
430 683 464 726 rt.
477 664 571 742 tun).
584 664 639 727 llic
649 673 748 730 autem
758 667 860 730 scduld
875 667 1107 738 advertendum,

98 749 183 830 qubd
196 751 310 809 Summ.
321 751 406 809 Pont.
422 749 533 812 Bened.
546 752 638 812 XIV.
654 751 686 812 in
695 752 780 816 Brevi
792 753 831 814 ad
842 752 1028 814 cardinalem
1040 754 1108 814 Del-

97 833 229 914 phinum
237 830 436 894 Patriarcham
448 833 686 912 Aquileiensem,
704 843 842 896 emanalo
860 836 910 896 dic
925 839 963 898 10
983 838 1105 898 ianuar.

98 919 189 980 1718.
206 917 384 989 declaravit,
397 918 552 980 canonicos
570 916 663 978 daero
685 936 746 980 nou
762 919 984 992 interessentes,
997 922 1045 982 vcl
1065 920 1106 982 ibi

97 1019 161 1064 nou
171 1009 325 1074 canentes,
339 1019 402 1062 non
411 999 510 1063 solum
522 1001 747 1064 distributiones
758 1003 943 1082 quotidianas
955 1007 1107 1080 amittere;

97 1088 150 1151 sed
163 1087 303 1157 etiamad
318 1086 538 1149 restitutionem
553 1085 650 1148 madri
661 1087 813 1150 fructuum
833 1103 957 1150 suarum
972 1087 1107 1166 praeben-

97 1168 631 1251 11111111(ιί0.1.11.675.1)10.5.).
772 1233 776 1240 ,
866 1195 874 1204 ·

134 1259 186 1320 00.
206 1288 246 1304 -
263 1259 363 1332 Quaer.
385 1257 425 1316 tl.
451 1257 565 1330 Quanta
578 1255 617 1315 sit
633 1255 773 1332 obligatio
791 1255 899 1317 officii?
921 1257 1042 1317 Certum
1064 1263 1108 1316 est

97 1359 217 1421 peccare
237 1343 389 1422 graviter,
412 1340 465 1418 qui
486 1340 599 1404 omittit
613 1339 777 1408 notabilem
795 1341 882 1402 officii
898 1349 1023 1420 partem.
1045 1341 1106 1404 Coe·

97 1428 197 1492 terrim
218 1435 353 1488 censetur
369 1442 458 1502 parva
478 1425 602 1486 materia
622 1426 740 1488 omissio
764 1427 887 1486 minoris
903 1426 995 1505 partis
1018 1423 1106 1504 qudm

96 1532 196 1595 parvm
212 1511 295 1574 horre
310 1510 388 1590 (nit.
403 1511 431 1570 b.
444 1508 580 1586 11117.)
595 1510 653 1583 Qui
668 1519 769 1572 autem
779 1527 882 1572 omncs
893 1519 1006 1589 septem
1020 1507 1106 1570 heras

97 1600 228 1673 omittit,
240 1595 340 1658 veritis
356 1612 425 1656 cum
436 1591 640 1656 7111811111.
663 1596 750 1660 Cone.
769 1597 880 1656 roura.
893 1602 922 1656 et
937 1594 1104 1670 coronant,

95 1701 192 1746 unum
214 1683 326 1745 omittit
347 1688 529 1760 peccatum,
557 1682 628 1758 quia
651 1697 754 1742 omnes
772 1679 1013 1758 boraaintegrum
1040 1677 1106 1740 ossi·

95 1772 177 1834 cium
194 1772 377 1846 componunt
396 1763 473 1843 (bib.
491 1767 520 1825 ii.
545 1785 579 1826 aa.
610 1764 705 1844 118).
725 1766 783 1838 Qui
803 1765 933 1826 officium
950 1763 1106 1842 projiceret

94 1857 129 1917 in
149 1872 253 1926 mare,
270 1860 317 1912 tot
337 1858 454 1929 peccata
473 1849 691 1920 committeret,
711 1857 784 1925 quot
799 1849 969 1910 omissiones
988 1849 1105 1908 dierunt

95 1939 296 2020 provideret,
320 1937 390 2016 quia
406 1934 529 2013 singula
554 1932 727 1996 omissiones
750 1931 839 1999 officii
858 1977 867 2006 ,
888 1932 925 1995 ad
944 1931 1106 2011 quemlibet

95 2028 176 2089 diem
206 2026 412 2104 pertinentes,
432 2028 502 2085 suut
528 2020 653 2099 singulae
682 2017 949 2098 transgressiones,
980 2014 1104 2087 ethic,

94 2130 144 2173 cas
167 2110 230 2189 jam
252 2107 468 2189 praevidendo,
494 2114 629 2184 peccaret
651 2104 773 2183 quidem
795 2104 827 2163 in
854 2121 939 2163 causa
961 2099 1050 2180 (Ibid.
1071 2120 1104 2161 aa.

42 2225 47 2235 ¹
94 2197 191 2272 110).
211 2197 258 2255 An
279 2195 312 2252 in
327 2193 419 2252 dubio
437 2188 541 2251 aaran
560 2190 722 2267 aliquidaut
742 2187 839 2253 officio
857 2187 894 2247 sit
911 2185 958 2246 vcl
972 2204 1010 2247 ne
1023 2186 1108 2249 omis·

93 2298 185 2353 sum,
203 2280 243 2339 sit
260 2275 474 2355 rcpctenduml
489 2274 695 2353 Repetendum
715 2272 837 2355 quidem
858 2274 889 2333 in
909 2273 1000 2333 dubio
1017 2290 1106 2350 nega·

94 2368 185 2438 tivo,
213 2364 324 2423 scilicet
345 2361 371 2421 si
399 2360 516 2420 nullum
544 2358 676 2437 prudeus
700 2358 847 2423 motivum
875 2355 1003 2434 habeas,
1025 2355 1105 2435 qudd

91 2450 155 2530 jam
179 2449 310 2525 dixeris3
325 2442 408 2507 sectis
424 2446 450 2505 si
471 2445 597 2505 dubium
616 2453 660 2507 est
680 2444 858 2523 positivum,
874 2460 981 2521 nempe
997 2442 1022 2503 si
1035 2460 1105 2523 pro·

95 2536 232 2597 habiliter
252 2532 353 2593 credas
368 2539 398 2591 tc
419 2530 527 2590 dixisse
541 2550 552 2608 3
568 2531 609 2591 ita
628 2529 826 2593 communiter
847 2529 928 2591 Noto.
949 2526 1102 2600 Sancbez,

98 2626 180 2703 napo
190 2666 201 2699 ,
225 2624 336 2684 Tottrn.
364 2618 461 2680 Castr.
477 2616 573 2677 Salat.
587 2619 678 2677 Ronc.
693 2614 782 2693 (Vide
801 2613 822 2675 l.
842 2617 871 2677 5.
890 2633 923 2675 rt.
947 2615 1029 2693 tau.)
1050 2612 1103 2692 (1).

134 2708 184 2768 70.
205 2738 245 2751 -
268 2706 368 2779 Quen.
386 2706 439 2764 lll.
454 2704 525 2777 Qum
547 2703 739 2779 requirantur
762 2699 799 2761 ad
822 2698 909 2761 horas
933 2699 1009 2761 benc
1029 2701 1104 2761 reci·

96 2791 224 2853 naama
239 2789 413 2868 llequirltur
428 2790 459 2848 1.
477 2788 513 2847 Ul
534 2790 698 2847 recitentur
710 2784 797 2865 juxta
810 2783 1017 2865 praescriptum
1029 2786 1103 2845 Bre-

93 2874 187 2939 111117
199 2873 337 2938 Romani.
351 2872 435 2933 Unde
445 2871 674 2950 improbabilem
683 2889 786 2933 censeo
798 2870 970 2948 opinionem
982 2888 1102 2942 eorum,

95 2961 149 3040 qni
166 2960 270 3021 dicunt
290 2976 351 3019 non
374 2974 494 3036 peceare
516 2958 704 3031 mortaliter,
727 2958 780 3037 qui
799 2952 1102 3020 commutat'ossicium

94 3048 128 3107 in
146 3045 227 3107 aliud
238 3042 408 3107 notabiliter
419 3043 538 3103 brevius
550 3041 584 3120 (l.
598 3043 831 3121 1.1.160.).Αη
845 3050 945 3103 autem
958 3042 1002 3103 sit
1021 3060 1102 3105 mor·

92 3132 153 3192 tale
171 3137 286 3191 mutare
307 3128 340 3188 in
360 3131 496 3205 equale,
513 3128 562 3188 vel
583 3130 687 3207 quasit
705 3128 795 3189 Adest
813 3126 884 3188 hinc
905 3126 975 3188 inde
993 3126 1102 3206 duplex

92 3215 293 3294 plurimorum
314 3213 469 3273 sententia.
490 3212 612 3291 AEquids
624 3221 723 3277 tamen
737 3212 1023 3277 uideturdiccndum
1034 3232 1102 3277 cunr

91 3300 217 3380 Sporar,
232 3301 361 3377 ltonccp.
380 3297 473 3371 Viuo,
497 3298 604 3379 tapam
630 3296 738 3373 attat,
757 3306 811 3359 etc.
824 3314 886 3360 esse
905 3300 1048 3372 mortale,
1071 3300 1096 3361 si

90 3385 218 3445 mutatio
237 3385 276 3445 sit
292 3386 430 3462 frequens
446 3404 456 3461 3
471 3384 585 3445 reniale
602 3384 628 3445 si
645 3380 735 3461 narb,
756 3382 827 3463 pull
843 3389 913 3463 ter,
933 3385 981 3446 vel
994 3390 1097 3463 quater

120 3514 249 3578 (1)(311111
264 3520 341 3568 naum
358 3513 388 3565 aa
397 3514 414 3563 1.
426 3514 448 3563 1.
457 3528 481 3563 n.
492 3512 529 3562 29.
539 3513 648 3576 positam.
950 3566 1015 3615 m
