2475 3975
141 158 198 219 lll
423 150 537 214 Pteria
552 146 736 233 confessarii.
754 149 826 229 Cup.
842 148 873 207 9.

141 262 291 335 operatur.
306 252 481 317 Recollectio
493 251 565 314 verb
584 246 823 331 supernoturolia
833 254 878 308 est
893 245 961 318 illa,
976 262 1065 326 quam
1078 261 1153 325 ope·

139 351 222 403 ratur
241 344 320 403 Deus
344 339 509 401 ministerIo
532 337 686 416 eujusdam
707 336 811 415 gratie:
833 332 1097 405 extraordinariae,
1117 340 1153 392 et

139 444 192 507 per
206 444 295 507 quem
307 428 386 487 Deus
403 424 524 487 collocat
541 425 672 485 animam
682 423 714 483 in
726 430 804 482 statu
817 419 950 501 passivo:
963 420 1004 481 ita
1014 427 1048 477 ut
1058 418 1152 479 recol·

139 513 225 579 lectio
246 510 498 592 supernaturalis,
521 527 572 571 seu
598 510 715 585 inluso,
737 516 810 567 tune
840 502 962 584 propric’:
982 501 1148 573 habeatur,

139 597 258 677 quondo
278 596 410 657 collectio
427 596 628 674 potentiarum
639 610 699 655 non
711 592 810 652 evenit
823 590 912 673 operi
924 588 1017 668 ipsius
1028 590 1149 659 animae,

140 682 190 743 sed
214 680 357 743 beneficio
375 680 466 751 lucis,
480 696 571 759 quam
593 678 672 739 Deus
692 676 840 749 infundit,
858 682 888 736 et
907 674 1151 755 perquamerri-

141 772 220 827 tatnr
240 766 271 828 in
295 764 392 827 anima
408 782 532 843 magnus
550 772 581 825 et
601 761 747 825 sensibilis
768 777 852 821 amor
880 760 1011 820 divinus.
1034 761 1069 820 ln
1090 756 1153 818 hoe

140 858 216 911 statu
234 866 295 911 nen
313 856 358 910 est
376 850 505 929 cogenda
520 849 619 909 anima
638 848 676 909 ad
694 843 934 927 suspendendum
951 844 1150 921 tranquillum

140 952 208 997 eum
223 935 407 1007 discursum,
425 953 514 1014 quem
534 932 611 997 torti
628 934 659 1011 ei
678 932 730 993 lux
747 934 808 1011 ipsa
821 930 949 990 suaviter
962 930 1149 989 insinuaret:

141 1020 392 1101 quemadmodum
417 1040 473 1083 nee
496 1021 585 1080 debet
602 1017 776 1079 incumbere
796 1014 1022 1077 considerationi
1044 1033 1153 1077 rerum

141 1106 380 1185 particularium,
396 1113 447 1165 out
466 1101 761 1163 determinationibus
775 1118 848 1181 quas
860 1098 937 1161 valet
954 1100 1152 1163 efficereNec

142 1189 227 1251 debet
248 1187 391 1249 curiosius
409 1188 586 1266 investigare
604 1185 748 1265 quidnam
771 1188 810 1246 sit
830 1186 954 1247 interior
974 1202 1008 1245 ea
1026 1186 1153 1266 spiritis

142 1272 328 1333 recollectio:
351 1272 403 1335 sed
423 1274 500 1333 sinat
519 1290 550 1331 se
569 1272 658 1351 dirigi
674 1270 691 1331 d
715 1272 777 1331 Deo
798 1270 836 1331 ad
855 1269 1079 1331 considerandas
1102 1290 1155 1333 res

142 1357 222 1430 illas,
234 1358 358 1437 illosque
375 1367 457 1422 actus
476 1357 625 1419 faciendos
637 1400 647 1431 ,
661 1355 699 1417 ad
719 1373 793 1437 quos
808 1374 839 1417 se
860 1354 1056 1437 magisiDeo
1078 1357 1153 1419 terri

141 1442 302 1521 cognoscit.

181 1527 250 1587 tat.
263 1525 414 1587 Secundus
436 1526 544 1607 gradus
557 1536 601 1589 est
613 1524 730 1611 quictis.
745 1528 780 1587 ln
793 1525 1001 1588 recollectione
1011 1526 1057 1586 ris
1067 1544 1154 1590 amo-

141 1610 182 1673 ris
204 1612 440 1695 communicatur
458 1612 629 1673 immediate
647 1610 780 1672 sensibus
802 1610 952 1685 externis,
974 1627 1049 1691 quos
1071 1613 1156 1673 Deus

142 1697 206 1774 ipse
225 1696 304 1757 intra
324 1696 454 1757 animam
469 1698 536 1758 lacit
557 1698 705 1776 colligere.
719 1698 777 1758 Sed
799 1697 831 1758 in
853 1697 952 1775 quiete
967 1714 1051 1758 amor
1070 1716 1156 1759 com·

143 1780 313 1841 muniretur
339 1780 509 1843 immediati
540 1783 660 1863 spiritui
679 1783 712 1841 in
742 1782 807 1861 ipso
830 1784 938 1841 animes
960 1790 1065 1844 centro
1087 1803 1098 1842 :
1123 1795 1156 1845 et

143 1882 226 1927 amor
239 1866 301 1945 ipse
317 1875 361 1927 est
372 1868 539 1945 ardentior,
560 1868 611 1947 qui
627 1868 733 1929 deinde
749 1869 886 1929 etiamad
904 1886 1005 1928 sensus
1015 1878 1158 1930 externos
1217 1941 1218 1944 Ἴ

142 1948 343 2013 diffunditur:
362 1949 418 2012 hoe
439 1951 511 2014 verd
527 1970 587 2014 non
601 1971 719 2032 semper
735 1973 744 2013 :
765 1954 845 2015 unde
861 1954 1012 2016 multoties
1026 1954 1155 2027 accidit,
1217 1994 1218 1997 =

143 2037 222 2117 qudd
234 2038 330 2098 anima
344 2036 449 2098 habeat
459 2039 622 2099 orationem
638 2039 764 2117 quietis,
777 2039 828 2100 sed
842 2039 906 2099 sinc
924 2039 984 2100 ulla
996 2039 1160 2102 dulcedine

141 2123 285 2186 sensibili.
297 2125 376 2203 Dicit
393 2125 424 2186 S.
445 2123 581 2186 t’tcrccto
592 2123 642 2204 (ln
669 2122 733 2184 oito
749 2143 776 2184 c.
791 2125 853 2203 ld.)
870 2123 949 2203 qudd
963 2125 994 2184 in
1011 2123 1066 2184 hae
1085 2144 1157 2187 ora-
1217 2146 1218 2191 3

143 2208 224 2268 tione
245 2227 305 2270 non
329 2209 550 2289 suspenduntur
572 2225 675 2270 omnes
694 2211 856 2286 potentie:
876 2207 1067 2287 suspenditur
1084 2212 1158 2290 qui·
1217 2246 1218 2255 κ

142 2291 209 2352 dem
223 2295 377 2364 voluntas,
392 2300 422 2354 et
438 2303 571 2354 remanet
586 2303 738 2373 tamquam
751 2295 856 2374 ligate,
871 2295 939 2372 quia
952 2301 1024 2354 tune
1034 2295 1157 2357 nullum
1217 2330 1218 2333 κ

143 2374 223 2435 aliud
241 2374 389 2452 objectum
406 2385 514 2454 praeter
533 2381 629 2438 Deum
643 2380 722 2440 valet
738 2397 856 2456 amare,
867 2379 919 2457 qui
937 2395 1003 2439 eam
1021 2379 1078 2439 sibi
1098 2387 1158 2442 tru-
1217 2378 1218 2381 ’

143 2459 267 2536 hit3scd
288 2460 468 2533 intellectus,
490 2471 520 2522 et
539 2465 704 2537 memoria,
725 2473 777 2525 aut
801 2463 950 2544 phantasia
972 2464 1157 2546 quandoque

143 2548 298 2606 remanent
323 2544 441 2619 libere,
469 2555 500 2606 et
528 2545 587 2608 bite
614 2547 745 2627 illicoque
772 2556 945 2610 excurrunt.
965 2548 1050 2610 Unde
1079 2550 1158 2613 dicit

144 2631 247 2692 Sancta
259 2629 385 2708 (domm.
399 2629 433 2691 dt
441 2627 552 2714 perfer.
567 2649 598 2712 p.
610 2633 693 2712 209.)
704 2635 833 2694 animam
850 2635 888 2694 de
902 2633 958 2696 hoe
969 2651 1029 2694 non
1042 2633 1158 2697 debere
1217 2652 1218 2673 ³

144 2715 275 2778 tristari:
291 2713 398 2776 Rideat
413 2716 537 2796 (inquit)
555 2717 590 2777 de
602 2735 659 2778 suo
681 2719 854 2801 capitatione
866 2762 874 2792 ‚
885 2716 1157 2800 illamquedeserot
1217 2712 1218 2719 ἵ

143 2797 235 2864 edati
256 2798 395 2878 stultam,
416 2808 445 2860 et
465 2811 585 2862 moneat
609 2805 645 2862 in
664 2821 721 2865 suo
742 2805 865 2884 quiete:
885 2811 915 2865 et
929 2803 997 2864 edm
1012 2802 1157 2868 uolontas
1217 2834 1218 2869 1

142 2886 184 2950 ait
202 2884 345 2964 daunino,
370 2887 439 2967 ipse
465 2885 671 2968 cogitationem
692 2887 733 2950 od
753 2907 783 2949 so
806 2888 939 2962 reducet,
956 2887 1066 2971 absque
1091 2889 1158 2954 utto

144 2980 238 3034 oestro
254 2969 363 3036 tutore.
380 2969 466 3046 Quat
485 2973 510 3031 si
523 2971 623 3034 anima
644 2974 717 3034 velit
737 2993 769 3034 se
786 2974 934 3054 applicare
956 2971 994 3034 ad
1012 2975 1157 3055 colligen-

144 3054 211 3116 dam
222 3057 444 3136 cogitationem,
458 3053 534 3118 nihll
551 3057 674 3120 omnini
691 3067 775 3138 aget,
789 3067 912 3118 etsuom
921 3059 1053 3136 quietem
1066 3061 1158 3122 amit·

140 3141 198 3198 tet.
217 3140 253 3199 ln
267 3140 323 3202 hoc
343 3151 421 3204 statu
445 3140 541 3202 multd
560 3141 661 3203 minuis
675 3142 765 3222 quiam
786 3143 818 3203 in
835 3144 1042 3207 recollectione
1054 3146 1154 3208 anima

126 3219 233 3280 debet
256 3239 287 3282 se
313 3227 461 3303 applicare
486 3225 524 3286 ad
543 3226 689 3288 iaciendos
708 3227 988 3300 determinationes,
1001 3237 1056 3290 aut
1081 3229 1155 3292 alios

146 3309 227 3364 aetus
238 3319 276 3362 ex
287 3321 317 3362 se
329 3307 390 3381 ipsa
403 3308 621 3370 emendicatos:
636 3329 686 3372 eos
698 3312 904 3374 tantummodi
915 3312 1018 3387 faeiat,
1029 3311 1068 3374 od
1081 3332 1155 3393 quos

146 3399 177 3440 se
192 3385 283 3478 sentit
293 3383 309 3440 d
319 3386 379 3444 Deo
397 3393 526 3452 suaviter
538 3393 663 3472 impelli.
1217 3392 1218 3439 3

165 3464 255 3555 μδ.
276 3465 413 3557 Dicamus
440 3488 519 3534 nunc
539 3477 636 3554 aliqua
659 3477 697 3538 de
718 3481 852 3543 oratione
875 3497 958 3559 pure
971 3484 1155 3562 contempla·
1217 3484 1218 3487 ’

150 3547 257 3614 tionis,
279 3545 389 3605 sctltect
408 3547 446 3607 de
463 3561 710 3634 contemplatione
735 3566 868 3642 negativa
891 3563 1028 3642 stupentis
1058 3586 1155 3629 enutr-
