2475 3975
120 187 178 250 298
313 179 452 268 Epitome
460 180 601 246 ducheleo·
614 175 936 242 mmloetceecnoo

548 343 701 410 censos..

163 499 274 560 Census
286 497 372 559 roolis
386 497 484 558 licitus
503 503 567 565 est,
581 503 611 557 ol
628 493 772 556 immunis
789 494 828 556 ob
848 494 956 566 usuri,
970 515 1042 558 nem
1062 516 1156 560 ven.

125 584 228 658 ditur,
249 593 280 644 ct
292 584 400 644 emitur
414 581 463 655 ius
484 580 667 661 percipiendi
689 591 804 658 perlem
818 581 968 640 fructuum
983 601 1019 642 cx
1036 585 1154 644 alieno

125 668 237 744 fundo,
260 687 325 748 quoe
345 667 495 728 fructuum
516 667 614 745 portio
634 674 679 725 est
703 667 805 744 pensio
825 665 948 748 singulis
970 668 1058 728 annis
1081 671 1156 730 sol·

125 755 228 816 vendo.
241 755 284 814 De
297 755 369 832 Syn.
383 751 470 813 dioec.
483 753 537 813 lib.
550 753 598 814 lo.
613 769 639 812 c.
652 754 681 813 5.
698 771 728 812 n.
741 752 773 811 l.

163 841 272 900 Census
286 837 357 899 verb
381 838 544 916 personalis
558 837 685 898 dubium
703 845 749 898 ost
765 855 839 898 num
851 837 889 899 dc
902 838 954 899 sul
974 840 1091 901 naturzl
1107 840 1153 901 sit

126 923 276 986 usurarius
288 941 344 984 nce
357 941 405 985 no.
420 925 541 985 Constat
550 930 651 984 tomen
664 924 791 983 vetitum
802 941 864 983 osse
877 943 913 984 ex
922 925 1155 986 constitutione

126 1011 159 1074 S·
172 1007 225 1072 Po·
242 1009 278 1072 V.
295 1011 326 1070 in
344 1011 402 1090 qul
422 1011 644 1071 constituuntur
664 1008 768 1070 censis
786 1009 977 1070 conditiones.
997 1009 1045 1069 lb.
1058 1030 1096 1070 ιι.
1112 1011 1149 1079 ,5.

166 1097 245 1157 llum
260 1096 445 1156 conditiones
464 1095 541 1167 illoc,
560 1093 657 1172 quood
678 1112 731 1166 eo,
757 1112 822 1172 quae
842 1111 903 1153 non
919 1102 989 1153 sunt
1010 1094 1050 1154 de
1066 1093 1153 1172 jure

129 1177 276 1253 naturali,
294 1198 327 1242 oc
345 1181 446 1241 divino
459 1225 466 1250 ‚
482 1199 518 1239 ex
531 1179 679 1240 contrarii
690 1178 901 1238 consuetudine
913 1178 1047 1256 legitime
1059 1200 1151 1258 pree·

128 1267 234 1346 scripti
247 1266 420 1328 moverint
441 1265 574 1344 obligare
592 1263 672 1342 apud
688 1263 829 1341 quasdem
840 1265 992 1336 notiones,
1006 1265 1148 1328 dubium

128 1359 183 1412 est.
193 1352 234 1411 hc
243 1369 297 1430 pro
306 1349 443 1430 llisponii
452 1349 531 1410 idom
542 1348 618 1410 Pius
630 1349 665 1410 V.
680 1349 822 1408 concessit
831 1365 891 1408 non
901 1348 1042 1426 obligare,
1054 1360 1091 1409 ut
1104 1368 1149 1410 ex

129 1434 289 1498 Gettierez.
302 1436 347 1497 lb.
361 1455 393 1495 n.
413 1437 442 1496 b.
460 1437 496 1496 El
512 1433 616 1495 roveri
635 1433 765 1495 occidero
775 1450 874 1511 posse,
888 1440 924 1491 ut
935 1450 967 1492 ee
988 1435 1147 1494 contrarie

129 1520 308 1582 consuetudo
340 1519 447 1580 alicubi
470 1520 646 1590 invaluerit,
667 1519 818 1577 scribitur.
845 1519 890 1578 lb.
914 1519 1014 1578 hlonet
1033 1527 1145 1580 temen

129 1603 356 1663 Pontilexctiem
366 1603 398 1660 in
410 1601 877 1679 iisdioeoesibusinquibusPiene
889 1602 1061 1665 constitutio
1075 1621 1146 1663 non
1232 1632 1234 1639 ·

129 1687 223 1764 viget,
238 1691 271 1743 ut
288 1683 304 1744 l
326 1684 462 1744 censibus
472 1685 696 1762 personalibus,
710 1687 876 1763 presertim
888 1685 1040 1764 utrimque
1056 1687 1146 1751 redi‹

130 1769 280 1834 mibilibus
293 1769 485 1833 abstineatur.
501 1770 577 1832 ibid.
594 1789 626 1830 n.
638 1772 668 1832 6.

547 1933 716 2002 CHOREAE.

169 2070 308 2162 Choicae,
320 2087 454 2169 qtrnnrvis
472 2106 508 2150 ex
525 2086 572 2149 sui
592 2088 697 2149 poturi
713 2095 784 2149 sunt
800 2088 888 2149 licito
899 2132 908 2162 ,
920 2087 971 2149 vix
990 2095 1089 2149 brnen
1107 2092 1145 2151 in

130 2183 215 2252 ectu,
230 2174 380 2254 quomodo
394 2190 473 2236 nunc
493 2174 588 2245 liunt,
611 2172 744 2251 permitti
768 2181 909 2252 possunt,
922 2169 992 2237 oiim,
1004 2173 1145 2251 plerum·
1232 2221 1234 2228 .

131 2276 190 2338 quo
204 2262 265 2320 sint
285 2261 422 2339 peccandi
438 2260 562 2322 occasio.
577 2261 648 2320 lnst.
659 2258 768 2319 Eccles.
780 2259 828 2319 lo.
840 2276 870 2319 n.
885 2259 914 2319 b.
1076 2324 1080 2329 ,

170 2346 298 2406 Chorene
314 2344 386 2405 verb
403 2345 421 2405 h
438 2346 552 2405 clericis
579 2361 640 2405 non
661 2343 725 2404 sino
747 2352 865 2424 peccato
884 2343 966 2422 ςιιιί
986 2342 1032 2419 ogi
1052 2358 1145 2420 posse

132 2428 259 2503 theologi
295 2428 430 2504 plerique
455 2438 610 2499 asserunt,
632 2434 667 2487 ul
697 2426 835 2489 firmetur
860 2429 934 2487 lust.
958 2428 1065 2488 Eccles.
1085 2428 1145 2496 76.

130 2530 150 2572 n
175 2512 204 2570 7.
218 2508 298 2582 Quin
320 2516 350 2569 et
370 2507 522 2587 prohiberi
537 2519 660 2588 possunt
678 2510 717 2569 nb
729 2512 879 2592 Episcopis
896 2512 994 2573 clerici
1013 2528 1146 2585 omnes„

1232 2363 1234 2435 l

1230 2447 1232 2544 l

132 2614 170 2660 ne
184 2594 442 2668 choruschorus,
457 2612 495 2657 ne
515 2595 548 2655 in
567 2594 625 2655 illis
642 2594 747 2655 ludent
765 2596 1070 2675 instrumentis‚quin
1082 2614 1148 2659 neo

132 2682 306 2763 permittant
320 2698 368 2741 ees
387 2680 453 2741 lieri
470 2682 501 2742 in
522 2680 582 2741 suis
602 2678 716 2740 sedibus
734 2681 949 2752 ecclesiasticis,
962 2681 1143 2741 canonicali·
1232 2723 1234 2750 ,

134 2770 211 2838 hus,
235 2764 473 2843 parochialibus,
494 2782 545 2827 seu
565 2766 655 2825 etiem
676 2764 895 2825 beneficialibus
912 2764 1060 2843 deputetis
1084 2782 1143 2843 pro

134 2850 284 2915 domicilio
303 2848 468 2908 beneficiati
480 2892 489 2916 ‚
501 2850 615 2908 etiarnsi
632 2850 690 2908 illes
710 2848 815 2907 fierent
832 2849 953 2907 nomine
965 2851 1143 2927 consangui-

33 2969 37 2979 ·
90 2944 92 2948 ’
135 2948 261 2999 lienium
279 2932 391 2994 ibidem
415 2930 670 3005 cohabitantium,
689 2930 858 3008 queverba
880 2930 1140 2993 suntdecrsc.

135 3018 230 3083 relati.
245 3024 317 3083 lnst.
331 3019 436 3081 Eccles.
452 3018 501 3078 lo.
516 3036 548 3079 ιι.
562 3018 592 3079 8:

549 3180 726 3243 ounlslll.

173 3338 216 3397 lix
230 3353 294 3396 con.
309 3338 346 3396 Si
360 3337 428 3416 occis
441 3336 475 3399 clo
487 3332 564 3415 otio,
579 3334 617 3397 de
631 3347 762 3395 consecr.
779 3333 849 3395 dist.
863 3336 894 3395 l.
907 3335 1056 3415 colligitur
1067 3338 1140 3403 voti·
1232 3401 1233 3416 ,

134 3426 199 3475 tum
217 3434 279 3477 esse
300 3420 433 3493 parochis
451 3421 532 3483 eliud
548 3420 675 3482 chrisma
691 3419 780 3499 quim
799 3418 837 3479 ob
848 3421 992 3501 Episcopo
1004 3439 1057 3481 suo
1069 3439 1139 3483 con·
1232 3425 1233 3430 ’

133 3506 277 3557 socruum
295 3498 446 3559 adhibere.
468 3506 542 3564 lust.
567 3506 676 3567 Ecclee.
697 3507 748 3566 8l.
771 3524 802 3565 ιι.
817 3506 848 3566 2.
861 3507 944 3569 omni
956 3505 1137 3586 quicumque

135 3582 320 3647 exemptione
336 3580 466 3655 excluso,
483 3595 517 3645 ut
531 3605 567 3647 ex
580 3590 742 3653 Passerino.
753 3589 829 3651 lbid.
