2475 3975
148 187 205 249 lid
428 185 542 249 Praxt't
555 182 739 266 emtsettert‘i.
756 186 874 269 Copae.
1231 267 1232 280 χ

149 286 255 349 melitis
277 296 349 350 tune
365 295 411 349 eet
427 287 464 348 ad
485 286 700 367 purificandam
718 284 885 348 animamh
909 288 996 366 culpa
1019 288 1091 359 illa,
1111 286 1155 349 uti
1231 283 1232 362 l

149 372 212 434 istis
237 373 361 447 mediis,
384 372 472 452 quim
493 372 605 451 privari
629 373 838 434 communione
854 380 978 451 propter
992 373 1156 433 absentiam
1231 417 1232 456 3

149 458 329 519 confessarii.
357 460 394 519 Et
418 456 532 537 sapiens
552 456 675 535 quidam
699 457 829 517 director
850 457 985 529 dicebat,
1003 457 1085 535 qubd
1103 458 1157 517 ali·
1231 461 1232 542 ζ

149 546 267 621 quando
288 542 377 623 longe
392 542 570 603 fructuosius
582 551 629 604 cst
648 542 893 621 proquibusdam
905 543 1060 604 animabus
1068 544 1157 604 tirno·

149 631 221 690 ratis
239 630 395 710 disponere
410 646 442 688 se
460 626 498 687 ad
517 630 756 688 communionem
771 629 884 689 actibus
895 630 973 705 suis,
989 627 1078 707 quiam
1088 646 1155 689 cum

150 713 211 792 ipsa
230 715 419 774 consessione.
442 714 479 771 Et
495 713 647 773 multoties
666 713 790 788 accidit,
807 712 888 791 qubd
904 722 979 773 tunc
1004 715 1103 775 anima
1124 732 1156 775 sc

149 796 282 939 pisponnt
296 797 411 859 actibus
429 797 658 859 ferventioribus
672 797 879 870 contritionis,
903 797 1111 873 confidentiae,
1126 808 1157 861 et
1232 793 1233 822 ¹

171 883 334 943 umilitatis.

189 966 258 1027 lli.
283 968 386 1042 Quoad
412 968 484 1031 verb
508 968 772 1043 communionem,
795 986 858 1031 non
878 969 1032 1048 loquimur
1050 966 1102 1030 hle
1119 969 1158 1029 do

149 1051 329 1132 obligatione
342 1063 493 1133 pastorum
510 1056 676 1115 animarum
695 1072 755 1116 non
772 1055 898 1133 negandi
917 1056 1155 1115 communionem

149 1138 324 1217 cuicumque
344 1140 463 1201 subdito
480 1140 531 1215 qui
549 1156 610 1198 non
631 1141 671 1199 sit
690 1138 808 1217 publice
823 1147 978 1217 peccator,
996 1148 1027 1198 et
1041 1142 1157 1217 quotics

149 1224 362 1283 rationabiliter
375 1231 464 1301 petat.
480 1224 554 1283 Satis
566 1223 604 1283 de
621 1222 677 1284 boe
696 1226 810 1302 οςίωιιε
831 1228 862 1285 in
876 1225 965 1285 libro
978 1223 1055 1303 (tit.
1075 1227 1106 1285 6.
1122 1244 1152 1284 a.

149 1308 243 1385 ret),
258 1308 290 1367 in
307 1324 367 1386 quo
384 1307 531 1384 vidimus,
548 1310 756 1369 Innocentium
768 1311 830 1371 XI.
842 1310 874 1370 in
894 1308 1022 1388 quodam
1033 1328 1088 1371 suo
1100 1312 1156 1369 De·

148 1400 228 1451 creto
249 1391 400 1453 ordinasse
416 1410 504 1453 usum
523 1395 742 1455 communionis
758 1394 924 1473 frequentis
936 1403 1032 1454 totum
1044 1394 1156 1454 remitti

147 1474 313 1555 prudentiae
331 1478 594 1557 confessariorum
612 1478 693 1539 unde
709 1484 774 1541 sine
789 1480 924 1540 evidenti
943 1496 1045 1551 causa,
1059 1480 1157 1539 nescio

149 1562 299 1639 quomodb
312 1562 432 1642 parochi
449 1566 563 1642 possint
582 1564 647 1625 tuta
665 1565 845 1625 conscientie
865 1565 1011 1643 denegare
1030 1564 1157 1644 petenti,
1232 1563 1233 1576 ¹

148 1645 203 1705 bus
221 1647 474 1707 communionem.
492 1650 529 1708 Et
551 1648 715 1727 notandum
731 1658 776 1709 cst
788 1695 797 1722 ,
811 1649 892 1728 qubd
911 1648 944 1709 in
961 1650 1084 1728 prelato
1100 1652 1157 1709 De·
1232 1675 1233 1708 l

148 1740 229 1792 creto
248 1727 424 1809 prohibetur
435 1733 584 1812 Episcopis
595 1733 785 1812 prescribere
799 1736 831 1795 in
843 1752 950 1813 genere
962 1736 1023 1793 suis
1032 1734 1156 1794 subditis

146 1815 209 1877 dies
223 1815 259 1876 ad
269 1815 431 1877 faciendam
442 1818 682 1879 communionem
694 1840 704 1895 3
717 1819 768 1879 sed
787 1820 938 1897 loquimur
950 1816 999 1879 bic
1014 1817 1156 1879 duntaxat
1229 1849 1233 1861 =

146 1901 183 1963 de
203 1900 291 1963 medo
313 1918 372 1981 quo
397 1902 565 1963 confessarii
591 1902 700 1964 debent
724 1922 756 1964 se
781 1922 885 1984 gerere
906 1904 940 1964 in
970 1904 1155 1965 concedenda

146 1988 355 2050 communione
380 1988 441 2048 suis
465 1988 691 2066 poenitentibus.
713 1992 749 2050 ln
770 1991 827 2052 boc
846 1990 967 2070 quidam
989 1998 1093 2052 errant
1118 1990 1155 2050 ab

49 2145 52 2152 Ι
145 2075 269 2134 nimiam
288 2071 524 2152 indulgentiam,
544 2073 594 2132 alii
609 2072 649 2133 ob
665 2076 794 2135 nimium
807 2077 947 2154 rigorem.
962 2077 1030 2136 Non
1044 2084 1088 2135 est
1101 2076 1155 2135 du·

145 2159 232 2221 bium
248 2159 322 2239 quin
345 2175 432 2219 error
448 2159 505 2230 sit,
522 2166 557 2218 ut
575 2158 706 2219 advertit
716 2160 771 2221 SS.
780 2163 819 2221 P.
830 2157 1006 2220 Benedictio
1018 2159 1110 2223 XIV.
1124 2161 1155 2218 in

145 2261 235 2305 aureo
256 2261 310 2307 suo
336 2245 414 2304 libro
431 2243 469 2304 de
486 2241 625 2322 Synodo,
647 2244 808 2306 concedere
833 2244 1072 2307 communionem
1096 2245 1155 2304 sre-

144 2336 285 2407 quentem
303 2331 340 2388 lis
359 2329 411 2406 qui
429 2329 506 2408 saepe
526 2331 557 2388 in
580 2341 697 2410 peecata
718 2331 818 2411 mavia
839 2331 1000 2404 labuntur,
1013 2349 1069 2391 nce
1079 2331 1155 2391 solli-

145 2415 195 2474 citi
213 2421 284 2474 suni
300 2412 338 2472 de
355 2412 466 2490 agenda
487 2417 662 2491 poenitentia
677 2461 686 2490 ,
701 2436 734 2477 ac
751 2418 789 2478 de
801 2435 852 2478 sua
865 2414 1090 2494 emendation03
1104 2425 1155 2477 aut

144 2500 180 2560 iis
201 2498 253 2577 qui
275 2495 418 2558 accedunt
444 2497 481 2557 ad
498 2502 741 2563 communionem
761 2521 829 2564 cum
852 2502 956 2564 affectu
981 2503 1018 2563 ad
1038 2511 1153 2581 peecata

145 2584 269 2645 venialia
296 2583 457 2645 deliberata
480 2584 543 2644 sine
570 2588 632 2649 ullo
659 2587 806 2651 desiderio
828 2607 860 2650 ee
880 2588 919 2649 ab
943 2589 986 2649 eis
1007 2590 1152 2649 liberandi

145 2670 220 2752 (tit.
234 2672 263 2732 6.
278 2689 311 2733 a.
324 2669 418 2750 ete).
437 2671 560 2750 Expedit
578 2674 700 2752 quidem
714 2675 873 2753 aliquando
888 2673 1049 2736 concedere
1070 2693 1153 2735 com·

144 2757 316 2818 munionem
335 2757 501 2835 aliquibus,
515 2761 568 2836 qui
587 2769 685 2822 essent
702 2763 732 2821 in
752 2762 884 2839 periculo
906 2761 1025 2823 labendi
1039 2761 1071 2821 in
1084 2778 1152 2838 pec-

144 2853 207 2905 cata
227 2841 361 2920 lethalia,
377 2852 412 2904 ut
422 2845 501 2904 vires
517 2848 662 2925 recipiant
672 2847 710 2907 ad
725 2847 943 2907 resistendum:
959 2847 1151 2926 sedreepectu
1233 2900 1234 2917 ,

143 2946 246 2991 carum
266 2945 480 3008 personarum,
500 2949 566 3008 quae
587 2950 647 2991 non
666 2932 797 2992 existunt
812 2932 844 2991 in
858 2931 1153 3010 utiparim10‚ete

143 3013 245 3076 contri
264 3015 454 3078 committunt
472 3015 623 3078 ordinarie
637 3027 755 3097 peecata
774 3016 900 3077 venialia
921 3015 1101 3090 deliberata,
1121 3027 1151 3076 ot

143 3100 225 3159 nulla
242 3099 272 3160 in
286 3101 328 3161 eis
341 3097 525 3172 emendatio,
543 3119 641 3183 neque
656 3102 834 3164 desiderium
846 3100 1060 3162 emendationis
1070 3101 1151 3163 eilul-

142 3191 212 3261 gct,
233 3185 381 3261 optimum
402 3187 460 3246 erit
482 3198 542 3247 non
565 3188 739 3265 permittere
762 3187 804 3248 eis
826 3187 1064 3247 communionem
1084 3187 1149 3266 pluis

142 3263 230 3342 quim
250 3270 339 3327 semel
356 3271 388 3330 in
414 3269 620 3344 bebdomada,
636 3272 697 3334 imb
710 3273 821 3351 poterit
831 3270 991 3350 expediens
1008 3290 1072 3332 esso
1091 3273 1148 3332 illis

142 3345 299 3424 aliquando
317 3369 370 3428 per
398 3357 544 3435 integram
566 3356 780 3418 hebdomadam
798 3356 1036 3417 communionem
1057 3359 1147 3417 inter·

141 3428 255 3528 dicere,
269 3438 303 3492 ut
323 3433 467 3512 majorem
486 3443 655 3521 concipiant
672 3441 828 3503 horrorem
852 3441 884 3500 in
903 3455 972 3503 suos
993 3440 1144 3509 desectus.

140 3524 169 3571 et
182 3535 326 3591 maporem
341 3538 409 3597 erga
425 3525 647 3587 Sacramentum
666 3526 723 3588 hoc
743 3528 941 3588 reverentiam
958 3527 1005 3604 (C.
1022 3529 1146 3587 Peracta

141 3596 188 3653 ll).
203 3599 284 3656 Dist.
301 3604 332 3661 2.
350 3602 385 3663 dc
403 3611 639 3690 cota-ceratinae).
654 3611 750 3673 Tantb
771 3615 883 3692 magis,
902 3611 982 3691 qudd
1002 3615 1144 3674 sententia
