2475 3975
159 200 179 261 ιι
439 190 871 276 Praaiscanfcscarii.cap.l.

160 300 202 363 sie
216 295 354 362 salvari?
365 298 589 379 Eaperqiscere,
602 302 633 356 et
642 292 723 372 aide,
738 291 817 376 qnod
830 293 893 358 nisi
905 312 1000 358 mores
1011 295 1045 356 in
1058 293 1169 359 natae

160 390 271 459 mutes,
279 382 349 465 jorn
361 380 403 443 sis
417 379 587 441 damnatas.
602 376 683 455 Quid
699 377 771 439 doni
787 396 825 439 ee
840 386 882 440 tor
894 380 1018 459 peccatis
1031 378 1087 442 att
1106 376 1172 442 col·

160 462 275 547 lepisti?
286 469 393 529 Nonne
401 462 583 536 consideras,
594 461 676 545 qndd
684 459 828 545 duplicem
835 460 988 543 infernam
999 462 1054 526 tibi
1061 481 1170 545 paras,

160 569 256 613 anana
276 552 324 613 nto
341 550 462 633 anporis
480 557 507 611 et
530 547 657 611 canaria
670 592 679 620 ,
694 544 821 609 alterurn
840 545 902 609 illic
918 554 1096 629 purmrum?
1108 550 1173 629 Ape

160 632 237 709 Fili,
254 643 350 697 averte
369 630 497 705 tirnaio,
512 632 609 694 desine
623 649 757 712 peccare,
772 640 801 693 ιι
818 640 844 693 te
864 639 956 693 totana
968 632 1003 691 in
1019 632 1079 693 Dei
1098 632 1172 694 lora-

160 716 243 791 cln‘a,
256 737 322 800 qna
341 715 381 779 tu
398 724 424 779 te
437 715 657 797 suscipiendam
674 724 746 777 sant
763 724 900 789 extensa,
914 715 1083 776 committe.-
1099 712 1172 797 saf-

159 800 378 883 ficitqnantnnr
398 801 428 863 ei
440 801 575 885 peccasti.
595 802 659 881 Epo
677 800 745 861 totis
761 800 891 876 viribus,
905 808 935 860 et
950 806 1009 861 toto
1031 798 1117 861 corde
1143 808 1173 861 te

161 884 403 966 adjunctorum,
429 885 498 947 aeni
515 882 555 945 ad
573 902 618 945 rne
641 902 754 965 semper
777 902 811 944 ae
836 883 892 946 tibi
908 881 1001 955 iulet,
1022 883 1173 963 qnoniam

160 969 290 1030 invenies
302 971 437 1045 Patrem,
453 970 510 1050 qni
526 975 552 1027 te
567 966 689 1049 deniqui
715 968 927 1049 suscipienda
944 965 1072 1047 firmiter
1089 986 1174 1029 anne

160 1060 256 1115 statae
277 1061 303 1115 tc
320 1062 454 1116 sanctnrn
473 1048 544 1113 velle
561 1048 644 1133 effici.
659 1054 719 1112 Per
731 1059 757 1111 ιι
773 1060 851 1127 stat,-
863 1053 944 1113 Dens
958 1051 1038 1112 enim
1055 1070 1174 1133 semper

159 1146 285 1217 paratas
303 1146 364 1213 est,
385 1145 414 1199 et
435 1132 475 1195 ad
494 1133 547 1195 lroe
569 1134 624 1196 rtet
646 1133 699 1195 hoc
725 1142 838 1215 tempas
861 1134 1030 1214 impertitas
1052 1144 1115 1211 est,
1134 1143 1173 1196 at

161 1228 278 1281 avertas
293 1222 312 1279 a
326 1218 404 1280 nralo
416 1263 423 1293 ‚
437 1226 466 1279 et
483 1216 580 1297 facias
597 1216 716 1279 bonnm.
732 1218 778 1279 Olr
791 1221 881 1299 pedm
901 1217 1010 1280 borram
1029 1227 1073 1280 est
1091 1221 1173 1280 arni-

159 1322 227 1367 enrn
245 1302 350 1365 habire
368 1301 482 1365 Deanr!
498 1310 550 1365 etc.
566 1304 609 1381 (S.
623 1301 799 1364 Franciscns
810 1300 958 1377 Saleius,
971 1312 1006 1364 ut
1021 1304 1083 1364 Deo
1102 1304 1174 1363 elli-

160 1397 241 1450 ceret
259 1395 443 1469 peccatores,
460 1387 647 1467 potissimum
669 1388 809 1457 curabat,
829 1396 864 1449 ut
885 1388 940 1465 ipsi
960 1396 1174 1467 cognoscerent

160 1490 263 1553 pacem
278 1474 336 1551 qui
346 1474 488 1534 fruuntur
498 1471 541 1531 illi
552 1472 605 1549 qui
620 1475 681 1531 Deo
694 1470 862 1545 adherent,
874 1480 905 1533 et
919 1472 1009 1531 vitem
1021 1472 1173 1534 infelicem

160 1576 249 1634 quom
265 1558 347 1617 ducit
362 1556 443 1637 quid
463 1559 525 1617 Deo
543 1557 656 1616 alicnus
670 1557 735 1633 est).
752 1558 854 1617 Postea
874 1556 1027 1635 adjuvabit
1047 1574 1118 1617 eum
1129 1556 1173 1617 ad

161 1641 271 1703 doloris
286 1650 385 1701 sctum
405 1640 642 1713 enormandun,
658 1642 726 1702 etsi
743 1641 974 1719 dispositumst,
987 1660 1057 1703 eum
1072 1642 1173 1702 obsal-

161 1732 232 1803 vot3
249 1732 279 1786 ct
292 1726 422 1787 remedie
434 1726 587 1797 salutaria,
602 1727 711 1803 quibus
721 1727 811 1804 possit
825 1745 856 1785 so
868 1725 884 1786 l
898 1727 1022 1803 peccetis
1033 1742 1171 1800 servare,

159 1818 315 1889 suggeret,
340 1819 428 1888 atque
449 1810 475 1869 ci
495 1809 701 1889 paenitentiam
716 1812 849 1888 imponat
865 1810 927 1891 (sed
950 1811 988 1870 de
1008 1809 1055 1869 his
1074 1808 1103 1890 S.
1122 1828 1172 1870 se·

161 1895 263 1973 quenti
290 1894 414 1973 egetur).
439 1894 469 1953 Si
493 1901 592 1954 eutem
618 1896 710 1955 fucrit
734 1895 927 1955 absolutionis
953 1896 1096 1975 incapax,
1117 1905 1172 1955 out

160 1978 318 2058 expediens
339 1978 489 2041 videbitur
505 1978 698 2041 dillcrcndom
712 1998 775 2040 esse
792 1978 1006 2040 absolutionem
1019 2024 1027 2052 ,
1042 1978 1172 2058 assignet

160 2063 187 2122 ci
211 2063 290 2124 diem
305 2065 337 2124 in
356 2081 415 2142 quo
432 2063 549 2142 regredi
563 2064 669 2123 debeat
680 2108 688 2135 ‚
701 2063 827 2126 dicendo
840 2065 868 2124 ei
886 2065 950 2123 sict
971 2062 1034 2145 Eja
1050 2061 1171 2143 frater!

161 2145 216 2209 tott
226 2147 273 2208 die
289 2157 314 2209 te
326 2155 458 2230 expecto,
471 2165 507 2206 ne
518 2147 726 2228 pretermittas
741 2147 782 2209 ad
796 2166 841 2208 nce
856 2147 970 2224 redire,-
982 2147 1083 2209 anirno
1094 2145 1174 2227 forti

160 2252 323 2314 nrapnoqae
333 2232 390 2309 sis,
408 2241 443 2294 nt
458 2230 513 2294 tibi
525 2231 611 2310 diai3
633 2232 801 2294 contenenda
816 2241 841 2293 te
854 2232 984 2313 qnotidie
995 2233 1086 2295 beuta
1101 2233 1170 2295 Vir·

157 2315 225 2396 pini
234 2360 242 2388 ,
254 2325 282 2376 et
294 2316 362 2375 ocni
376 2315 417 2374 ad
438 2336 492 2375 nra
507 2316 543 2376 Si
560 2314 639 2394 sorti
653 2325 722 2380 turre
742 2316 871 2378 invenies
888 2335 934 2378 are
949 2314 1078 2378 olioranr
1098 2336 1169 2381 aon·

158 2395 297 2478 sessiones
308 2397 498 2477 excipientem
506 2443 516 2474 ,
533 2399 653 2476 accede,
670 2409 696 2460 te
709 2400 788 2461 eninr
805 2410 873 2461 ante
888 2400 963 2464 alios
976 2401 1122 2464 erudiam.-
1135 2405 1171 2465 Si

135 2527 140 2534 .
159 2480 234 2544 alibi
245 2501 293 2544 ero
304 2527 312 2555 ‚
325 2479 376 2561 fae
396 2490 432 2544 at
453 2500 499 2542 rne
521 2490 685 2564 arcessant,
700 2483 803 2545 ornnia
818 2485 964 2561 desecare,
977 2497 1014 2548 ιιι
1027 2497 1060 2548 tn
1077 2487 1169 2568 confi·

160 2565 259 2626 tearis.
273 2568 309 2626 Et
321 2567 362 2628 sio
382 2565 516 2627 dulcibus
530 2569 629 2634 verbis
649 2568 665 2628 l
683 2586 714 2630 sc
732 2570 872 2631 dimittet.
888 2573 955 2632 llaec
973 2581 1018 2633 est
1038 2576 1086 2633 vie
1110 2576 1169 2653 qud

159 2660 322 2730 peccatores
345 2650 417 2710 solvi
439 2651 504 2712 fieri
528 2661 668 2730 possunt,
684 2672 792 2731 nempe
810 2673 878 2714 cum
896 2657 938 2715 eis
957 2675 1043 2736 ogere
1057 2660 1168 2735 quanti

159 2735 286 2796 rrroximd
304 2735 369 2796 lieri
389 2746 485 2816 potest
500 2735 644 2798 charitate
656 2761 665 2815 3
678 2740 810 2818 alioquin
823 2784 830 2812 ‚
843 2741 868 2800 si
890 2742 945 2820 ipsi
967 2742 1000 2803 in
1024 2744 1167 2804 consessa-

158 2822 236 2880 rium
255 2821 403 2895 incident,
418 2823 469 2898 qui
490 2841 559 2882 cum
575 2825 617 2882 cis
639 2825 833 2885 inclementer
847 2836 913 2904 aget
925 2826 964 2898 ,d
986 2829 1169 2891 consessione

158 2903 342 3050 lrlprrpbunt,
361 2905 496 2968 confiteri
520 2908 689 2988 negligent,
703 2919 733 2969 et
752 2907 900 2972 effraenati
918 2912 950 2971 in
969 2913 1169 2991 perditionem

159 3007 169 3050 ι
191 3007 257 3050 un.

404 3113 431 3195 §.
445 3116 485 3176 11.
502 3115 587 3192 Circa
603 3115 708 3180 medici
724 3117 852 3200 officinm
867 3119 920 3200 (l).

197 3317 226 3374 6.
248 3251 460 3380 Concessisse
470 3361 486 3398 ,¹
501 3327 535 3379 ut
554 3321 600 3380 sui
616 3321 786 3400 poenitentis
797 3321 1019 3384 infirmitatibus
1029 3328 1170 3391 remediis

160 3399 339 3504 opportunis
347 3413 498 3480 occurrat,
513 3406 713 3486 cognoscenda
727 3416 771 3467 cst
782 3409 880 3488 origo,
895 3417 925 3468 ct
937 3414 1170 3478 cousaomnium
1228 3422 1229 3487 l

131 3507 140 3540 ¹
190 3533 221 3590 (1)
235 3533 268 3579 lt
279 3532 342 3593 qaod
352 3541 445 3596 specul
458 3521 591 3599 prudentia.
603 3542 674 3592 Haut.
684 3555 724 3601 ap.
734 3548 765 3589 tr.
775 3543 813 3590 21.
823 3556 850 3590 n.
859 3543 882 3589 ι.
984 3610 1021 3655 H

996 3643 1002 3654 ,
1022 3613 1049 3658 n.
