2475 3975
134 148 193 210 571
328 146 948 229 Ia’pa'tome‹loetra'nanmoroliaetaaartona'co²

134 250 241 323 nortis,
254 258 289 312 ut
303 268 371 313 cum
390 252 500 314 ludaeis
518 252 671 332 baptizatis
689 252 858 330 dispensare
876 258 1014 331 possent,
1026 254 1062 315 od
1076 254 1146 317 oll'e·
1222 318 1223 323 ,

133 343 214 397 etum
223 338 395 398 remanendi
406 346 559 415 tamquam
568 354 637 397 cunr
650 354 742 397 uxore
754 336 884 414 legitima
895 380 904 409 ,
916 355 984 397 cum
997 339 1030 399 od
1041 358 1144 413 uxore,
1222 344 1223 366 ¹

133 438 201 499 qaam
217 420 307 481 luerit
326 423 438 500 pariter
452 422 606 499 baptizata.
625 421 765 481 Eamdem
778 421 965 499 dispensandi
978 424 1146 485 facultatem
1222 442 1223 447 ¹

133 507 275 568 concessit
286 506 445 587 Gaopora'ua
456 506 733 584 X111.Episeopis,
754 504 907 583 parochis,
921 516 951 566 et
966 506 983 567 ὁ
1002 508 1146 569 Societate

133 590 203 651 lesu
223 590 420 671 presbyteris,
435 589 473 651 ad
489 589 713 650 sacramentales
731 590 926 651 consessiones
940 591 971 650 in
994 592 1028 652 iis
1048 594 1146 672 regio·
1222 626 1223 645 r

135 674 222 736 nibus
237 676 423 755 approbatis,
436 675 535 754 quoad
555 692 623 746 eos,
636 674 688 753 qui
712 674 749 735 ab
776 674 900 751 Anglid,
922 672 1086 754 AEthiopiai,
1112 696 1144 736 ae
1222 736 1223 755 ,

133 760 273 832 Brasilid‚
294 760 326 821 in
350 761 552 839 captivitatem
573 760 715 832 adducti,
742 767 772 820 et
801 760 834 819 in
856 768 984 819 remotas
1011 763 1144 841 regiones
1222 768 1223 833 j

132 842 221 904 delati
236 844 354 905 luerunt
364 890 373 915 ,
383 854 419 906 ut
433 864 496 907 non
510 852 679 923 expectato,
694 862 747 905 nec
759 844 903 922 requisito
917 862 1061 907 consensu
1074 864 1144 907 eon·

130 925 210 1006 jugis
227 929 260 989 in
275 930 450 993 infidelitate
473 930 575 1003 ducti,
603 928 827 991 matrimonium
844 929 921 989 inire
941 935 1055 1008 possint
1076 948 1144 991 cum

133 1030 321 1093 quocumque
330 1016 431 1089 fideli,
446 1016 560 1077 etiamsi
570 1014 708 1092 conjuges
722 1012 854 1073 infideles
866 1013 1016 1075 declarare
1026 1024 1146 1093 possent

133 1116 166 1159 se
182 1098 262 1178 juste
281 1101 370 1162 luisse
385 1102 561 1181 impeditos,
581 1099 618 1159 ad
639 1098 882 1159 manifestandam
901 1116 985 1159 suom
1007 1100 1145 1160 vulunta-

49 1224 55 1233 ·
133 1192 216 1256 tem,
236 1186 284 1247 vel
306 1186 420 1247 etiamsi
438 1185 616 1264 probarent,
640 1200 671 1243 se
695 1182 783 1243 luisse
811 1200 968 1245 conversos
990 1183 1027 1242 ad
1052 1184 1145 1245 fidem

133 1276 267 1349 tempore
281 1270 401 1331 secundi
419 1268 612 1331 matrimonii.
634 1268 691 1327 llas
712 1262 936 1329 constitutiones
958 1267 1038 1329 certe
1063 1276 1146 1329 ema·

133 1371 205 1415 nare
220 1358 350 1435 potuisse
373 1356 411 1416 ab
431 1356 466 1416 iis
479 1353 671 1416 Pontificibus
691 1350 754 1415 lusd
767 1352 1006 1430 demonstratur3
1021 1352 1073 1413 sed
1096 1372 1145 1415 eas

132 1442 251 1502 extendi
264 1461 324 1503 nou
348 1460 432 1522 posse
449 1440 487 1501 ad
502 1441 573 1501 alias
592 1438 745 1518 regiones,
765 1438 953 1516 quantumvis
968 1438 1080 1499 similes
1096 1459 1145 1501 ra·

133 1527 229 1587 tiones
240 1537 418 1605 suppetant,
432 1527 511 1587 clare
524 1532 647 1586 constat:
661 1525 760 1597 Quare
779 1524 803 1584 si
824 1522 900 1583 sorte
915 1540 996 1583 casus
1014 1524 1142 1601 aecidat,

132 1610 256 1687 petenda
276 1620 321 1670 est
339 1611 460 1669 facultas
477 1608 666 1687 dispensandi
681 1608 697 1667 d
714 1608 765 1668 SS.
781 1606 982 1669 Pontificibus.
999 1610 1044 1669 De
1065 1610 1143 1689 Syn.

133 1695 220 1754 dimo.
233 1695 255 1753 1.
270 1695 356 1756 tte
373 1694 424 1756 tl.
439 1712 471 1755 n.
489 1694 518 1754 t.
531 1701 639 1772 etseq.

171 1779 201 1838 si
225 1779 355 1839 infidelis
372 1797 463 1840 unam
483 1778 640 1857 conjugem
663 1776 814 1838 infidelem
829 1776 966 1851 duxerit,
980 1778 1022 1838 ita
1039 1778 1145 1839 matri·

133 1864 270 1925 monium
279 1865 378 1938 valet,
397 1871 431 1925 ut
445 1864 469 1925 si
487 1863 521 1925 ed
533 1865 651 1924 vivente
661 1864 783 1923 alteram
796 1862 1006 1939 superinducat
1016 1907 1027 1936 ,
1039 1882 1145 1925 secun·
1222 1892 1223 1899 2

132 1948 206 2010 dum
225 1950 448 2012 matrimonium
459 1950 576 2010 nullum
585 1949 642 2020 sit,
653 1945 721 2010 calm
734 1946 957 2010 matrimonium
974 1947 1145 2011 institutum

133 2035 237 2107 sit,ut
248 2037 367 2096 unicam
379 2034 498 2096 habeat.
511 2034 587 2094 llrid.
604 2035 678 2094 n.8.
879 2103 888 2118 ‚

172 2121 203 2180 Si
219 2121 444 2184 matrimonium
468 2122 586 2180 ineatur
605 2121 685 2180 inter
703 2117 798 2190 duos,
815 2117 866 2195 qui
885 2136 1010 2198 pravum
1031 2117 1145 2180 habent
1222 2175 1223 2194 ,

132 2223 265 2266 errorem
282 2206 452 2267 substantia
466 2205 649 2267 matrimonii
667 2211 897 2282 repugnantem,
915 2212 948 2263 ut
964 2205 1046 2263 inter
1063 2204 1148 2264 Grau·
1222 2201 1223 2258 t

133 2307 201 2362 eos,
222 2291 274 2368 qui
294 2297 413 2351 censent
436 2290 564 2368 conjugii
584 2290 737 2350 vinculum
756 2287 875 2347 dissolvi
895 2305 949 2364 per
970 2287 1145 2348 alterutrius

133 2373 266 2451 conjugis
279 2374 479 2446 adulterium,
499 2392 589 2453 prava
608 2373 671 2434 llaec
689 2371 790 2450 opinio
808 2388 868 2430 non
887 2371 978 2432 officit
998 2369 1144 2432 validitati

133 2456 325 2517 matrimonii.
339 2458 381 2516 lta
401 2459 521 2518 resolvit
532 2459 566 2518 S.
582 2460 618 2518 C.
633 2459 755 2520 Concilii
772 2457 821 2517 die
839 2457 877 2516 15
900 2454 1033 2517 Ianuarii
1053 2457 1142 2516 1721.

132 2544 176 2602 De
185 2543 257 2620 Syn.
268 2541 354 2602 dimc.
368 2543 449 2603 115.
463 2559 489 2602 c.
503 2544 552 2603 m.
565 2561 597 2604 n.
610 2545 642 2606 1.

171 2624 284 2688 Verium
298 2629 322 2687 si
336 2627 399 2689 haec
414 2628 515 2706 opinio
529 2627 691 2688 deducatur
710 2627 742 2686 in
763 2632 882 2706 pactum
902 2632 1054 2703 tamquam
1066 2641 1140 2685 con·

132 2712 207 2774 ditio
224 2713 255 2772 in
270 2721 337 2772 actu
350 2713 473 2774 ineundi
486 2713 686 2784 matrimonii,
699 2720 770 2772 tuno
785 2710 1009 2770 matrimonium
1023 2710 1142 2770 nullum

133 2807 195 2869 est,
212 2796 256 2857 uti
275 2815 392 2875 semper
409 2797 514 2858 accidit
526 2796 595 2868 cum
611 2795 801 2864 matrimonio
811 2803 854 2854 est
866 2794 995 2873 apposita
1010 2793 1143 2854 conditio

132 2882 301 2944 substantiae
314 2882 495 2942 matrimonii
515 2899 701 2960 repugnans,
715 2899 751 2940 ex
770 2880 906 2940 decretali
928 2876 1064 2957 Greporc‘i
1078 2881 1143 2939 IX.

133 2988 198 3046 cap.
212 2971 256 3028 De
271 2966 432 3049 Appositis.
455 2965 499 3026 lb.
515 2984 546 3025 n.
563 2967 592 3029 5.
605 2967 702 3042 ilinc,
718 2981 807 3043 quem
829 2963 942 3039 subdo,
958 2980 1041 3046 casus
1060 2981 1145 3025 resu-

19 3113 22 3118 .
134 3054 216 3113 lutus
232 3063 277 3113 est
289 3052 306 3112 a
319 3055 349 3112 S.
363 3053 396 3112 G.
407 3051 457 3111 die
470 3053 508 3112 20
521 3049 589 3128 lllaji
606 3051 677 3111 antri
691 3053 778 3111 1751.

171 3140 207 3197 ln
222 3136 369 3210 lormuld‚
386 3155 476 3215 quam
491 3137 657 3196 Calvinistae
678 3135 710 3196 in
733 3132 878 3212 conjugiis
893 3131 1031 3194 ineundis
1055 3131 1146 3194 adhi-

132 3222 221 3291 bent,
238 3222 374 3283 minister
394 3236 534 3300 sponsum
557 3221 735 3298 interrogat,
753 3218 897 3298 accipisne
915 3215 1049 3278 titania
1064 3236 1146 3278 uxo·
1222 3225 1223 3300 l

130 3309 214 3363 rem?
227 3305 386 3380 respondet
397 3307 474 3366 ille:
491 3302 614 3384 occipio.
631 3305 740 3364 Eadem
757 3303 847 3364 uerba
868 3303 1061 3380 interroganti
1083 3304 1146 3362 mi·
1222 3337 1223 3352 2

129 3391 191 3446 atro
203 3387 311 3461 repetit
328 3404 444 3462 sponsa.
458 3390 536 3449 Tum
559 3389 696 3449 minister
714 3386 824 3448 iterum
840 3387 876 3447 ad
888 3405 1050 3464 sponsum:
1071 3389 1147 3448 Per·

129 3481 248 3535 sonam,
260 3484 349 3542 quam
361 3478 559 3544 manutenes,
573 3489 671 3543 amas,
686 3481 715 3532 et
726 3473 831 3552 accipis
844 3489 908 3531 eam
921 3471 953 3530 in
967 3477 1147 3548 perpetuam

129 3555 252 3604 uxorem
264 3588 273 3616 ,
286 3565 339 3608 nee
356 3549 387 3608 in
406 3553 467 3611 ulla
488 3554 570 3618 illius
585 3557 719 3618 mrumnd
735 3556 871 3628 deseres,
897 3552 1089 3634 qraoodusquc
1109 3556 1146 3616 a'n
