2475 3975
356 182 401 244 De
418 178 582 244 habitantia
593 188 622 241 et
633 178 778 244 recutitis.
1033 190 1071 251 aa

20 288 21 331 Τ
67 299 125 361 tus,
140 288 167 349 si
182 286 248 347 vult
262 284 325 365 ipse
338 284 376 345 ad
391 301 507 345 sacrum
522 282 679 343 ascendere
699 282 853 363 ordinem,
868 304 928 349 non
942 288 1069 362 sufficit,

65 381 95 432 ut
114 373 154 432 sit
176 370 337 448 dispositus
357 368 395 429 ad
412 376 630 429 sacramentum
649 369 857 447 paenitentiae,
880 375 933 433 sed
954 384 1070 453 oportet

64 465 93 517 ut
105 456 195 519 etiam
206 454 367 533 dispositus
385 453 425 514 sit
442 452 480 513 ad
495 452 700 534 recipiendum
712 462 930 518 sacramentum
940 458 1071 535 ordinis;

62 541 187 621 alioquin
198 541 238 601 ad
252 547 394 601 nentrum
412 538 571 617 dispositus
588 540 667 613 crit3
685 537 849 601 enimenim
873 543 912 602 sit
932 544 1070 623 indignus

61 626 230 688 ascendendi
252 624 291 685 ad
314 626 406 685 altare
428 622 481 703 qui
499 623 550 685 vix
563 623 748 703 egrediturd
766 616 843 687 s'tatu
862 629 994 707 peceati,
1017 647 1070 689 nec

59 710 141 773 babet
156 710 338 791 probitatem
356 708 530 789 positivam,
544 712 738 771 neeessariam
757 720 891 791 respectu
912 712 951 773 ad
974 713 1069 775 subli-

57 797 187 859 mitatem
210 794 304 857 statris
316 795 347 854 in
361 811 450 872 quem
463 793 585 855 immitti
606 793 720 867 inbiat,
734 795 797 873 ipse
811 798 940 874 graviter
950 806 1066 878 peccat.

57 882 78 942 si
96 881 209 959 absque
220 880 272 941 illa
286 878 353 938 rult
370 894 486 939 sacrum
511 876 648 938 ordinem
661 878 824 957 suscipere,
836 881 950 943 etiamsi
974 900 1066 960 pona-

57 975 102 1025 tur
114 966 148 1027 in
165 971 246 1025 statu
258 963 371 1043 gratie.
387 962 577 1041 Quapropter
589 968 662 1021 tune
677 962 866 1025 confessarius
878 967 982 1043 nequit
995 985 1065 1029 cum

56 1049 222 1123 absolvere,
250 1046 307 1107 nisi
328 1046 483 1125 promittat
503 1043 651 1105 abstinere
670 1044 708 1105 ab
728 1045 834 1107 ordine
858 1050 1063 1128 suscipiendo,

54 1134 86 1193 ad
107 1150 199 1213 quem
218 1130 380 1193 ascendere
399 1147 460 1191 non
483 1130 613 1210 poterit,
634 1129 692 1190 nisi
714 1138 781 1211 post
799 1132 880 1209 longi
905 1133 1064 1211 temporis,

54 1220 152 1281 saltem
172 1218 310 1298 plurium
328 1217 475 1279 mensium
495 1214 714 1294 probationem.
736 1216 770 1277 ld
797 1216 885 1298 piene
906 1219 1065 1299 probatum

53 1314 92 1365 eu
103 1307 134 1366 in
148 1304 365 1365 Dissertatione
377 1301 466 1380 Operi
487 1300 598 1361 inserta
611 1299 689 1379 (tit.
708 1303 738 1361 a.
756 1322 789 1364 n.
805 1304 889 1384 65),
903 1323 972 1365 cum
987 1323 1064 1368 eom·

52 1391 131 1451 muni
157 1390 306 1450 sententie
322 1390 485 1449 Doctorum
505 1383 598 1465 (Ibid.
611 1403 644 1445 n.
660 1386 722 1465 68.)
736 1387 778 1447 ibi
800 1390 984 1461 relatorum,
1009 1392 1062 1470 qui

11 1540 12 1543 Ἴ
51 1476 152 1536 docent
174 1472 257 1553 qubd
272 1470 311 1533 ad
329 1489 446 1533 sacrum
461 1470 598 1531 ordinem
618 1471 839 1550 suscipiendum
852 1492 913 1536 non
932 1476 1001 1536 satis
1023 1476 1062 1536 sit

50 1560 162 1619 bonitas
174 1555 364 1631 eommunis,
381 1555 472 1616 idest
490 1553 616 1633 simplex
636 1555 808 1618 immunitas
822 1558 839 1618 d
852 1567 1060 1637 peccatamor-
1178 1600 1181 1605 -

50 1645 110 1721 tali,
124 1644 180 1705 sed
192 1642 358 1721 requiritur
376 1640 491 1701 bonitas
508 1640 658 1718 specialis,
673 1642 785 1704 virtute
801 1642 885 1721 eujus
898 1646 1060 1706 initiandus

49 1730 81 1789 sit
97 1729 115 1790 b
136 1730 241 1809 pravis
259 1724 411 1788 habitibus
424 1725 604 1804 depuratus,
620 1726 962 1793 acroceraunium
976 1731 1057 1808 (1.1.

9 1810 11 1845 i
48 1833 95 1894 qu.
109 1815 183 1875 189.
195 1820 255 1872 ort.
272 1814 302 1873 1.
321 1808 361 1873 ud
380 1810 445 1891 5.).·
464 1808 589 1871 Ordines
610 1810 691 1871 secri
715 1812 900 1894 praemigraret
915 1814 1059 1875 sanctita-

8 1912 10 1957 t
48 1896 226 1961 tan...uude
238 1895 358 1977 pondua
374 1894 517 1959 ordinuni
536 1894 747 1976 a'rnponeudum
765 1905 808 1959 eat
821 1898 1058 1980 parietibusjom

47 2003 94 2064 per
104 1981 298 2047 sanctitatem
309 1980 508 2054 desiccatis...‚
522 1978 555 2042 id
570 1989 648 2043 est...
665 1979 704 2044 ab
717 1980 837 2044 bnawre
856 1983 1007 2046 vitiorum.
1021 1986 1059 2045 Et

47 2073 118 2133 ratio
133 2078 204 2144 est,
215 2070 285 2148 quie
304 2070 329 2130 si
351 2068 531 2132 ordinandus
545 2067 622 2130 bane
641 2068 805 2130 nonhabet
822 2073 978 2150 specialem
991 2090 1057 2131 san·

47 2159 194 2229 critatem,
207 2155 346 2234 indignus
365 2164 410 2216 est
426 2172 516 2234 super
538 2155 656 2232 plebem
678 2155 837 2226 constitui,
858 2155 896 2213 ad
916 2157 1057 2215 altissima

47 2243 142 2304 altaris
160 2240 326 2302 ministeria
337 2239 499 2302 exercenda
512 2259 521 2297 a
535 2237 618 2298 Siout
637 2234 685 2296 iiii
695 2238 841 2314 [loquitur
862 2238 941 2297 idem
954 2240 984 2298 S.
997 2241 1057 2299 Do-

47 2327 118 2404 ctor)
143 2325 203 2408 qui
225 2325 359 2387 ordinem
381 2323 569 2404 suscipiunt,
597 2339 689 2403 super
705 2317 817 2403 piebem
836 2323 1058 2386 constituuntur

46 2411 139 2492 produ
152 2409 285 2487 ordinis,
301 2410 383 2470 itaet
399 2407 563 2494 superiores
571 2407 634 2469 sint
645 2407 749 2468 merito
759 2408 927 2472 sumtitatis
938 2409 1055 2493 (Suppi.

47 2515 94 2576 qu.
108 2499 161 2558 55.
178 2489 238 2556 art.
251 2498 280 2557 1.
294 2494 334 2557 od
347 2496 401 2575 5.).
418 2498 455 2556 Et
471 2496 541 2555 alibi
556 2495 642 2574 (1.1.
657 2511 708 2574 qu.
722 2495 791 2554 181.
806 2503 865 2557 art.
879 2497 923 2576 8.)
936 2515 1055 2578 expres-

47 2582 102 2645 siirs
113 2583 270 2662 protanam
283 2584 429 2643 rationem
447 2581 622 2655 confirmat,
636 2580 757 2641 dicens:
775 2581 855 2656 Quia
866 2601 921 2663 per
936 2602 1054 2646 carruae

46 2665 364 2748 ordinem-deputetur
387 2664 428 2726 od
450 2665 629 2746 diquiseinaa
654 2663 841 2744 ministeria,
867 2666 973 2748 quibua
993 2669 1056 2748 ipsi

48 2752 163 2814 Christo
188 2748 318 2812 servitur
340 2752 374 2812 ia
393 2759 578 2812 sacramento
594 2746 724 2822 attaris,
739 2748 781 2812 nd
795 2750 875 2831 quod
891 2751 1055 2831 requiritur

44 2835 141 2916 maior
166 2834 311 2898 sentitus
339 2835 484 2911 interior,
509 2835 601 2916 qudm
631 2833 758 2915 requirit
782 2836 873 2898 etiarn
901 2835 1053 2918 rctipionis

45 2929 150 2983 statutt.

80 3007 132 3067 ta.
148 3007 360 3067 Verumtamen
378 3005 523 3085 excipitur
538 3023 621 3066 casus
633 3005 721 3085 quot
736 3007 798 3067 Deo
813 3005 975 3066 donaretur
985 3008 1052 3086 qais

45 3098 105 3153 tam
135 3091 370 3153 cxuaordinarin
389 3091 634 3170 compunctione,
655 3109 721 3168 quoe
738 3092 836 3168 ipsum
857 3090 996 3152 liberaret
1014 3093 1051 3154 ab

47 3175 165 3252 antiqua
183 3175 361 3252 tragilitate3
374 3193 462 3249 nem,
481 3182 517 3238 ut
527 3174 568 3236 ait
579 3175 660 3236 idem
671 3174 827 3254 Angeiicus
839 3173 881 3251 (5.
892 3192 927 3255 p.
939 3179 1048 3257 qu.8ti.

48 3264 103 3317 art.
117 3259 148 3318 b.
162 3255 202 3318 ad
212 3258 274 3336 ¹·)³
295 3258 477 3339 Quumque
494 3261 580 3319 tantd
594 3257 783 3320 commotione
798 3261 936 3322 conuertit
948 3262 1049 3342 (Deus)

48 3339 254 3417 certaminis,
267 3351 303 3404 ut
313 3341 411 3406 subitd
421 3341 546 3426 perfecte
557 3349 754 3420 couscquatnr
764 3341 950 3407 sanctitatem
959 3347 1049 3426 spiri·

50 3421 165 3485 taalenu.
180 3428 266 3488 Rarre
278 3429 399 3508 quidem
418 3439 488 3490 sunt
500 3427 670 3506 hujusmodi
688 3427 909 3502 conversiones,
922 3439 953 3490 ct
973 3448 1049 3507 prae·

49 3509 149 3570 sertim
162 3510 195 3570 in
215 3511 406 3584 ordinandis,
427 3511 642 3590 liebt'aliquam
665 3517 766 3588 petent
783 3510 905 3576 domum
930 3512 1048 3590 religio·

50 3609 127 3670 sam,
151 3601 185 3652 ut
207 3597 370 3674 spiritualia
387 3605 473 3678 agant
493 3596 630 3658 exercitia
643 3615 652 3671 3
666 3594 713 3652 isti
736 3594 816 3662 enirn
832 3602 866 3654 ut
885 3594 1048 3672 plurimum
