2475 3975
163 156 203 219 ld
446 156 559 219 Procris
572 152 758 237 confessarii.
770 155 843 237 Cop.
855 155 887 215 2.

162 258 235 329 bus,
250 264 280 320 et
294 257 551 320 communionibus
567 258 656 318 etiam
673 265 855 335 pracceptum
869 250 1004 334 paschale
1013 259 1171 332 hanegrcs

162 359 210 403 sos
222 342 328 404 icisse?
341 343 461 421 expedit
480 350 580 403 autom
604 350 638 403 ut
656 340 719 401 hceo
737 341 932 417 interrogatio
951 339 990 401 de
1013 342 1172 419 sacrilegiis

162 426 213 488 hat
224 429 256 488 iu
269 428 415 509 principio
431 426 637 498 consessionis,
650 443 708 499 ne,
721 427 746 487 si
760 423 860 505 posted
871 424 943 499 tac,
959 434 989 486 et
1005 427 1173 502 reperiatur

159 511 222 589 jam
243 513 432 573 commissum
452 512 659 591 sacrilegium,
686 520 803 591 tempus
828 519 944 570 teratur
969 508 1118 569 inutiliter
1140 512 1172 570 in

162 597 321 676 repetenda
340 597 538 669 consessione,
559 616 628 677 quoe
648 596 748 657 forsan
774 594 850 655 nihil
877 593 966 655 hahet
989 594 1133 655 dissimile
1154 594 1173 656 h

163 684 330 760 praeteritis.
346 684 471 762 Oportet
486 692 586 743 autem
606 700 728 761 operam
747 682 837 752 dore,
851 689 886 740 ut
903 682 955 759 qui
971 690 1086 758 peccata
1100 682 1174 741 reti·

162 776 304 839 ruerunt,
319 777 512 846 cognoscant,
526 767 615 847 quiam
628 768 790 827 maximum
802 772 955 845 peccatum
968 763 1093 835 haesit,
1105 784 1174 827 oon-

162 852 275 911 culcare
285 871 392 930 nempe
405 854 528 932 pedihus
541 855 720 933 Sanguinem
733 853 802 914 lesu
812 852 932 913 Christi.
945 853 975 912 d.
988 852 1172 931 interroget,

161 937 186 995 si
209 938 390 1015 poenitentiae
408 939 599 1001 satisfecerit?
620 941 658 999 Ει
679 940 706 998 si
728 937 876 1014 omiserit,
898 955 937 997 an
957 935 1014 997 hoe
1032 937 1174 998 acciderit

162 1028 284 1099 propter
297 1022 476 1084 oblivionem
490 1066 498 1095 ‚
516 1032 567 1083 aut
583 1024 652 1101 quia
665 1023 763 1085 noluit
774 1039 840 1083 eam
852 1020 1031 1101 adimplere,
1041 1030 1094 1080 aut
1103 1024 1174 1098 quia

162 1104 280 1167 distulit
299 1108 330 1167 in
347 1106 499 1187 posterdm
518 1106 682 1167 faciendam
695 1152 703 1179 ‚
714 1116 766 1168 aut
778 1107 880 1167 nisibi
899 1114 1082 1167 commutare
1096 1106 1174 1168 facc-

161 1195 232 1251 ret?
244 1202 273 1251 ct
287 1192 313 1251 si
330 1193 362 1252 in
380 1210 412 1251 en
432 1191 574 1254 dilatione
586 1193 709 1271 putabat
723 1198 864 1271 peccaret
875 1194 905 1253 h.
919 1193 1003 1253 Circa
1017 1192 1171 1266 scandala,

161 1274 186 1335 si
201 1274 351 1335 induxerit
367 1277 439 1337 alios
454 1277 491 1336 ad
507 1277 706 1355 peccandum,
719 1287 770 1337 aut
786 1279 811 1337 si
824 1288 859 1338 ut
877 1286 1028 1357 peccatum
1050 1293 1175 1355 exequo-

161 1368 246 1421 retur
259 1360 366 1421 ahusus
383 1363 473 1422 luerit
486 1364 651 1424 ministerio
662 1364 811 1424 aliorum?
823 1365 854 1423 Si
869 1368 1042 1441 roiperatm
1053 1364 1091 1423 sit
1107 1382 1175 1441 pee-

162 1447 232 1507 catis
243 1447 366 1507 alicnis?
376 1447 573 1509 Tahemarios
586 1449 766 1527 interroget,
779 1449 805 1509 si
821 1447 1056 1509 ministraverint
1067 1448 1174 1512 vinum

162 1531 221 1592 illis
240 1533 291 1610 qui
305 1531 384 1593 soliti
396 1534 516 1594 suerunt
529 1534 670 1594 inebriari
690 1531 724 1613 (l.
739 1536 769 1595 5.
787 1551 821 1595 ct.
832 1535 916 1610 hill?
928 1534 1066 1594 Mulieres
1080 1534 1176 1597 inter·

161 1626 245 1695 roget
259 1661 268 1692 ,
280 1617 304 1677 si
321 1618 420 1679 vcrhis
435 1615 541 1697 pariam
554 1618 708 1691 honestis,
719 1618 813 1698 jocis,
831 1618 974 1691 saltibus,
985 1619 1067 1691 risu,
1081 1630 1135 1682 aut
1146 1621 1173 1682 si

161 1701 229 1762 fixis
247 1702 339 1763 oculis
363 1704 492 1781 aliquem
516 1704 718 1782 inspiciendo,
737 1704 837 1764 tonici
855 1704 947 1763 nimis
969 1704 1102 1777 elavata,
1121 1716 1174 1768 aut

163 1796 280 1866 pectore
294 1796 396 1867 aperto
413 1790 638 1867 provocaverint
656 1792 737 1849 viros
755 1788 792 1849 ad
805 1788 897 1849 malas
916 1788 1128 1867 cogitationes?
1139 1792 1172 1855 st

162 1890 285 1932 munera
298 1874 335 1933 ab
348 1873 407 1933 illis
420 1872 456 1934 ad
470 1874 581 1934 malurn
593 1874 686 1935 finem
698 1874 765 1934 data
778 1874 1016 1952 acceptaverint?

199 1958 250 2018 25.
266 1958 349 2019 Circa
370 1957 446 2018 hano
468 1959 562 2038 ipsam
586 1959 741 2020 materiam
764 1958 909 2030 scandali,
928 1965 1024 2038 potest
1042 1959 1173 2024 interro·

161 2061 232 2122 gorc
248 2044 387 2123 insuper,
398 2062 435 2103 an
449 2046 598 2122 poenitens
608 2050 781 2122 rodperatus
792 2045 882 2105 fuerit
894 2053 1013 2123 peccato
1029 2046 1174 2124 alicujus3

160 2129 211 2190 sed
228 2129 419 2189 confessarius
432 2129 462 2188 in
475 2128 531 2188 hoc
547 2129 635 2190 dehet
647 2148 710 2191 esse
726 2131 813 2192 ralde
825 2132 956 2208 peritus,
974 2139 1008 2192 ut
1019 2131 1174 2208 dignoscat

160 2215 280 2293 quando
301 2215 470 2292 eoiiperatio
492 2215 532 2275 sit
551 2215 698 2285 formalis,
719 2226 750 2276 et
771 2214 890 2294 quando
910 2215 1080 2280 materialis.
1097 2220 1175 2279 For-

161 2295 250 2358 ocolis
269 2307 331 2370 est,
346 2317 414 2357 cum
435 2304 611 2377 coiiperatur
626 2301 732 2360 actuali
744 2309 861 2378 peccato
876 2300 1015 2370 alterius,
1028 2310 1063 2360 ut
1073 2304 1174 2364 evenit

161 2383 194 2441 in
211 2381 423 2452 fornicatione,
437 2392 489 2440 arat
511 2387 687 2460 coilpcratur
711 2386 796 2445 malco
812 2384 959 2446 voluntati
979 2383 1122 2461 uliquus,
1137 2396 1174 2448 ut

160 2467 186 2526 si
210 2465 243 2524 in
267 2482 350 2524 suam
371 2465 494 2524 tutelam
517 2467 613 2526 iurem
638 2467 806 2545 reciperet,
828 2468 909 2547 quod
934 2466 1024 2547 volgo
1043 2469 1171 2546 dicunt,

159 2546 295 2631 puorclor
314 2546 340 2608 ta
356 2545 459 2628 spolie.
478 2547 649 2612 Moteriohit
665 2561 765 2613 autem
779 2553 927 2627 est‚c1im
947 2572 1068 2632 operam
1086 2573 1172 2619 suam

161 2633 281 2696 exhibet
300 2636 378 2695 actui
399 2634 524 2714 alicujus
543 2655 580 2697 ex
593 2655 625 2698 se
645 2637 842 2714 indifferenti,
856 2641 899 2700 illi
914 2641 965 2717 qui
984 2641 1018 2699 ed
1036 2639 1173 2704 abutitur

160 2720 197 2780 ad
219 2720 331 2780 malum
351 2719 460 2796 finem,
481 2731 514 2780 ut
526 2731 570 2783 est
587 2722 722 2801 praehere
743 2727 846 2786 vinum
860 2725 971 2786 volenti
991 2725 1173 2804 seehriare3

160 2813 190 2866 ot
208 2803 270 2864 hacc
291 2813 387 2882 potest
409 2823 473 2866 esso
491 2806 591 2884 licita,
613 2805 782 2871 cirmadest
800 2809 899 2889 justa,
921 2818 951 2871 et
970 2811 1173 2887 coiiperationi

160 2889 381 2968 proportionata
406 2907 503 2950 causa.
525 2892 585 2952 Hoc
611 2903 778 2969 punctum,
799 2894 879 2975 quod
902 2894 1001 2971 magni
1025 2896 1171 2956 momenti

57 2977 60 2981 '
160 2984 221 3047 est,
243 2983 273 3036 et
294 2975 389 3035 multi
411 2975 647 3037 consideratione
669 2979 899 3059 indigens‚non
920 2979 1078 3039 mediocris
1095 2979 1170 3042 mihi

157 3060 215 3119 luit
234 3060 343 3121 laboris
353 3106 363 3135 ,
384 3068 419 3120 ut
436 3060 529 3121 voluti
548 3079 594 3120 rcs
614 3062 748 3140 erigebat
765 3064 1000 3143 expenderetur3
1012 3063 1172 3128 observent

158 3142 285 3220 ideoque
307 3147 455 3215 rationes,
478 3155 508 3206 et
529 3147 724 3208 resolutiones
738 3151 770 3212 iu
787 3151 883 3228 Opere
895 3147 972 3228 (tit.
988 3149 1017 3208 5.
1030 3166 1062 3207 n.
1078 3149 1127 3210 65.
1138 3169 1166 3209 o.

149 3229 209 3288 'Aa
227 3228 488 3310 otsctopoaotam,
511 3239 541 3292 ot
558 3228 579 3291 l.
595 3233 626 3292 i.
644 3251 676 3293 a.
692 3235 793 3315 hit),
810 3242 972 3314 congestas.

198 3315 247 3375 rt.
262 3315 344 3374 Circa
362 3317 400 3376 ll.
419 3325 596 3398 praeceptum
617 3318 780 3398 interroget
801 3321 839 3379 de
861 3317 1076 3399 perjuriis,-de
1093 3321 1171 3380 votis

159 3401 371 3478 transgressis,
393 3409 424 3461 et
447 3401 484 3463 de
508 3401 707 3483 blasphemiis.
727 3404 831 3478 Quoad
851 3401 982 3482 perjuria
1005 3403 1170 3482 interroget

158 3485 371 3561 paenitentem,
386 3485 410 3544 si
429 3485 535 3548 tatsum
547 3486 711 3564 juraverit,
725 3496 803 3549 etan
816 3490 848 3550 in
862 3488 977 3565 judicio
986 3531 996 3562 ‚
1006 3489 1054 3549 vel
1066 3489 1167 3561 extri,

159 3565 230 3641 quia,
239 3564 399 3642 celerando
409 3563 441 3626 in
452 3567 565 3646 judicio
574 3613 583 3646 ‚
593 3571 683 3632 etiam
693 3571 840 3652 justitiam
851 3573 941 3648 laesit,
952 3573 1074 3654 propiet·
1087 3574 1168 3652 quod
