2475 3975
164 148 202 209 66
444 148 558 210 Praecla
570 142 754 227 cotafirosarii.
770 144 843 224 Cap.
859 146 888 206 7.

162 247 190 301 et
203 239 281 303 dixit
299 240 328 303 ei
340 264 350 301 .·
363 240 398 303 Si
406 237 502 303 Filius
515 238 574 299 Dei
588 258 618 301 aa
629 284 640 315 ,
652 237 736 300 ocitte
756 246 782 299 te
799 236 943 300 decrerim.
963 237 1076 301 diablo.
1093 241 1124 301 l.
1138 260 1169 301 o.

164 328 193 385 b.
207 335 236 387 et
255 329 286 388 6.
305 328 336 389 si
350 328 442 405 igitur
459 326 556 405 potuit
572 324 688 387 doemon
708 324 847 393 murdre,
867 332 898 384 et
919 333 1012 386 totam
1036 335 1171 387 transve-

162 408 233 471 bere
244 413 336 491 ipsius
347 406 466 473 Domini
477 427 634 490 personam
647 453 655 480 ‚
667 405 749 469 tantb
760 408 852 487 magis
860 408 993 487 linguam
1003 418 1171 472 autmarus

162 496 285 575 alicujus
310 496 439 559 bominis
464 496 575 574 poterit
598 494 730 555 movlrc.
754 493 897 553 Praeterea
924 491 1066 554 habemus
1089 496 1170 573 apud

162 580 317 645 Danielem
329 626 337 653 ‚
348 581 428 661 qubd
442 582 578 642 Habacue
587 580 677 643 luerit
687 577 724 639 ab
736 578 840 657 angelo
858 580 1016 641 translatus
1028 581 1059 640 iu
1072 581 1171 643 lacum

163 667 282 729 leonum
296 689 304 727 a
320 670 362 729 Et
370 664 564 748 apprehendit
578 684 646 727 euru
657 661 781 747 capulus
792 662 917 725 Deretini
924 665 958 725 in
967 666 1069 725 cortice
1081 664 1146 747 ejus
1160 711 1169 740 ‚

136 820 141 831 ⁸
162 760 190 813 et
205 754 337 834 portauit
353 770 420 813 euru
432 749 540 833 capillo
560 750 668 832 capitis
684 748 756 812 aui:
772 748 930 830 posuitque
944 767 1010 809 earn
1021 751 1053 811 in
1068 750 1171 831 Baby·

163 836 228 899 lone
238 856 332 919 supra
347 835 445 899 locam
466 842 501 899 in
520 837 633 918 impetu
649 835 776 919 spirilds
794 835 854 897 sai.
867 837 951 897 Duo.
967 838 1014 897 lt.
1033 839 1082 897 55.
1097 839 1172 898 Ani·

162 924 384 987 madvertantur
400 924 508 995 verbo,
527 925 559 985 iu
575 924 690 1002 impetu
702 921 880 1001 spiritirssui
890 964 899 996 ,
911 940 976 1001 quae
988 921 1064 984 clare
1076 924 1171 985 deuo·

162 1016 227 1071 taut
244 1011 408 1071 naturalem
421 1010 515 1089 angeli
538 1009 713 1087 potentiam.

202 1095 395 1157 Hinemeritb
410 1097 513 1155 dicunt
530 1092 659 1170 theologi
678 1100 723 1151 sut
744 1109 828 1171 posse
845 1090 1010 1153 demonem
1021 1092 1075 1153 sud
1088 1103 1175 1155 natu·

161 1179 216 1239 ruli
239 1180 290 1247 vi,
313 1180 374 1237 Deo
396 1178 606 1255 permittente,
628 1175 760 1235 membra
782 1176 911 1237 hominis
924 1177 1042 1255 agitare
1057 1179 1174 1241 Praeter

161 1265 194 1327 S.
211 1261 326 1325 Tlaornte
335 1307 343 1331 ,
353 1263 645 1325 etS.B0nauenturce
654 1261 841 1322 auctoritates
854 1259 943 1339 suprb
956 1262 1079 1333 relatas,
1090 1264 1175 1327 idem

162 1347 296 1407 scribunt
322 1347 423 1425 plures
442 1353 576 1407 auctores
601 1345 755 1407 neoterici.
773 1345 807 1406 ld
824 1345 928 1405 scribit
952 1343 1039 1405 Cord.
1058 1348 1174 1411 Gotti:

161 1428 306 1495 Diubolua
320 1430 438 1512 quidem
451 1438 547 1513 potest
568 1448 665 1511 cupere
683 1428 723 1491 ad
734 1438 833 1492 ectum
846 1474 855 1503 ‚
870 1429 925 1509 qui
943 1448 980 1491 erc
995 1449 1099 1511 pectere
1117 1452 1175 1497 sam

161 1525 206 1579 est
224 1525 395 1598 peccatum,
420 1524 455 1577 ut
476 1514 697 1597 enerptunenis,
719 1533 793 1597 quos
819 1514 896 1597 cupit
923 1514 965 1577 ad
984 1517 1176 1581 estuationdo

162 1598 249 1663 uerbo
271 1598 457 1682 blaspheme,
477 1596 523 1661 uel
539 1599 630 1661 etiam
645 1599 686 1659 od
701 1598 778 1661 ulios
794 1608 877 1661 actus
889 1617 926 1661 ce
939 1599 1045 1679 objecto
1063 1603 1175 1669 malos.

161 1683 218 1747 Sed
237 1692 307 1747 turca
327 1682 442 1745 ceticae
456 1680 570 1766 liputd,
588 1683 620 1743 id
633 1702 694 1745 nun
707 1686 874 1765 iterputotur
887 1683 1003 1747 domiui
1019 1684 1060 1747 ed
1067 1707 1177 1767 peccc-

162 1778 242 1843 tmn,
258 1768 330 1851 quio
341 1768 417 1831 deest
430 1766 548 1831 libertos
558 1768 688 1831 arbitrii.
705 1768 804 1833 Tbeol.
820 1777 890 1830 torre.
902 1772 932 1830 Ε).
942 1778 980 1831 tr.
996 1772 1027 1831 4.
1039 1770 1176 1837 deVitiia

160 1875 190 1937 q.
204 1860 234 1917 6.
249 1856 331 1917 ldem
346 1854 451 1916 scribit
462 1854 599 1935 Wipandt
613 1864 651 1918 tr.
665 1859 696 1917 l.
711 1854 772 1916 eod.
791 1854 836 1916 tit.
850 1857 961 1915 Eram.
973 1858 1002 1917 2.
1017 1875 1104 1917 nuru.
1118 1863 1173 1922 69.

161 1940 196 2004 a'n
212 1939 269 2022 fiet.
294 1942 375 2004 Idem
397 1940 498 2002 scribit
519 1936 790 2020 Culcrretlauctor,
813 1958 902 2020 quem
923 1959 1026 2002 unrues
1046 1942 1175 2025 sciunt,

159 2029 248 2108 qubm
272 2030 311 2091 sit
324 2027 510 2108 ¹'ponderatus
530 2028 560 2086 in
580 2029 642 2100 suis
664 2027 793 2106 effatis);
817 2028 880 2105 ipse
900 2029 932 2088 iu
962 2027 1176 2093 dissertatione

160 2133 249 2193 quom
268 2113 390 2194 apponit
402 2113 432 2172 in
446 2112 603 2190 Evangelio
616 2114 649 2172 S.
661 2113 747 2174 Luem
757 2113 796 2173 de
809 2129 1078 2190 energumenorum
1090 2119 1177 2177 veri·

158 2210 229 2274 tote,
243 2210 396 2280 postquam
409 2217 492 2260 suam
510 2200 645 2277 exposuit
659 2200 835 2260 seutentiam
851 2198 1017 2278 depraelata
1036 2205 1176 2277 potentia

158 2285 322 2353 daemonis,
346 2283 421 2344 lronc
437 2284 492 2344 sibi
509 2284 613 2360 objicit
631 2285 847 2364 oppositionem
869 2302 877 2343 ι
898 2284 933 2344 Si
951 2283 1068 2345 ‹laetaun
1092 2284 1131 2346 de
1143 2307 1177 2350 se

159 2375 329 2448 operaretur
347 2369 381 2426 io
396 2366 533 2439 leontiae,
553 2369 689 2430 adessent
700 2369 799 2431 eodem
811 2367 1004 2450 temporeduo
1013 2367 1176 2450 principia

158 2454 275 2527 activo,
296 2467 399 2529 acerape
418 2448 476 2510 dcto
500 2450 645 2530 spiritus‚·
669 2452 719 2514 scd
733 2453 786 2516 lroe
807 2461 971 2534 repuprmt,
992 2452 1066 2532 quia
1089 2473 1175 2520 uetus

155 2545 252 2619 posset
263 2533 390 2616 operette
407 2535 590 2597 contrarium
605 2536 646 2598 od
661 2537 694 2598 id
703 2537 782 2620 quod
799 2537 875 2598 alter
886 2535 961 2598 uult.
975 2537 1033 2598 Sed
1043 2556 1174 2617 respon·
1218 2536 1219 2541 ’

158 2625 226 2696 det,
243 2620 334 2701 qued,
348 2619 415 2681 cium
432 2621 548 2682 daemon
563 2667 571 2694 ,
589 2626 781 2701 permittente
800 2627 862 2685 Deo
874 2669 883 2696 ‚
894 2633 1035 2704 operatur
1053 2623 1086 2690 ln
1110 2624 1174 2685 bu-

157 2728 245 2770 mano
265 2723 408 2784 corpore,
430 2714 502 2766 tuae
524 2707 629 2770 eodem
653 2719 787 2789 tempora
814 2711 914 2789 (prout
928 2709 1012 2769 docet
1025 2708 1118 2769 ctiam
1135 2712 1171 2772 S.

160 2790 296 2869 ultumas)
309 2791 432 2870 impedit
445 2835 452 2863 ‚
466 2801 496 2852 et
509 2793 580 2870 ligat
594 2796 625 2854 in
641 2794 764 2854 homine
782 2814 869 2855 usum
884 2795 1018 2856 rationis.
1033 2795 1096 2854 Nee
1113 2795 1173 2854 du·
1218 2848 1219 2867 ,

156 2879 250 2952 bitot,
270 2875 341 2955 quin
362 2884 443 2935 satan
467 2878 520 2936 sual
537 2879 566 2936 vi
588 2880 715 2939 naturali
738 2880 829 2956 possit
847 2879 1014 2940 libertatem
1037 2876 1173 2938 hominis

155 2968 263 3045 ligore,
282 2979 411 3041 eumque
432 2979 537 3040 cogere
560 2975 662 3026 contra
688 2967 780 3044 ipsius
806 2966 989 3026 voluntatem
1010 2963 1104 3024 etiam
1130 2965 1170 3025 ad

155 3051 349 3128 blasphemias
364 3047 566 3126 prolereudas.
590 3051 705 3110 Deinde
730 3047 843 3110 Colaraet
865 3051 907 3110 ait
935 3051 1053 3128 signum
1081 3068 1167 3123 esse,

156 3133 274 3212 qubdsit
288 3151 378 3212 opera
389 3133 551 3200 demonis.
566 3134 590 3194 si
601 3134 687 3196 leonto
697 3133 858 3196 aliouelccti
874 3135 984 3215 spiritu
994 3135 1165 3208 attitulatur,

155 3219 277 3293 cupitur
301 3216 428 3289 inuitus,
451 3213 541 3296 plecta
564 3217 698 3281 odrat'tlit
712 3218 750 3282 ob
769 3219 864 3291 insito
884 3219 943 3284 sibi
960 3215 1057 3280 indole
1080 3216 1169 3300 lotape

154 3297 272 3436 alipta,
289 3298 340 3356 scd
357 3299 401 3357 ito
421 3301 576 3379 edocittc't,
601 3310 638 3363 ct
656 3301 828 3385 ar'npulorio
845 3305 948 3365 oceania
962 3302 1126 3366 uideantur
1142 3313 1173 3368 et

102 3417 106 3424 ·
156 3387 294 3438 verteola.

194 3461 275 3520 Idem
296 3463 396 3520 scribit
413 3465 549 3528 laudatus
562 3473 600 3530 P.
619 3474 751 3533 Ioannes
763 3472 938 3537 Searomelli
956 3475 991 3536 in
1007 3490 1062 3536 sao
1076 3476 1169 3539 Dirc·

156 3543 243 3602 clorio
257 3545 351 3620 Mpst.
364 3552 400 3602 tr.
417 3549 446 3605 5.
460 3567 485 3607 o.
503 3555 551 3612 tl.
566 3574 598 3614 o.
614 3558 696 3632 tat„
710 3559 752 3618 sic
765 3559 876 3622 dicens:
893 3561 945 3624 cld
956 3559 1009 3623 ben
1019 3563 1082 3640 pud
1098 3579 1168 3624 sac·
