2475 3975
133 161 192 223 204
452 159 588 220 Examen
602 153 846 218 ordinandorum.

140 258 229 336 liujus
246 257 389 320 doetrinae
405 259 528 338 angelici
548 257 702 330 Doctoris,
722 257 919 320 communiter
927 256 1006 319 Boo.
1017 253 1150 320 Selmet

120 359 124 366 ·
140 347 231 406 noae.
244 344 377 424 (Boade
389 343 463 406 Sim.
476 343 507 405 d.
523 346 552 404 l.
565 360 618 425 qu.
629 345 659 404 l.
673 341 700 424 S.
714 345 743 406 2.
764 363 796 406 a.
814 346 843 404 2.
858 341 952 405 Satin.
964 351 1004 404 tr.
1021 345 1068 405 lt.
1081 342 1145 406 eod.

143 432 189 490 tit.
201 451 233 492 n.
244 433 293 490 ta.
305 433 396 492 lino.
408 428 471 490 eoo.
479 428 527 488 tit.
543 447 613 509 pop.
624 430 693 488 att.
706 430 739 490 io
748 429 847 490 Proeti
854 447 885 488 a.
897 426 941 506 5.)
953 472 962 502 ,
973 447 1039 490 eam
1053 431 1145 492 Sace.

141 514 335 578 temsract.
344 517 449 594 leym.
460 515 595 594 Caetrop.
607 520 636 574 et
649 510 718 574 aliie
732 513 880 574 affirmant
892 531 975 592 posse
985 513 1049 575 dari
1063 532 1149 594 pecu·

142 605 223 664 niam
237 604 268 662 in
286 611 434 671 extrema,
457 608 487 660 et
508 600 596 660 etiam
618 599 651 658 in
670 601 754 678 gravi
771 601 940 660 necessitate
957 600 1144 661 sacramenti.

141 689 226 750 llatio
235 733 246 764 ,
263 688 332 764 quia
348 704 384 746 ex
404 702 462 746 una
475 694 559 764 parte
571 685 692 748 traditio
707 685 837 764 pecuniae
854 693 972 746 nonest
988 685 1146 746 intrinsece

140 775 237 848 mala,
259 773 320 849 ipsa
343 771 424 830 enim
450 779 494 830 est
514 771 681 850 rodperatio
700 771 882 842 materialis,
912 787 972 830 non
994 770 1146 847 formalis3

138 856 207 918 edm
218 874 278 916 non
289 860 465 933 cooperetur
478 873 576 934 pravae
586 855 731 916 voluntati
743 855 882 930 ministri,
894 853 978 931 juxta
991 853 1068 915 dieta
1081 852 1104 915 l.
1115 858 1146 915 (i.

138 961 174 1003 n.
195 943 244 1002 tlt.
259 945 301 1000 Ex
312 942 369 1001 alia
386 943 449 1020 ipse
461 941 619 1018 suscipiens
635 958 695 1001 non
716 941 874 1002 committit
890 939 1065 1012 simoniam,
1077 937 1148 1000 cum

141 1047 203 1092 non
213 1028 310 1089 tradat
324 1029 479 1106 pecuniam
493 1025 530 1086 ad
549 1025 708 1086 emendum
720 1033 935 1085 sacramentum
948 1068 956 1098 ,
969 1024 1019 1084 sed
1029 1023 1148 1085 tantum

141 1115 179 1176 ad
203 1113 406 1175 redimendam
433 1114 617 1173 vexationem
643 1110 770 1171 ministri
796 1119 1013 1176 sacramentum
1037 1107 1148 1186 injuste

140 1199 311 1278 denegantis
329 1206 383 1257 eet
395 1194 462 1256 ided
478 1196 529 1255 dat
548 1196 709 1273 temporale
731 1213 786 1272 pro
808 1213 841 1256 re
863 1193 945 1256 mord
966 1195 1146 1273 temporali:

141 1284 282 1361 tantoque
295 1282 387 1360 magis
405 1280 436 1340 id
450 1281 545 1340 currit
560 1323 570 1353 ,
586 1281 611 1340 si
634 1280 794 1357 suscipiens
804 1289 850 1341 est
859 1279 973 1354 fidelis,
985 1281 1055 1357 quia
1075 1288 1149 1341 tunc

140 1367 287 1447 hebetius
300 1367 337 1428 ad
349 1374 564 1428 sacramentum
576 1409 585 1438 ,
598 1363 672 1426 dum
681 1365 761 1426 idem
771 1368 813 1426 D.
829 1365 885 1428 Tit.
900 1364 951 1445 (il.
961 1363 1001 1424 od
1010 1365 1051 1443 a.)
1063 1364 1150 1426 docet

140 1463 207 1534 post
219 1452 270 1531 jus
287 1453 443 1531 quaesitum
459 1451 548 1512 licere
563 1453 657 1512 cuivis
675 1452 746 1512 dare
760 1451 916 1531 pecuniam
930 1449 968 1510 ad
982 1451 1150 1512 tollendum

140 1536 548 1615 injustumimpedimeutum.
557 1536 813 1614 ldqueadmittunt
823 1538 911 1596 Sator.
926 1531 1031 1598 uitta
1045 1533 1147 1612 Graio,

140 1640 201 1684 non
211 1619 306 1680 solium
320 1637 375 1700 pro
390 1620 552 1680 obtinendo
561 1621 724 1699 baptismo,
739 1630 769 1681 et
783 1620 977 1700 poeuitentia,
993 1619 1149 1680 sedetiam

140 1705 254 1768 Viatioo
264 1725 274 1782 ;
284 1714 315 1766 et
330 1707 442 1766 Boane.
457 1705 589 1766 extendit
601 1707 690 1766 etiam
703 1706 740 1767 ad
748 1716 911 1768 extremam
923 1707 1107 1768 unctionem.

177 1793 229 1853 Ἡ.
242 1825 282 1838 -
293 1794 337 1852 De
349 1789 452 1870 effecto
470 1800 730 1853 sacramentorum.
751 1794 867 1871 Duplex
891 1802 935 1853 est
951 1800 1150 1854 sacramento·

140 1879 365 1950 maledoctus,
385 1877 501 1939 collatio
523 1879 623 1957 gratiae
640 1921 648 1951 ,
666 1889 696 1940 et
715 1879 868 1959 impressio
882 1879 1068 1940 characteris.
1082 1880 1149 1940 Pri·

141 1982 209 2028 mus
220 1964 292 2043 orgo
311 1962 442 2030 effectus,
454 1972 499 2024 est
516 1965 622 2041 gratia.
637 1963 751 2043 Duplex
771 1974 869 2025 autem
883 1965 976 2043 gratia
997 1965 1149 2026 confertur

141 2053 173 2113 in
188 2048 374 2112 sacramentis
387 2091 395 2118 ‚
406 2048 498 2125 gratia
507 2046 696 2126 sanctificans
708 2090 716 2120 ,
730 2066 837 2127 nempe
852 2066 919 2127 quae
932 2049 1030 2111 reddit
1050 2050 1149 2111 homi·

141 2156 211 2199 uem
233 2136 360 2197 amicum
386 2134 461 2210 Dei,
475 2142 506 2194 et
522 2134 616 2213 gratia
630 2132 854 2197 sacramentalia
868 2178 877 2208 ,
889 2154 954 2214 quae
968 2143 1013 2195 cst
1027 2136 1147 2214 propria

139 2231 170 2283 et
182 2221 337 2301 peculiaris
351 2218 581 2297 uniuscujusque
600 2220 799 2296 sacramenti,
823 2219 861 2280 ad
884 2220 1062 2281 causandum
1075 2220 1149 2283 elle·

140 2317 220 2367 etum
231 2305 386 2383 proprium
397 2304 572 2364 sacramenti
585 2304 677 2380 illius,
690 2324 797 2385 nempe
810 2306 949 2385 baptismi
959 2352 966 2377 ,
977 2308 1014 2367 ad
1024 2308 1150 2368 abluen-

140 2390 213 2451 dum
226 2388 243 2447 ὲ
255 2388 348 2465 culpis
360 2408 369 2463 3
382 2387 615 2449 confirmationis
629 2389 664 2447 ad
677 2391 879 2452 roborandum
895 2394 927 2451 in
943 2392 1021 2468 lide,
1034 2391 1149 2453 Eucha-

139 2473 231 2534 ristioe
244 2515 253 2541 ,
264 2471 302 2531 ad
322 2471 514 2532 reficiendam
531 2474 659 2533 animam
673 2494 682 2547 ς
695 2476 875 2551 paenitentiae
894 2476 931 2535 ad
944 2476 1067 2537 delenda
1080 2496 1149 2556 pee-

140 2566 201 2619 cata
210 2578 220 2635 3
230 2558 541 2628 extrematunctionis,
552 2558 590 2617 ad
602 2560 663 2618 vim
678 2559 886 2620 conserendam
896 2560 1035 2621 adversius
1043 2562 1150 2624 daemo-

140 2660 213 2703 num
233 2644 409 2705 tentationes
423 2642 455 2703 in
479 2652 611 2704 extremo
638 2662 749 2722 agone3
767 2646 898 2720 ordinis,
918 2645 955 2707 ad
970 2648 1149 2710 conserenda

140 2727 271 2800 auxilia,
288 2736 323 2787 ut
349 2727 501 2789 ordinatus
524 2726 603 2788 reete
626 2746 678 2787 sua
693 2731 796 2790 munia
809 2740 942 2792 exerceat
964 2752 973 2790 e
992 2742 1022 2793 et
1044 2736 1150 2795 uictri-

141 2813 251 2889 mcnii,
270 2821 304 2871 ut
323 2810 463 2889 conjuges
481 2812 562 2872 illius
581 2830 671 2874 onera
694 2823 725 2875 et
750 2816 941 2896 obligationes
962 2816 1038 2881 bene
1057 2822 1149 2883 susti·
1232 2875 1238 2894 ,

143 2907 233 2960 neant
248 2906 278 2958 ct
297 2896 487 2975 adimpleant.
807 2902 809 2907 '

179 2984 229 3043 25.
239 3016 279 3027 -
292 2982 476 3044 Sacramenta
489 2982 522 3043 in
534 2984 710 3063 suscipiente
729 2983 870 3064 disposito
892 2995 1011 3047 carisant
1021 2988 1149 3067 gratiam

139 3084 176 3126 eae
191 3085 275 3147 opere
284 3075 401 3148 operato
414 3110 422 3138 ‚
435 3066 467 3126 id
480 3076 523 3146 est
536 3085 572 3130 ex
584 3086 633 3142 se,
644 3088 705 3130 nou
718 3086 754 3128 ex
771 3086 855 3148 opere
864 3071 1026 3151 operantia,
1036 3076 1148 3137 seilicet

140 3168 177 3209 cx
204 3154 312 3213 merito
338 3152 533 3230 suscipientis.
560 3155 607 3213 An
632 3164 731 3217 autem
754 3162 873 3216 causent
892 3154 1033 3236 physice,
1054 3162 1096 3222 ita
1115 3174 1148 3224 ut

139 3236 262 3294 materia
277 3238 471 3308 sacramenti,
492 3254 599 3315 nempe
614 3257 706 3317 aqua,
719 3242 817 3301 oleum
829 3284 837 3313 ,
849 3250 906 3302 eto.
920 3241 991 3303 lieet
1008 3246 1047 3307 sit
1062 3266 1145 3309 causa

139 3316 257 3376 tanaim
271 3324 429 3394 naturalis,
446 3323 577 3382 elevetur·
600 3334 699 3386 tamen
719 3326 736 3388 a
757 3328 819 3388 Deo
833 3327 871 3389 ad
884 3324 1059 3392 causandum
1080 3353 1146 3413 gra·
1236 3341 1237 3406 l

139 3399 230 3465 tiam,
246 3408 280 3457 ut
295 3400 381 3466 docet
392 3408 433 3463 D.
448 3406 529 3469 rt?
543 3410 597 3470 Vel
614 3412 731 3474 tantum
750 3416 920 3488 moraliter,
939 3416 1037 3490 itaut,
1052 3420 1146 3498 posito

138 3487 343 3552 mmmmm,
360 3484 438 3578 Deus
458 3508 512 3565 per
529 3510 562 3553 se
585 3498 717 3559 conferat
739 3500 884 3578 gratiam,
903 3508 937 3561 ut
955 3502 1020 3562 vult
1035 3504 1145 3564 Statua.

140 3556 270 3635 umque
288 3572 431 3625 scateam
453 3580 499 3632 est
515 3579 679 3652 promotus
702 3580 764 3663 (tto.
787 3587 816 3645 c.
833 3604 866 3647 a.
882 3585 936 3665 n).
961 3587 1143 3649 Sacramenta

1231 3810 1234 3932 Ι
