2475 3975
365 169 416 231 Ex
430 167 565 250 operibus
580 168 735 231 Benedicti·
745 171 836 232 XIV.
1052 171 1105 232 1151

105 274 227 344 sit‚ncr
245 270 328 334 cibus
343 278 498 332 consectus
520 278 588 332 ante
607 289 720 332 sacram
739 271 998 334 Communioncm.
1017 271 1110 334 Porrd
1224 294 1225 307 ¹

102 359 249 437 jejunium
266 357 344 419 istud
359 356 508 436 frangitur
520 357 608 418 etiam
628 359 773 435 parvitate
793 358 942 434 materioe3
953 377 1044 436 quare
1056 377 1111 420 nec

104 446 218 506 abiutin
243 451 358 522 sumpta
379 451 445 521 post
471 441 646 503 celebratam
668 443 788 503 missam
809 441 991 504 admittenda
1020 445 1058 505 cb
1075 463 1111 504 co

104 541 149 592 cst
164 574 173 602 ,
186 531 234 592 eui
255 547 291 591 eo
313 529 363 590 dic
392 528 463 614 alias
482 529 582 588 missas
603 527 754 590 celebrare
770 529 974 607 permittitur,
997 528 1042 592 uti
1064 531 1112 591 dic
1225 538 1226 543 ’

102 616 272 678 Natiuitatis
288 613 432 688 Domini,
456 630 515 692 qun
532 614 566 674 in
588 631 677 687 casu,
696 631 752 676 noc
769 616 840 676 lieet
859 615 1057 678 celebrare-et
1075 619 1111 677 ad

103 702 237 762 dandum
259 705 370 778 aegroto
389 699 558 775 viaticum
583 717 652 760 nam
677 708 859 779 preceptum
880 702 986 762 viatici
1004 702 1113 782 obligat

104 785 225 864 quondo
242 784 368 845 conferri
384 792 480 863 potest
496 785 579 861 iuxta
596 787 689 845 ritum
702 786 844 846 Ecclesiae.
859 786 1001 865 Reliquis
1013 797 1113 848 tamen

102 871 160 931 eibi
183 871 215 930 in
235 885 287 930 ore
309 878 518 939 remanentes,
540 870 566 928 si
582 869 808 946 deglutiantur.
832 886 893 931 nnn
912 872 1051 951 frangunt
1068 873 1113 950 jc·

99 956 223 1034 junium
247 953 401 1024 naturate,
424 959 459 1013 ut
487 970 523 1013 ex
543 952 673 1014 Rubricd
693 955 816 1014 Missalis
834 964 958 1015 constat.
977 959 1113 1019 Vicissim

104 1042 128 1100 si
144 1041 209 1118 quis
230 1045 387 1117 antequam
408 1053 513 1098 somno
526 1055 557 1098 se
570 1037 686 1100 dederit
701 1056 809 1117 parum
823 1037 952 1100 machari
968 1043 1002 1101 in
1020 1059 1053 1102 os
1067 1044 1113 1102 in·

104 1124 242 1195 cinxerit,
260 1123 341 1203 quod
357 1123 500 1202 paulatim
519 1123 684 1201 liquescens
699 1124 731 1184 in
745 1121 930 1184 stomachum
940 1124 1113 1192 delabetur.

103 1210 136 1270 id
153 1210 255 1287 utique
266 1206 414 1286 jejunium
433 1208 513 1268 istud
524 1209 644 1286 frangit.
654 1207 787 1268 Tandem
804 1207 829 1268 si
843 1208 909 1286 quis
921 1225 973 1269 ore
985 1217 1115 1288 gustaret

103 1297 233 1367 vinum,
264 1295 313 1354 vet
337 1293 561 1354 condimentum
590 1293 628 1354 ad
652 1311 788 1372 saporem
814 1294 1058 1371 explorandum,
1084 1305 1115 1356 et

104 1379 204 1439 statim
227 1386 390 1459 expueret.
417 1376 479 1440 haec
502 1396 564 1440 non
587 1387 663 1440 esset
677 1380 783 1441 fractio
809 1377 929 1456 jejunii.
955 1381 999 1443 Dc
1021 1381 1115 1442 ttissae

103 1465 209 1525 Sacris.
226 1465 280 1526 iib.
291 1465 320 1525 5.
331 1471 394 1524 tcto
404 1479 469 1544 cap.
482 1465 531 1524 ta.

143 1551 178 1609 111
192 1549 302 1622 dubio,
316 1548 390 1609 mim
402 1551 468 1627 quis
480 1546 601 1627 inegerit
609 1547 778 1627 jejunium,
795 1547 950 1628 disputant
965 1546 1113 1630 11111111ςί,

105 1635 182 1714 apud
200 1652 274 1714 quos
295 1635 368 1694 varii
390 1651 471 1694 casus
489 1634 735 1712 distinguuntur,
750 1643 902 1713 praestcrct
918 1644 1018 1697 tamen
1029 1636 1116 1698 absti-

105 1723 177 1782 nere
196 1717 414 1798 dpercipicndti
433 1718 745 1788 communicnedbid.
760 1737 793 1778 n.
809 1721 840 1778 t.

145 1805 285 1864 Sacerdos
308 1810 390 1862 extra
416 1802 535 1862 missam
560 1800 776 1861 Eucharistiam
797 1805 985 1880 suscepturus
1008 1805 1114 1864 stolam

105 1892 123 1952 d
144 1889 220 1950 eollo
238 1903 410 1966 suspensam
423 1883 534 1946 habere
545 1883 654 1955 debet,
669 1882 714 1942 uti
735 1885 869 1962 precipit
882 1885 1001 1944 ilituale
1013 1889 1116 1949 Roma·

104 1994 190 2038 num.
204 1974 305 2035 Potest
320 1969 392 2033 rerd
404 1969 534 2050 seipsum
547 1969 610 2031 suis
621 1968 759 2031 manibus
776 1967 994 2031 communicare
1004 1971 1028 2029 si
1041 1973 1116 2033 absit

104 2060 274 2123 scandalum
287 2103 296 2131 ‚
311 2067 343 2119 et
358 2065 494 2136 suppetat
511 2074 613 2132 causa,
628 2074 696 2135 qurc
706 2056 927 2133 perceptionem
936 2055 1114 2118 Sacramenti

105 2150 223 2225 exigat,
237 2161 292 2205 nec
306 2144 381 2203 alius
393 2141 525 2202 sacerdos
539 2148 646 2218 praesto
664 2142 714 2200 sit.
725 2141 816 2199 Causa
834 2138 907 2198 verd
920 2146 965 2197 est
977 2140 1117 2205 solemnis

104 2232 205 2307 aliqua
220 2227 371 2287 festivitas.
385 2226 430 2285 De
446 2226 526 2286 Sucr-
541 2225 624 2283 ttiss.
637 2223 659 2288 l.
674 2225 705 2289 5.
715 2223 801 2283 eii.
814 2241 845 2282 n.
861 2224 911 2281 to.

146 2314 289 2375 inmissis
305 2310 511 2378 detunctorum
524 2307 738 2369 Eucharisticm
754 2307 892 2372 fidelibus
911 2306 1117 2373 administrare

105 2418 167 2463 non
187 2404 232 2459 est
251 2397 396 2475 vetitum,
414 2393 483 2455 caim
505 2396 592 2455 noer.
612 2394 644 2453 S.
670 2395 703 2464 C.
717 2394 777 2453 nn.
797 2392 829 2454 id
849 2392 1009 2469 prohibens
1026 2397 1116 2457 mont

106 2504 169 2546 non
189 2481 316 2563 amplius
334 2479 508 2542 exhibeatur
523 2477 598 2545 iilud
616 2478 821 2558 poscentibus,
841 2486 874 2538 et
896 2478 974 2539 docti
993 2481 1116 2543 Rituunr

104 2572 265 2650 scriptores
282 2567 458 2640 admittant,
470 2563 672 2649 administrari
690 2563 757 2624 tutd
771 2580 856 2642 posse
874 2564 906 2621 in
931 2565 1118 2645 quicumque

106 2654 229 2716 domum
252 2652 358 2723 missa,
371 2652 454 2713 nullo
469 2651 545 2710 iacto
557 2648 731 2709 discrimine
746 2649 826 2707 inter
843 2647 953 2707 formas
968 2648 1000 2707 in
1014 2649 1117 2711 eidem

107 2738 197 2802 misssi
214 2746 394 2799 consecratas
406 2732 466 2803 ,set
485 2731 647 2811 reliquias,
667 2748 736 2811 quae
758 2732 791 2794 in
809 2730 1012 2793 Tubernaeuio
1029 2751 1117 2797 asser·

107 2833 227 2886 uantur.
242 2822 318 2883 lbid.
337 2840 363 2882 c.
383 2822 430 2881 18.
449 2838 481 2881 n.
500 2820 550 2879 i2.

147 2911 240 2971 Nocte
259 2904 368 2969 Natalis
392 2903 513 2967 Domini
537 2922 574 2967 cx
598 2903 730 2967 Decretis
754 2903 787 2963 S.
808 2903 843 2962 11.
866 2904 900 2964 C.
923 2901 1049 2967 vetitam
1072 2917 1116 2968 cst

108 2994 280 3058 ministrare
297 2993 330 3053 in
348 2990 436 3051 misse
456 3008 567 3051 sacram
586 2988 828 3050 communionem
848 2987 985 3047 fidelibus
1005 2991 1117 3052 adstnn

106 3080 209 3154 tibus3
228 3077 297 3155 quia
317 3094 371 3136 nee
391 3076 524 3136 sacerdos
540 3074 644 3135 eedem
663 3080 750 3136 noete
765 3071 835 3132 otius
849 3071 922 3131 duas
934 3071 1036 3133 missas
1046 3076 1117 3136 cele

107 3162 196 3223 itrarc
218 3160 412 3239 permittitur.
431 3158 506 3219 ibid.
522 3176 553 3221 n.
568 3159 618 3219 15.

147 3246 233 3307 Feria
249 3245 302 3304 vt.
321 3244 353 3305 in
370 3245 544 3321 Pammene,
564 3251 595 3303 et
607 3241 734 3305 Sabbcto
756 3247 857 3301 sancto
876 3240 995 3316 nullus,
1008 3242 1064 3302 nisi
1080 3243 1116 3300 ad

107 3330 279 3401 viaticum,
298 3337 342 3390 est
360 3328 640 3401 communicandus,
654 3335 736 3387 utcx
752 3325 964 3387 consuetudine
982 3325 1116 3396 omnium

108 3414 305 3477 Ecclesiarum
327 3423 442 3473 certum
460 3419 516 3473 est.
534 3412 611 3472 ibid.
625 3412 719 3470 1111.

148 3497 288 3558 Sacerdos
298 3498 329 3556 in
339 3496 591 3574 peecatomortali
604 3494 775 3552 ministrans
785 3491 1012 3558 cucharistiam,
1025 3491 1118 3563 gnari·

110 3593 157 3645 tcr
165 3580 288 3643 offendit
298 3581 329 3641 in
339 3580 536 3641 reverentiam
546 3578 619 3638 tanti
629 3576 820 3636 sacramenti.
830 3579 871 3633 Ex
884 3588 943 3647 quo
955 3570 989 3629 nc
1002 3613 1010 3641 ,
1021 3578 1055 3627 ut
1066 3571 1116 3644 qui
