2475 3975
374 170 424 228 En
441 165 575 248 operibus
588 165 740 229 Benedicti
748 170 838 234 XIV.
1053 176 1105 234 sot

97 271 269 352 participem
286 269 389 332 reddat
404 273 565 352 gratiarum
573 271 706 349 jubilaei,
720 280 798 334 etex
811 280 896 354 parte
908 276 1001 338 altera
1013 279 1107 357 poerri·

100 367 165 416 tons
184 375 215 417 se
234 358 345 436 obliget
362 356 398 417 ad
418 357 533 435 reliqua
554 375 642 437 opera
663 360 837 437 praestanda.

139 443 1108 523 PraeterpoenitentiariosBasilicarum,etaliosaCardinaliVica

98 529 146 588 rio
167 528 321 608 deputatos
342 546 397 608 pro
419 544 497 589 anno
518 537 641 600 sancto,
660 536 731 588 sunt
753 531 842 591 etiam
855 532 957 590 Romae
969 532 1019 591 alii
1039 551 1109 594 con-

98 613 210 674 fessarii
232 613 392 685 ordinarii,
414 631 450 674 ex
471 613 579 691 quibos
598 614 649 673 alii
671 615 820 692 regulares
831 624 920 693 sunt3
932 625 962 676 et
974 636 1010 677 ex
1022 636 1108 696 regar-

98 698 211 759 laribus
230 699 278 758 alii
298 695 314 756 l
334 699 393 758 suis
411 699 614 777 superioribus
634 698 868 761 destinanturad
883 720 952 762 suos
966 721 1111 780 conregn-

97 785 175 845 lares
194 783 398 844 auscultandos
418 785 450 844 in
470 785 672 860 confessione;
691 786 741 845 alii
754 785 826 847 verb
844 786 1023 865 regulares&
1039 790 1109 847 Car·

97 871 191 930 dinali
205 871 320 931 Vicario
334 887 388 947 pro
403 870 581 948 excipiendis
601 870 786 930 saecularium
809 872 1041 932 confessionibus
1057 891 1110 952 ap·

97 955 273 1035 probantur.
292 955 343 1014 llis
365 953 515 1034 postremb
535 953 714 1015 adordinali
729 955 847 1014 Vicario
870 957 1039 1033 approbatis
1060 974 1109 1016 re·

97 1047 199 1118 spectu
214 1057 335 1100 suorum
349 1039 589 1116 conregularium
602 1056 745 1099 concessae
763 1048 833 1099 suut
851 1040 1024 1112 facultates,
1044 1059 1110 1118 quae
1178 1037 1182 1045 '

97 1126 209 1186 dantur
230 1123 413 1186 confessariis
435 1125 621 1206 saecularinm
633 1168 642 1199 ,
666 1123 778 1202 adjecta
800 1125 921 1204 insuper
941 1125 1000 1183 illis
1021 1125 1111 1185 facul-

97 1219 159 1270 tate
172 1209 358 1288 dispensandi
379 1209 416 1268 ab
432 1209 650 1286 irregularitate
663 1209 702 1270 ob
717 1209 907 1271 violationem
920 1227 1111 1268 censurarum

97 1294 232 1364 incursi,
246 1292 409 1353 dummodb
427 1293 466 1352 sit
484 1295 595 1353 occulta
609 1315 617 1368 3
632 1312 699 1371 quae
716 1301 816 1354 tamen
832 1294 953 1353 facultas
965 1312 1025 1353 non
1041 1313 1111 1372 sup·

95 1380 172 1458 peut
195 1379 254 1438 illis
278 1376 483 1454 regularium,
507 1377 560 1454 qui
583 1377 701 1438 tantum
725 1377 744 1438 a
764 1378 918 1457 superiore
941 1396 996 1438 suo
1017 1376 1109 1458 depu-

95 1465 151 1524 tati
167 1468 247 1523 sunt.

136 1549 194 1625 Qui
212 1545 283 1606 rorb
302 1544 478 1607 bCardiaali
493 1545 611 1608 Vicario
628 1555 799 1608 cousuetam
816 1547 984 1608 facultatem
1001 1539 1111 1609 h'abent

96 1632 235 1704 audiendi
254 1631 464 1692 confessionem
474 1649 549 1702 ,nee
558 1641 628 1692 sunt
638 1633 802 1710 specialiter
815 1633 948 1712 deputati
962 1652 1017 1712 pro
1030 1653 1109 1694 anno

95 1726 214 1791 saneto,
233 1717 291 1775 illis
311 1717 415 1775 eadem
434 1716 555 1775 facultas
572 1718 666 1796 quoad
688 1718 842 1776 saeculares
854 1727 1003 1789 remanet,
1019 1737 1108 1796 quam

95 1802 182 1882 pride
200 1802 392 1876 obtinebant,
405 1817 503 1876 neque
520 1801 599 1859 enim
620 1803 772 1877 suspensio
790 1801 982 1873 facultatum,
997 1803 1110 1880 qualit

95 1891 128 1948 in
152 1904 230 1946 anno
252 1884 391 1955 lubilaei,
412 1883 602 1942 confessarios
626 1883 709 1942 urbis
732 1885 834 1943 Romae
856 1883 1107 1963 comprehendit:

97 1971 182 2054 quod
200 1969 289 2032 babet
310 1971 407 2031 laeum
429 1967 520 2028 etiam
543 1966 789 2045 irregularibus.

135 2058 204 2117 llaec
225 2054 324 2115 omnia
341 2053 476 2113 Pontifex
492 2050 549 2112 lare
570 2054 715 2131 explicat,
728 2062 759 2113 et
771 2054 894 2132 exponit
908 2055 940 2113 ia
950 2055 1003 2114 sual
1015 2058 1111 2137 Eney-

95 2141 168 2207 clica
181 2185 189 2214 ,
203 2140 239 2201 ad
249 2138 482 2218 poeniteutiarios
496 2144 525 2195 et
535 2136 925 2211 confessariosurbis,lnter
934 2140 1108 2219 prseteritos.

95 2227 141 2289 Ad
164 2224 240 2284 hanc
261 2222 444 2301 Eneyclicam
464 2222 679 2283 recurrendum
700 2222 789 2283 edicit
812 2224 948 2283 Pontifex
965 2226 996 2284 in
1018 2227 1110 2289 alteri

95 2307 250 2389 Eneyelicsi
263 2304 489 2367 celebrationem
501 2306 606 2389 magni
617 2326 672 2386 pro
688 2308 860 2368 extensione
868 2307 982 2386 jubilaei
993 2310 1030 2369 ad
1042 2311 1111 2371 uni·

94 2412 216 2457 versum
236 2392 353 2452 orbem.

134 2483 169 2539 ln
198 2476 288 2539 altera
322 2474 431 2549 bulla,
462 2495 529 2554 quae
559 2477 728 2539 continetur
758 2481 791 2539 in
824 2480 900 2539 bodl.
938 2483 1109 2543 conceditur

94 2563 222 2623 infirmis
245 2561 399 2639 utriusque
425 2560 532 2634 sextis,
563 2562 763 2637 monialibus,
790 2564 930 2637 Oblatis,
955 2568 1110 2627 'l’ertiari-is
1158 2619 1167 2627 .

94 2651 127 2709 in
147 2646 359 2709 communitate
373 2646 563 2719 viventibus,
582 2648 722 2720 novitiis,
735 2657 766 2707 et
780 2649 939 2708 educandis
957 2650 1109 2713 ineisdem

94 2730 357 2795 communitatibus
379 2728 574 2807 degentibus3
592 2730 665 2789 item
685 2731 890 2806 anachoretis,
910 2741 941 2794 ct
958 2736 1108 2808 eremitis,
1202 2754 1207 2763 ·

94 2816 261 2879 viventibus
282 2832 351 2875 cum
368 2814 501 2875 clausura
518 2822 548 2891 et
568 2815 752 2888 solitudine,
772 2818 828 2878 sub
845 2819 990 2897 regimine
1005 2821 1108 2881 saltem

94 2900 342 2977 Ordiuariorum3
360 2900 432 2959 item
452 2898 575 2978 captivis
585 2907 615 2960 et
626 2903 780 2963 carceratis
793 2922 981 2982 quocumque
994 2906 1026 2964 in
1046 2924 1109 2965 car-

94 3004 181 3062 eere;
198 2984 326 3063 denique
345 2982 474 3045 infirmis
494 2994 555 3045 tam
575 2987 784 3059 saecularibus,
801 2986 889 3064 qulam
906 2988 1107 3064 regularibus,

93 3072 214 3133 senibus
231 3068 309 3130 ultra
329 3069 578 3148 septuagesimum
602 3089 736 3144 annum,
758 3081 793 3131 ut
813 3072 926 3150 possint
939 3072 985 3130 bis
1000 3072 1108 3135 lucrari

93 3153 327 3233 indulgentiam,
348 3152 511 3215 dummodb
525 3154 683 3233 Episcopi,
697 3162 728 3214 et
741 3157 907 3233 superiores
924 3165 1108 3221 commutent

93 3242 153 3301 illis
167 3256 256 3319 opera
271 3238 415 3315 injuncta.
426 3239 551 3316 Insuper
563 3238 885 3301 coneeditmonialibus
897 3282 906 3311 ,
918 3241 1007 3300 etiam
1024 3244 1109 3300 novi-

93 3326 162 3399 tiis,
184 3332 217 3384 ut
237 3324 350 3401 possint
369 3341 425 3404 pro
439 3322 535 3401 prima
551 3324 615 3383 viee
635 3323 789 3384 dumtaxat
805 3324 843 3384 ad
863 3324 981 3409 effeetus
994 3324 1108 3402 jubilaei

92 3408 290 3485 consequendi
304 3408 413 3486 eligere
427 3407 484 3467 sibi
498 3407 706 3482 confessarios,
717 3427 767 3469 seu
786 3410 950 3486 regulares,
961 3427 1012 3468 seu
1026 3426 1108 3484 pres·

94 3496 220 3574 byteros
243 3493 395 3553 saeculares
416 3508 451 3551 ex
469 3492 639 3570 approbatis
658 3493 694 3553 ab
706 3494 873 3553 ordinariis
891 3493 927 3553 ad
946 3490 1107 3567 audiendas

93 3578 246 3640 moniales.
265 3576 453 3641 Anaehoretis
465 3574 556 3652 verb,
579 3576 715 3654 Oblatis,
736 3578 909 3648 Tertiariis,
930 3572 1105 3633 mulieribus

136 3666 221 3725 Tora.
239 3663 300 3726 IX.
440 3686 443 3691 ·
910 3660 944 3719 at
