2475 3975
391 184 482 267 §.1v.
500 187 584 249 Circo
596 187 709 271 jurb'ca'a
725 187 864 273 officium.
1080 195 1119 257 ib

96 288 241 365 tionem,
255 285 280 349 si
294 286 430 347 revelare
447 298 561 349 rccuset
572 285 603 368 (t
616 308 642 351 c.
654 309 687 351 o.
703 293 786 371 aar.)
798 315 808 370 ;
820 302 851 355 et
863 294 929 357 aliae
946 313 1118 361 excommu-

98 371 267 433 nicationes
301 372 417 448 obviae,
449 391 515 451 quaa
544 373 692 436 observari
719 387 843 456 possunt
867 380 900 439 in
925 388 1050 444 tractatu
1078 380 1116 443 de
1171 448 1174 453 ,

95 456 248 517 censuris.
269 457 307 519 11.
328 457 406 519 Sciat
424 456 605 537 distinguere
623 470 775 537 peceatum
798 463 914 524 veniale
935 462 953 524 ic
974 464 1114 538 mortali,

93 542 210 603 saltem
226 541 257 603 iu
275 558 329 601 suo
353 559 483 621 genere,
505 542 584 620 quod
601 547 800 607 communiter
819 549 935 609 occurri
965 549 1061 627 solet;
1084 558 1115 611 et

94 626 136 687 dc
158 627 227 687 aliis
240 627 345 687 saltem
365 626 502 688 dubitare
522 628 605 688 sciat.
620 629 673 689 111.
685 631 762 692 Sciat
776 633 1020 712 interrogationes
1042 651 1115 711 quas

90 713 201 773 iacere
217 710 563 783 dubet,eircumstantias
576 723 763 791 peccatorum
785 718 889 779 saltem
907 720 1033 797 speciem
1047 736 1115 779 mu·

94 806 222 857 tantos:
242 794 316 873 quid
330 796 489 857 constituat
507 799 689 860 occasionem
704 802 893 877 proximam,
908 803 981 881 quid
995 803 1115 869 inducat

93 881 298 945 restitutionis
323 878 558 959 obligationem
586 882 660 943 item
683 883 780 961 qualis
808 904 870 949 esse
900 886 1004 948 debeat
1029 886 1114 948 dolor

94 976 129 1029 et
150 966 358 1045 propositum,
378 973 408 1025 ct
427 964 556 1043 denique
566 967 695 1028 remedia
707 969 743 1028 ad
762 970 997 1035 emendationem
1017 971 1114 1033 effica-

92 1051 192 1113 ciora.
203 1054 240 1112 Et
255 1060 288 1115 ut
307 1050 447 1113 brevibus
463 1069 512 1111 me
525 1050 698 1128 expediam,
715 1052 831 1117 affirmo
848 1054 881 1113 in
896 1063 972 1115 statu
991 1056 1113 1116 damua-

93 1136 190 1199 tionis
207 1156 271 1199 esso
293 1154 362 1198 curn
379 1135 613 1211 confessarium,
644 1139 695 1215 qui
721 1139 787 1198 sine
810 1137 968 1199 sufficienti
992 1138 1114 1199 scientia

92 1225 137 1287 ad
155 1222 350 1283 consessiones
366 1220 550 1299 excipiendas
569 1238 599 1281 se
619 1222 751 1300 exponit.
773 1226 852 1283 Deus
872 1224 934 1300 ipse
954 1221 1001 1283 bis
1014 1224 1113 1283 verbis

91 1326 170 1371 eum
183 1306 321 1385 reprobat
337 1326 345 1364 ε
373 1306 452 1383 Quia
465 1314 497 1365 tu
511 1304 665 1365 arietariam
679 1304 832 1387 repulisti,
856 1304 997 1388 repellam
1014 1315 1060 1385 te,
1076 1323 1113 1367 ue

91 1391 259 1456 sacerdotio
269 1388 411 1471 [uaporis
428 1388 504 1449 mitri
522 1388 597 1467 (tit.
613 1392 643 1450 6.
661 1410 694 1452 a.
717 1391 812 1469 698.)
834 1394 914 1451 Oseae
927 1410 993 1472 cop.
1011 1395 1040 1453 d.
1052 1394 1113 1453 Nee

92 1478 249 1539 excusabit
260 1493 330 1535 eum
349 1474 482 1552 Episcopi
509 1474 701 1553 approbatio,
725 1476 749 1537 si
772 1476 926 1536 manifeste
942 1494 974 1537 sc
994 1476 1112 1542 noverit

91 1561 283 1623 inhabilem:
301 1559 475 1639 approbatio
489 1560 569 1619 cnim
584 1578 645 1619 non
660 1560 789 1621 infundit
809 1561 959 1621 scientiam
981 1579 1112 1621 necessa·

92 1648 195 1723 riam,
213 1646 265 1705 scd
278 1644 431 1723 supponit.
446 1645 517 1703 Dico
534 1641 710 1723 manifeste,
731 1642 805 1704 dirm
825 1646 877 1723 qui
893 1643 1009 1705 tannim
1024 1645 1112 1705 dubi·

92 1740 192 1802 taret,
215 1728 291 1791 bend
316 1736 432 1807 potest,
456 1726 516 1789 imo
540 1728 628 1789 debet
650 1730 798 1807 quiescere
817 1730 850 1789 in
879 1731 924 1789 sui
949 1729 1111 1809 superioris

88 1815 211 1895 judicio
227 1812 377 1884 confisus,
394 1813 418 1873 si
436 1811 539 1872 saltem
559 1814 701 1874 seduliori
724 1814 822 1874 studio
842 1832 874 1874 se
898 1812 1028 1873 babiiem
1047 1812 1110 1873 red·

1 1965 2 1980 p
92 1902 169 1963 dere
189 1906 310 1977 satagat.
329 1900 366 1957 dt
383 1897 482 1957 nulius
496 1892 687 1958 confessarius
706 1899 904 1959 intermittere
923 1899 1010 1958 debet
1026 1896 1111 1958 theo·

91 1986 184 2064 togiae
203 1982 323 2045 moralis
339 1978 496 2061 studiumJ
507 1982 575 2060 quia
597 2001 633 2042 ex
653 1991 697 2044 tot
721 1985 811 2044 rebus
833 1993 895 2044 tam
914 1984 1059 2056 diversis,
1079 1992 1110 2043 et

90 2072 177 2133 inter
194 2085 226 2128 se
248 2067 415 2146 disparibus
428 2085 493 2144 quae
505 2066 540 2125 ad
554 2065 630 2128 lianc
646 2068 799 2128 scientiam
816 2070 990 2147 pertinent,
1014 2067 1108 2126 muita

91 2155 232 2234 quamvis
246 2155 343 2224 lecta,
369 2151 438 2230 quia
458 2149 554 2212 rariris
577 2153 731 2225 accidunt,
752 2155 894 2232 temporis
918 2170 1073 2230 progressu
1092 2149 1110 2210 d

91 2238 438 2314 mentedecidunt3qua
462 2237 500 2298 de
515 2255 548 2296 rc
569 2246 685 2316 oportet
706 2255 822 2314 semper
842 2236 989 2314 frequenti
1010 2235 1109 2296 studio

1 2306 3 2342 r
92 2346 145 2390 eas
162 2327 196 2388 in
209 2323 386 2386 memoriam
401 2339 552 2384 rovocare.

346 2501 373 2582 S.
387 2505 438 2564 lV.
454 2500 658 2584 Circojudicis
669 2498 798 2582 officium
810 2501 864 2582 (t).

134 2737 185 2796 ii).
207 2671 400 2796 Posruuuuu
424 2731 590 2791 confessarii
620 2731 749 2792 officium
776 2741 820 2792 est
847 2731 973 2809 judicis,
998 2740 1029 2792 et
1048 2731 1107 2795 ¹boo

1 2884 2 2892 ,
90 2823 260 2900 importat,
274 2825 312 2876 ut
328 2819 405 2878 sieut
421 2815 511 2894 judex
531 2826 651 2877 tenetur
670 2817 753 2895 priris
770 2819 899 2879 rationes
914 2837 1105 2898 cognoscere,

90 2908 167 2969 indo
185 2923 278 2966 causac
295 2911 445 2962 momenta
469 2903 634 2973 discutere,
659 2912 689 2963 et
712 2904 819 2964 deinde
839 2905 1015 2963 sententiam
1038 2921 1108 2979 pm·

90 2997 195 3058 serre:
216 2992 257 3052 ita
275 2991 466 3051 confessarius
486 2989 569 3068 priuis
593 2991 681 3051 debct
700 2993 833 3053 conscius
851 2991 916 3050 fieri
937 2990 1108 3068 poenitentis

91 3078 301 3148 conscientiae,
326 3085 425 3154 postea
445 3069 507 3151 eju's
527 3075 750 3154 dispositionem
774 3075 939 3152 inspicere,
957 3083 987 3134 et
1007 3083 1107 3154 postea

93 3167 311 3232 absolutionem
328 3163 500 3241 impertire,
513 3174 564 3224 aut
581 3182 700 3242 negare.
712 3167 747 3223 Et
769 3162 865 3242 quoad
886 3164 1018 3242 primum
1038 3182 1106 3223 mu-

94 3271 151 3316 nus
163 3296 171 3327 ‚
184 3250 266 3330 quod
288 3256 333 3308 est
346 3258 462 3326 peecata
477 3250 647 3326 poenitentis
662 3237 838 3328 cogitoscere
850 3291 859 3322 ,
873 3250 1009 3328 quamvis
1028 3249 1107 3310 debi·
1153 3311 1156 3314 ,

91 3349 158 3402 tum
174 3335 363 3398 examinandi
378 3335 586 3396 conscientiam
602 3333 642 3394 sit
660 3332 844 3413 praecipuum
859 3336 1044 3414 poenitentis,
1057 3335 1104 3393 ni-

92 3419 281 3496 bilominus,
304 3419 448 3500 quidquid
475 3421 523 3482 alii
547 3422 682 3482 doctores
700 3414 804 3503 {Apud
821 3415 937 3483 tainu
958 3421 1102 3482 iustrutt.

120 3578 153 3639 (t)
163 3575 196 3623 tu
207 3573 273 3636 qrrcd
282 3573 385 3635 pertinet
395 3573 494 3622 scientia
504 3580 578 3621 status
594 3573 735 3635 punitentia.
926 3629 990 3676 EM
