<?xml version="1.0" encoding="UTF-8"?>
<!DOCTYPE html PUBLIC "-//W3C//DTD XHTML 1.0 Transitional//EN"
    "http://www.w3.org/TR/xhtml1/DTD/xhtml1-transitional.dtd">
<html xmlns="http://www.w3.org/1999/xhtml" xml:lang="en" lang="en">
 <head>
  <title>
</title>
<meta http-equiv="Content-Type" content="text/html;charset=utf-8" />
  <meta name='ocr-system' content='tesseract 3.04.00' />
  <meta name='ocr-capabilities' content='ocr_page ocr_carea ocr_par ocr_line ocrx_word'/>
</head>
<body>
  <div class='ocr_page' id='page_1' title='image "./theologiamorali04heilgoog_0225.png"; bbox 0 0 2475 3975; ppageno 0'>
   <div class='ocr_carea' id='block_1_1' title="bbox 271 200 1121 287">
    <p class='ocr_par' dir='ltr' id='par_1_1' title="bbox 271 200 1121 287">
     <span class='ocr_line' id='line_1_1' title="bbox 271 200 1121 287; baseline -0.002 -19"><span class='ocrx_word' id='word_1_1' title='bbox 271 203 346 287; x_wconf 81' lang='lat' dir='ltr'><strong>Cep.</strong></span> <span class='ocrx_word' id='word_1_2' title='bbox 362 205 393 267; x_wconf 77' lang='grc'><strong>1.</strong></span> <span class='ocrx_word' id='word_1_3' title='bbox 407 201 452 266; x_wconf 86' lang='lat' dir='ltr'><strong>De</strong></span> <span class='ocrx_word' id='word_1_4' title='bbox 468 206 652 267; x_wconf 79' lang='lat' dir='ltr'><strong>sacramento</strong></span> <span class='ocrx_word' id='word_1_5' title='bbox 665 201 781 266; x_wconf 83' lang='lat' dir='ltr'><strong>ordinis</strong></span> <span class='ocrx_word' id='word_1_6' title='bbox 801 203 834 265; x_wconf 87' lang='lat' dir='ltr'><strong>in</strong></span> <span class='ocrx_word' id='word_1_7' title='bbox 849 219 963 286; x_wconf 75' lang='lat' dir='ltr'><strong>penore.</strong></span> <span class='ocrx_word' id='word_1_8' title='bbox 1060 200 1121 266; x_wconf 71' lang='lat'><strong>209</strong></span> 
     </span>
    </p>
   </div>
   <div class='ocr_carea' id='block_1_2' title="bbox 100 303 1156 3608">
    <p class='ocr_par' dir='ltr' id='par_1_2' title="bbox 101 303 1156 2165">
     <span class='ocr_line' id='line_1_2' title="bbox 110 303 1118 386; baseline -0.001 -19"><span class='ocrx_word' id='word_1_9' title='bbox 110 322 174 367; x_wconf 77' lang='lat' dir='ltr'><strong>csse</strong></span> <span class='ocrx_word' id='word_1_10' title='bbox 190 304 366 386; x_wconf 78' lang='lat' dir='ltr'><strong>Episcopum</strong></span> <span class='ocrx_word' id='word_1_11' title='bbox 382 305 420 367; x_wconf 90' lang='lat' dir='ltr'><strong>de</strong></span> <span class='ocrx_word' id='word_1_12' title='bbox 436 323 488 368; x_wconf 87' lang='lat' dir='ltr'><strong>sua</strong></span> <span class='ocrx_word' id='word_1_13' title='bbox 502 307 669 368; x_wconf 91' lang='lat' dir='ltr'><strong>intentione</strong></span> <span class='ocrx_word' id='word_1_14' title='bbox 682 303 794 364; x_wconf 89' lang='lat' dir='ltr'><strong>habita.</strong></span> <span class='ocrx_word' id='word_1_15' title='bbox 813 305 895 365; x_wconf 90' lang='lat' dir='ltr'><strong>idem</strong></span> <span class='ocrx_word' id='word_1_16' title='bbox 909 313 1007 365; x_wconf 90' lang='lat' dir='ltr'><strong>autem</strong></span> <span class='ocrx_word' id='word_1_17' title='bbox 1021 305 1118 367; x_wconf 84' lang='lat' dir='ltr'><strong>Bene-</strong></span> 
     </span>
     <span class='ocr_line' id='line_1_3' title="bbox 110 388 1117 471; baseline 0 -21"><span class='ocrx_word' id='word_1_18' title='bbox 110 389 225 466; x_wconf 81' lang='lat' dir='ltr'><strong>dictus,</strong></span> <span class='ocrx_word' id='word_1_19' title='bbox 239 388 359 471; x_wconf 65' lang='grc'><strong>3138333.</strong></span> <span class='ocrx_word' id='word_1_20' title='bbox 374 389 395 452; x_wconf 91' lang='lat' dir='ltr'><strong>t.</strong></span> <span class='ocrx_word' id='word_1_21' title='bbox 409 393 440 453; x_wconf 70' lang='lat'><strong>8‘.</strong></span> <span class='ocrx_word' id='word_1_22' title='bbox 453 410 480 453; x_wconf 88' lang='lat' dir='ltr'><strong>e.</strong></span> <span class='ocrx_word' id='word_1_23' title='bbox 499 393 548 452; x_wconf 91' lang='grc'><strong>11.</strong></span> <span class='ocrx_word' id='word_1_24' title='bbox 564 410 597 452; x_wconf 85' lang='lat' dir='ltr'><strong>n.</strong></span> <span class='ocrx_word' id='word_1_25' title='bbox 612 393 642 450; x_wconf 98' lang='grc'><strong>1.</strong></span> <span class='ocrx_word' id='word_1_26' title='bbox 657 397 758 450; x_wconf 89' lang='lat' dir='ltr'><strong>monet</strong></span> <span class='ocrx_word' id='word_1_27' title='bbox 773 391 951 468; x_wconf 87' lang='lat' dir='ltr'><strong>Episcopos,</strong></span> <span class='ocrx_word' id='word_1_28' title='bbox 968 399 1002 450; x_wconf 90' lang='lat' dir='ltr'><strong>ut</strong></span> <span class='ocrx_word' id='word_1_29' title='bbox 1013 407 1044 449; x_wconf 88' lang='lat' dir='ltr'><strong>se</strong></span> <span class='ocrx_word' id='word_1_30' title='bbox 1064 390 1117 450; x_wconf 87' lang='lat' dir='ltr'><strong>ab·</strong></span> 
     </span>
     <span class='ocr_line' id='line_1_4' title="bbox 109 474 1116 554; baseline 0 -20"><span class='ocrx_word' id='word_1_31' title='bbox 109 475 343 535; x_wconf 88' lang='lat' dir='ltr'><strong>stineantabhac</strong></span> <span class='ocrx_word' id='word_1_32' title='bbox 353 477 562 554; x_wconf 71' lang='lat' dir='ltr'><strong>protestatione</strong></span> <span class='ocrx_word' id='word_1_33' title='bbox 571 497 581 552; x_wconf 82' lang='lat'><em>3</em></span> <span class='ocrx_word' id='word_1_34' title='bbox 590 475 724 553; x_wconf 90' lang='lat' dir='ltr'><strong>quamvis</strong></span> <span class='ocrx_word' id='word_1_35' title='bbox 736 475 816 534; x_wconf 92' lang='lat' dir='ltr'><strong>enim</strong></span> <span class='ocrx_word' id='word_1_36' title='bbox 826 474 935 554; x_wconf 80' lang='lat' dir='ltr'><strong>(inquit</strong></span> <span class='ocrx_word' id='word_1_37' title='bbox 946 492 1013 535; x_wconf 93' lang='lat' dir='ltr'><strong>cum</strong></span> <span class='ocrx_word' id='word_1_38' title='bbox 1025 474 1116 553; x_wconf 78' lang='lat' dir='ltr'><strong>lupo)</strong></span> 
     </span>
     <span class='ocr_line' id='line_1_5' title="bbox 108 559 1156 641; baseline 0 -21"><span class='ocrx_word' id='word_1_39' title='bbox 108 569 207 638; x_wconf 90' lang='lat' dir='ltr'><strong>posset</strong></span> <span class='ocrx_word' id='word_1_40' title='bbox 216 561 372 640; x_wconf 89' lang='lat' dir='ltr'><strong>aliquando</strong></span> <span class='ocrx_word' id='word_1_41' title='bbox 382 562 710 641; x_wconf 85' lang='lat' dir='ltr'><strong>Episcopus,existente</strong></span> <span class='ocrx_word' id='word_1_42' title='bbox 719 561 889 640; x_wconf 77' lang='lat' dir='ltr'><strong>gravissima</strong></span> <span class='ocrx_word' id='word_1_43' title='bbox 898 559 1117 631; x_wconf 77' lang='lat' dir='ltr'><strong>causi,habdre</strong></span> <span class='ocrx_word' id='word_1_44' title='bbox 1153 570 1156 580; x_wconf 89' lang='grc'><strong>“</strong></span> 
     </span>
     <span class='ocr_line' id='line_1_6' title="bbox 108 645 1115 723; baseline -0.002 -19"><span class='ocrx_word' id='word_1_45' title='bbox 108 645 321 706; x_wconf 87' lang='lat' dir='ltr'><strong>intentionem</strong></span> <span class='ocrx_word' id='word_1_46' title='bbox 335 645 585 721; x_wconf 78' lang='lat' dir='ltr'><strong>conditionatum,</strong></span> <span class='ocrx_word' id='word_1_47' title='bbox 610 645 673 706; x_wconf 82' lang='grc'><strong>11333</strong></span> <span class='ocrx_word' id='word_1_48' title='bbox 695 651 794 707; x_wconf 89' lang='lat' dir='ltr'><strong>tamen</strong></span> <span class='ocrx_word' id='word_1_49' title='bbox 819 645 1024 706; x_wconf 85' lang='lat' dir='ltr'><strong>universaliter</strong></span> <span class='ocrx_word' id='word_1_50' title='bbox 1046 662 1115 723; x_wconf 79' lang='lat' dir='ltr'><strong>erga</strong></span> 
     </span>
     <span class='ocr_line' id='line_1_7' title="bbox 107 728 1115 809; baseline 0 -21"><span class='ocrx_word' id='word_1_51' title='bbox 107 745 212 788; x_wconf 88' lang='lat' dir='ltr'><strong>omncs</strong></span> <span class='ocrx_word' id='word_1_52' title='bbox 233 729 448 808; x_wconf 88' lang='lat' dir='ltr'><strong>promovendos</strong></span> <span class='ocrx_word' id='word_1_53' title='bbox 470 731 575 809; x_wconf 88' lang='lat' dir='ltr'><strong>nequit</strong></span> <span class='ocrx_word' id='word_1_54' title='bbox 603 728 707 791; x_wconf 77' lang='grc'><strong>13313131</strong></span> <span class='ocrx_word' id='word_1_55' title='bbox 736 731 800 790; x_wconf 89' lang='grc'><strong>3133</strong></span> <span class='ocrx_word' id='word_1_56' title='bbox 820 728 953 808; x_wconf 88' lang='lat' dir='ltr'><strong>pluribus</strong></span> <span class='ocrx_word' id='word_1_57' title='bbox 976 731 1115 790; x_wconf 87' lang='lat' dir='ltr'><strong>inconve-</strong></span> 
     </span>
     <span class='ocr_line' id='line_1_8' title="bbox 104 813 1113 895; baseline 0.004 -23"><span class='ocrx_word' id='word_1_58' title='bbox 104 813 267 875; x_wconf 88' lang='lat' dir='ltr'><strong>nientibus.</strong></span> <span class='ocrx_word' id='word_1_59' title='bbox 283 815 510 894; x_wconf 82' lang='lat' dir='ltr'><strong>Additquecum</strong></span> <span class='ocrx_word' id='word_1_60' title='bbox 519 817 680 886; x_wconf 85' lang='lat' dir='ltr'><strong>Noaorro,</strong></span> <span class='ocrx_word' id='word_1_61' title='bbox 698 815 830 887; x_wconf 83' lang='lat' dir='ltr'><strong>Gebala,</strong></span> <span class='ocrx_word' id='word_1_62' title='bbox 848 825 877 876; x_wconf 92' lang='lat' dir='ltr'><strong>ct</strong></span> <span class='ocrx_word' id='word_1_63' title='bbox 892 817 995 878; x_wconf 90' lang='lat' dir='ltr'><strong>eodem</strong></span> <span class='ocrx_word' id='word_1_64' title='bbox 1015 818 1113 895; x_wconf 73' lang='lat' dir='ltr'><strong>Lupo,</strong></span> 
     </span>
     <span class='ocr_line' id='line_1_9' title="bbox 105 896 1114 979; baseline 0.001 -22"><span class='ocrx_word' id='word_1_65' title='bbox 105 896 188 974; x_wconf 87' lang='lat' dir='ltr'><strong>qubd</strong></span> <span class='ocrx_word' id='word_1_66' title='bbox 198 899 376 978; x_wconf 81' lang='lat' dir='ltr'><strong>Episcopus,</strong></span> <span class='ocrx_word' id='word_1_67' title='bbox 395 899 515 961; x_wconf 80' lang='lat' dir='ltr'>ordines</span> <span class='ocrx_word' id='word_1_68' title='bbox 527 901 725 970; x_wconf 90' lang='lat' dir='ltr'><strong>conlcrcndo,</strong></span> <span class='ocrx_word' id='word_1_69' title='bbox 739 908 856 959; x_wconf 87' lang='lat' dir='ltr'><strong>tenetur</strong></span> <span class='ocrx_word' id='word_1_70' title='bbox 866 903 921 959; x_wconf 92' lang='lat' dir='ltr'><strong>sub</strong></span> <span class='ocrx_word' id='word_1_71' title='bbox 933 902 1015 979; x_wconf 83' lang='lat' dir='ltr'><strong>gravi</strong></span> <span class='ocrx_word' id='word_1_72' title='bbox 1029 901 1114 979; x_wconf 88' lang='lat' dir='ltr'><strong>culpa</strong></span> 
     </span>
     <span class='ocr_line' id='line_1_10' title="bbox 104 982 1115 1064; baseline 0.004 -22"><span class='ocrx_word' id='word_1_73' title='bbox 104 999 156 1042; x_wconf 92' lang='lat' dir='ltr'><strong>cos</strong></span> <span class='ocrx_word' id='word_1_74' title='bbox 167 982 298 1044; x_wconf 75' lang='lat' dir='ltr'><strong>absolute</strong></span> <span class='ocrx_word' id='word_1_75' title='bbox 309 985 441 1044; x_wconf 78' lang='lat' dir='ltr'><strong>conterre</strong></span> <span class='ocrx_word' id='word_1_76' title='bbox 450 986 558 1063; x_wconf 91' lang='lat' dir='ltr'><strong>quibus</strong></span> <span class='ocrx_word' id='word_1_77' title='bbox 569 1003 673 1044; x_wconf 90' lang='lat' dir='ltr'><strong>manus</strong></span> <span class='ocrx_word' id='word_1_78' title='bbox 684 984 908 1062; x_wconf 86' lang='lat' dir='ltr'><strong>imponit.Quid</strong></span> <span class='ocrx_word' id='word_1_79' title='bbox 917 986 985 1062; x_wconf 86' lang='lat' dir='ltr'><strong>crgb</strong></span> <span class='ocrx_word' id='word_1_80' title='bbox 995 984 1115 1064; x_wconf 75' lang='grc'><strong>(3333133</strong></span> 
     </span>
     <span class='ocr_line' id='line_1_11' title="bbox 104 1065 1115 1148; baseline 0.001 -22"><span class='ocrx_word' id='word_1_81' title='bbox 104 1065 266 1144; x_wconf 75' lang='lat' dir='ltr'><strong>concludit)</strong></span> <span class='ocrx_word' id='word_1_82' title='bbox 282 1067 415 1146; x_wconf 89' lang='lat' dir='ltr'><strong>proderit</strong></span> <span class='ocrx_word' id='word_1_83' title='bbox 432 1069 603 1148; x_wconf 89' lang='lat' dir='ltr'><strong>protestatio</strong></span> <span class='ocrx_word' id='word_1_84' title='bbox 623 1069 672 1129; x_wconf 88' lang='lat' dir='ltr'><strong>illa</strong></span> <span class='ocrx_word' id='word_1_85' title='bbox 683 1112 692 1145; x_wconf 86' lang='lat'>‚</span> <span class='ocrx_word' id='word_1_86' title='bbox 705 1069 761 1128; x_wconf 91' lang='lat' dir='ltr'><strong>nisi</strong></span> <span class='ocrx_word' id='word_1_87' title='bbox 779 1067 815 1126; x_wconf 89' lang='lat' dir='ltr'><strong>ad</strong></span> <span class='ocrx_word' id='word_1_88' title='bbox 829 1069 1003 1146; x_wconf 85' lang='lat' dir='ltr'><strong>ingerendas</strong></span> <span class='ocrx_word' id='word_1_89' title='bbox 1016 1069 1115 1146; x_wconf 88' lang='lat' dir='ltr'><strong>plures</strong></span> 
     </span>
     <span class='ocr_line' id='line_1_12' title="bbox 105 1151 1116 1232; baseline 0.004 -22"><span class='ocrx_word' id='word_1_90' title='bbox 105 1152 260 1227; x_wconf 90' lang='lat' dir='ltr'><strong>scrupulos</strong></span> <span class='ocrx_word' id='word_1_91' title='bbox 279 1153 311 1211; x_wconf 93' lang='lat' dir='ltr'><strong>in</strong></span> <span class='ocrx_word' id='word_1_92' title='bbox 329 1171 378 1214; x_wconf 88' lang='lat' dir='ltr'><strong>cos</strong></span> <span class='ocrx_word' id='word_1_93' title='bbox 396 1154 448 1232; x_wconf 90' lang='lat' dir='ltr'><strong>qui</strong></span> <span class='ocrx_word' id='word_1_94' title='bbox 472 1158 712 1232; x_wconf 79' lang='lat' dir='ltr'><strong>promoventur?</strong></span> <span class='ocrx_word' id='word_1_95' title='bbox 728 1153 779 1215; x_wconf 92' lang='lat' dir='ltr'><strong>lli.</strong></span> <span class='ocrx_word' id='word_1_96' title='bbox 802 1154 975 1230; x_wconf 82' lang='lat' dir='ltr'><strong>Requiritur</strong></span> <span class='ocrx_word' id='word_1_97' title='bbox 996 1151 1116 1214; x_wconf 74' lang='lat' dir='ltr'><strong>animas</strong></span> 
     </span>
     <span class='ocr_line' id='line_1_13' title="bbox 103 1233 1116 1317; baseline 0.001 -19"><span class='ocrx_word' id='word_1_98' title='bbox 103 1233 284 1306; x_wconf 83' lang='lat' dir='ltr'><strong>clericandi,</strong></span> <span class='ocrx_word' id='word_1_99' title='bbox 301 1247 335 1298; x_wconf 91' lang='lat' dir='ltr'><strong>ut</strong></span> <span class='ocrx_word' id='word_1_100' title='bbox 348 1238 548 1317; x_wconf 80' lang='lat' dir='ltr'><strong>praescribitur</strong></span> <span class='ocrx_word' id='word_1_101' title='bbox 563 1239 595 1299; x_wconf 93' lang='lat' dir='ltr'><strong>in</strong></span> <span class='ocrx_word' id='word_1_102' title='bbox 608 1239 744 1300; x_wconf 88' lang='lat' dir='ltr'><strong>Trident.</strong></span> <span class='ocrx_word' id='word_1_103' title='bbox 760 1256 830 1300; x_wconf 86' lang='grc'><strong>3333.</strong></span> <span class='ocrx_word' id='word_1_104' title='bbox 844 1240 895 1298; x_wconf 76' lang='lat'><strong>25.</strong></span> <span class='ocrx_word' id='word_1_105' title='bbox 907 1258 933 1300; x_wconf 86' lang='lat' dir='ltr'><strong>c.</strong></span> <span class='ocrx_word' id='word_1_106' title='bbox 948 1241 992 1311; x_wconf 80' lang='grc'><strong>1.,</strong></span> <span class='ocrx_word' id='word_1_107' title='bbox 1005 1240 1116 1299; x_wconf 87' lang='grc'><strong>33111333</strong></span> 
     </span>
     <span class='ocr_line' id='line_1_14' title="bbox 103 1321 1116 1402; baseline 0 -19"><span class='ocrx_word' id='word_1_108' title='bbox 103 1321 279 1383; x_wconf 82' lang='lat' dir='ltr'><strong>ascendendi</strong></span> <span class='ocrx_word' id='word_1_109' title='bbox 299 1323 336 1381; x_wconf 90' lang='lat' dir='ltr'><strong>ad</strong></span> <span class='ocrx_word' id='word_1_110' title='bbox 359 1323 478 1384; x_wconf 85' lang='lat' dir='ltr'><strong>ordines</strong></span> <span class='ocrx_word' id='word_1_111' title='bbox 499 1325 676 1402; x_wconf 85' lang='lat' dir='ltr'><strong>superiores.</strong></span> <span class='ocrx_word' id='word_1_112' title='bbox 692 1325 753 1382; x_wconf 91' lang='lat' dir='ltr'><strong>lloe</strong></span> <span class='ocrx_word' id='word_1_113' title='bbox 773 1333 870 1382; x_wconf 88' lang='lat' dir='ltr'><strong>tamen</strong></span> <span class='ocrx_word' id='word_1_114' title='bbox 889 1323 1116 1402; x_wconf 84' lang='lat' dir='ltr'><strong>intelligendum</strong></span> 
     </span>
     <span class='ocr_line' id='line_1_15' title="bbox 104 1406 1115 1488; baseline 0.002 -22"><span class='ocrx_word' id='word_1_115' title='bbox 104 1407 282 1485; x_wconf 86' lang='lat' dir='ltr'><strong>procedere,</strong></span> <span class='ocrx_word' id='word_1_116' title='bbox 301 1406 370 1468; x_wconf 85' lang='grc'><strong>31333</strong></span> <span class='ocrx_word' id='word_1_117' title='bbox 389 1406 455 1485; x_wconf 90' lang='lat' dir='ltr'><strong>quis</strong></span> <span class='ocrx_word' id='word_1_118' title='bbox 474 1415 604 1486; x_wconf 89' lang='lat' dir='ltr'><strong>acceptat</strong></span> <span class='ocrx_word' id='word_1_119' title='bbox 615 1408 793 1470; x_wconf 86' lang='lat' dir='ltr'><strong>beneficium</strong></span> <span class='ocrx_word' id='word_1_120' title='bbox 805 1407 840 1466; x_wconf 92' lang='lat' dir='ltr'><strong>ad</strong></span> <span class='ocrx_word' id='word_1_121' title='bbox 859 1409 938 1484; x_wconf 92' lang='lat' dir='ltr'><strong>quod</strong></span> <span class='ocrx_word' id='word_1_122' title='bbox 953 1410 1115 1488; x_wconf 87' lang='lat' dir='ltr'><strong>requiritur</strong></span> 
     </span>
     <span class='ocr_line' id='line_1_16' title="bbox 103 1489 1115 1572; baseline 0.005 -23"><span class='ocrx_word' id='word_1_123' title='bbox 103 1491 301 1554; x_wconf 90' lang='lat' dir='ltr'><strong>sacerdotium</strong></span> <span class='ocrx_word' id='word_1_124' title='bbox 312 1535 321 1562; x_wconf 92' lang='lat'><strong>,</strong></span> <span class='ocrx_word' id='word_1_125' title='bbox 334 1492 382 1551; x_wconf 95' lang='grc'><strong>331</strong></span> <span class='ocrx_word' id='word_1_126' title='bbox 401 1492 477 1553; x_wconf 85' lang='grc'><strong>31133</strong></span> <span class='ocrx_word' id='word_1_127' title='bbox 498 1493 572 1555; x_wconf 89' lang='lat' dir='ltr'><strong>ordo</strong></span> <span class='ocrx_word' id='word_1_128' title='bbox 593 1511 675 1553; x_wconf 90' lang='lat' dir='ltr'><strong>sacer</strong></span> <span class='ocrx_word' id='word_1_129' title='bbox 690 1489 721 1572; x_wconf 79' lang='lat' dir='ltr'><strong>(i.</strong></span> <span class='ocrx_word' id='word_1_130' title='bbox 740 1494 814 1552; x_wconf 75' lang='grc'><strong>(1.3.</strong></span> <span class='ocrx_word' id='word_1_131' title='bbox 830 1491 923 1570; x_wconf 84' lang='lat'><strong>785.).</strong></span> <span class='ocrx_word' id='word_1_132' title='bbox 939 1495 990 1554; x_wconf 89' lang='lat' dir='ltr'><strong>lV.</strong></span> <span class='ocrx_word' id='word_1_133' title='bbox 1005 1494 1115 1572; x_wconf 86' lang='lat' dir='ltr'><strong>Requi·</strong></span> 
     </span>
     <span class='ocr_line' id='line_1_17' title="bbox 103 1575 1112 1659; baseline 0.005 -25"><span class='ocrx_word' id='word_1_134' title='bbox 103 1575 202 1650; x_wconf 77' lang='lat' dir='ltr'><strong>ritus,</strong></span> <span class='ocrx_word' id='word_1_135' title='bbox 213 1584 247 1638; x_wconf 93' lang='lat' dir='ltr'><strong>ut</strong></span> <span class='ocrx_word' id='word_1_136' title='bbox 267 1575 391 1658; x_wconf 73' lang='lat' dir='ltr'><strong>quaqua</strong></span> <span class='ocrx_word' id='word_1_137' title='bbox 410 1576 564 1639; x_wconf 81' lang='lat' dir='ltr'><strong>ordinetur</strong></span> <span class='ocrx_word' id='word_1_138' title='bbox 576 1580 596 1638; x_wconf 85' lang='lat' dir='ltr'><strong>d</strong></span> <span class='ocrx_word' id='word_1_139' title='bbox 608 1577 731 1659; x_wconf 66' lang='lat' dir='ltr'><strong>proprio</strong></span> <span class='ocrx_word' id='word_1_140' title='bbox 742 1575 902 1658; x_wconf 82' lang='lat' dir='ltr'><strong>Episcopo,</strong></span> <span class='ocrx_word' id='word_1_141' title='bbox 920 1580 968 1640; x_wconf 92' lang='grc'><strong>331</strong></span> <span class='ocrx_word' id='word_1_142' title='bbox 983 1580 1019 1639; x_wconf 88' lang='grc'><strong>313</strong></span> <span class='ocrx_word' id='word_1_143' title='bbox 1037 1579 1112 1652; x_wconf 92' lang='grc'><strong>3113,</strong></span> 
     </span>
     <span class='ocr_line' id='line_1_18' title="bbox 104 1659 1115 1742; baseline 0.008 -24"><span class='ocrx_word' id='word_1_144' title='bbox 104 1659 157 1720; x_wconf 88' lang='lat' dir='ltr'><strong>sed</strong></span> <span class='ocrx_word' id='word_1_145' title='bbox 174 1679 242 1722; x_wconf 90' lang='lat' dir='ltr'><strong>cum</strong></span> <span class='ocrx_word' id='word_1_146' title='bbox 262 1662 369 1722; x_wconf 89' lang='lat' dir='ltr'><strong>litteris</strong></span> <span class='ocrx_word' id='word_1_147' title='bbox 386 1663 630 1725; x_wconf 87' lang='lat' dir='ltr'><strong>dimissorialibus</strong></span> <span class='ocrx_word' id='word_1_148' title='bbox 649 1661 783 1742; x_wconf 84' lang='lat' dir='ltr'><strong>Episcopi</strong></span> <span class='ocrx_word' id='word_1_149' title='bbox 807 1664 939 1742; x_wconf 89' lang='lat' dir='ltr'><strong>proprii,</strong></span> <span class='ocrx_word' id='word_1_150' title='bbox 955 1666 980 1724; x_wconf 89' lang='lat' dir='ltr'><strong>si</strong></span> <span class='ocrx_word' id='word_1_151' title='bbox 1001 1664 1050 1724; x_wconf 90' lang='lat' dir='ltr'><strong>hic</strong></span> <span class='ocrx_word' id='word_1_152' title='bbox 1070 1674 1115 1726; x_wconf 87' lang='grc'><strong>333</strong></span> 
     </span>
     <span class='ocr_line' id='line_1_19' title="bbox 105 1746 1113 1826; baseline 0.004 -21"><span class='ocrx_word' id='word_1_153' title='bbox 105 1746 268 1824; x_wconf 89' lang='lat' dir='ltr'><strong>impeditus</strong></span> <span class='ocrx_word' id='word_1_154' title='bbox 280 1763 316 1804; x_wconf 88' lang='lat' dir='ltr'><strong>ex</strong></span> <span class='ocrx_word' id='word_1_155' title='bbox 327 1746 520 1818; x_wconf 85' lang='lat' dir='ltr'><strong>infirmitate,</strong></span> <span class='ocrx_word' id='word_1_156' title='bbox 534 1758 586 1807; x_wconf 89' lang='lat' dir='ltr'><strong>aut</strong></span> <span class='ocrx_word' id='word_1_157' title='bbox 596 1747 654 1808; x_wconf 91' lang='lat' dir='ltr'><strong>alia</strong></span> <span class='ocrx_word' id='word_1_158' title='bbox 667 1749 745 1824; x_wconf 83' lang='lat' dir='ltr'><strong>justa</strong></span> <span class='ocrx_word' id='word_1_159' title='bbox 756 1750 1028 1826; x_wconf 87' lang='lat' dir='ltr'><strong>causa.Capitulum</strong></span> <span class='ocrx_word' id='word_1_160' title='bbox 1041 1747 1113 1810; x_wconf 84' lang='lat' dir='ltr'><strong>verb</strong></span> 
     </span>
     <span class='ocr_line' id='line_1_20' title="bbox 101 1827 1115 1910; baseline 0.002 -19"><span class='ocrx_word' id='word_1_161' title='bbox 101 1830 175 1892; x_wconf 87' lang='lat' dir='ltr'><strong>sede</strong></span> <span class='ocrx_word' id='word_1_162' title='bbox 194 1839 316 1888; x_wconf 87' lang='grc'><strong>3333333</strong></span> <span class='ocrx_word' id='word_1_163' title='bbox 338 1827 428 1890; x_wconf 88' lang='lat' dir='ltr'><strong>bodie</strong></span> <span class='ocrx_word' id='word_1_164' title='bbox 447 1832 605 1909; x_wconf 86' lang='lat' dir='ltr'><strong>(quidquid</strong></span> <span class='ocrx_word' id='word_1_165' title='bbox 622 1833 713 1892; x_wconf 88' lang='grc'><strong>133313</strong></span> <span class='ocrx_word' id='word_1_166' title='bbox 732 1829 906 1910; x_wconf 77' lang='lat' dir='ltr'><strong>antiquitus)</strong></span> <span class='ocrx_word' id='word_1_167' title='bbox 924 1835 1028 1910; x_wconf 86' lang='lat' dir='ltr'><strong>nequit</strong></span> <span class='ocrx_word' id='word_1_168' title='bbox 1044 1833 1115 1895; x_wconf 88' lang='lat' dir='ltr'><strong>dare</strong></span> 
     </span>
     <span class='ocr_line' id='line_1_21' title="bbox 101 1912 1115 1993; baseline 0.005 -19"><span class='ocrx_word' id='word_1_169' title='bbox 101 1914 192 1974; x_wconf 86' lang='lat' dir='ltr'><strong>alicui</strong></span> <span class='ocrx_word' id='word_1_170' title='bbox 217 1912 419 1993; x_wconf 86' lang='lat' dir='ltr'><strong>dimissorias,</strong></span> <span class='ocrx_word' id='word_1_171' title='bbox 443 1914 501 1975; x_wconf 91' lang='lat' dir='ltr'><strong>nisi</strong></span> <span class='ocrx_word' id='word_1_172' title='bbox 525 1916 576 1976; x_wconf 92' lang='lat' dir='ltr'><strong>ille</strong></span> <span class='ocrx_word' id='word_1_173' title='bbox 597 1917 637 1977; x_wconf 89' lang='lat' dir='ltr'><strong>sit</strong></span> <span class='ocrx_word' id='word_1_174' title='bbox 660 1925 786 1976; x_wconf 89' lang='lat' dir='ltr'><strong>arctatus</strong></span> <span class='ocrx_word' id='word_1_175' title='bbox 809 1916 845 1976; x_wconf 92' lang='lat' dir='ltr'><strong>ad</strong></span> <span class='ocrx_word' id='word_1_176' title='bbox 869 1916 1003 1976; x_wconf 85' lang='lat' dir='ltr'><strong>ordinem</strong></span> <span class='ocrx_word' id='word_1_177' title='bbox 1024 1920 1115 1979; x_wconf 90' lang='lat' dir='ltr'><strong>susci·</strong></span> 
     </span>
     <span class='ocr_line' id='line_1_22' title="bbox 104 2000 1114 2084; baseline 0.005 -25"><span class='ocrx_word' id='word_1_178' title='bbox 104 2000 247 2078; x_wconf 92' lang='lat' dir='ltr'><strong>picndum</strong></span> <span class='ocrx_word' id='word_1_179' title='bbox 268 2000 307 2060; x_wconf 92' lang='lat' dir='ltr'><strong>ob</strong></span> <span class='ocrx_word' id='word_1_180' title='bbox 329 2000 451 2080; x_wconf 78' lang='lat' dir='ltr'><strong>aliquod</strong></span> <span class='ocrx_word' id='word_1_181' title='bbox 470 2000 649 2065; x_wconf 84' lang='lat' dir='ltr'><strong>beneficium</strong></span> <span class='ocrx_word' id='word_1_182' title='bbox 669 2000 825 2081; x_wconf 88' lang='lat' dir='ltr'><strong>requirens</strong></span> <span class='ocrx_word' id='word_1_183' title='bbox 847 2002 1021 2082; x_wconf 87' lang='lat' dir='ltr'><strong>obsequium</strong></span> <span class='ocrx_word' id='word_1_184' title='bbox 1045 2023 1114 2084; x_wconf 87' lang='lat' dir='ltr'><strong>pcr-</strong></span> 
     </span>
     <span class='ocr_line' id='line_1_23' title="bbox 102 2081 451 2165; baseline 0.006 -20"><span class='ocrx_word' id='word_1_185' title='bbox 102 2086 202 2145; x_wconf 83' lang='lat' dir='ltr'><strong>sonale</strong></span> <span class='ocrx_word' id='word_1_186' title='bbox 218 2081 253 2165; x_wconf 85' lang='lat' dir='ltr'><strong>(l.</strong></span> <span class='ocrx_word' id='word_1_187' title='bbox 270 2104 295 2145; x_wconf 84' lang='lat' dir='ltr'><strong>e.</strong></span> <span class='ocrx_word' id='word_1_188' title='bbox 310 2104 342 2146; x_wconf 83' lang='lat' dir='ltr'><strong>c.</strong></span> <span class='ocrx_word' id='word_1_189' title='bbox 357 2084 451 2163; x_wconf 74' lang='grc'><strong>7813).</strong></span> 
     </span>
    </p>

    <p class='ocr_par' dir='ltr' id='par_1_3' title="bbox 100 2170 1113 3608">
     <span class='ocr_line' id='line_1_24' title="bbox 142 2170 1113 2253; baseline 0.005 -23"><span class='ocrx_word' id='word_1_190' title='bbox 142 2170 192 2230; x_wconf 80' lang='lat'><strong>55.</strong></span> <span class='ocrx_word' id='word_1_191' title='bbox 207 2170 395 2248; x_wconf 65' lang='lat' dir='ltr'><strong>»Proprius</strong></span> <span class='ocrx_word' id='word_1_192' title='bbox 408 2180 509 2233; x_wconf 91' lang='lat' dir='ltr'><strong>autem</strong></span> <span class='ocrx_word' id='word_1_193' title='bbox 526 2171 686 2250; x_wconf 80' lang='lat' dir='ltr'><strong>Episcopus</strong></span> <span class='ocrx_word' id='word_1_194' title='bbox 704 2170 815 2231; x_wconf 91' lang='lat' dir='ltr'><strong>dicitur</strong></span> <span class='ocrx_word' id='word_1_195' title='bbox 829 2170 877 2231; x_wconf 88' lang='grc'><strong>331</strong></span> <span class='ocrx_word' id='word_1_196' title='bbox 895 2170 1009 2233; x_wconf 85' lang='grc'><strong>3331333</strong></span> <span class='ocrx_word' id='word_1_197' title='bbox 1023 2174 1113 2253; x_wconf 79' lang='lat' dir='ltr'><strong>origi·</strong></span> 
     </span>
     <span class='ocr_line' id='line_1_25' title="bbox 101 2250 1113 2329; baseline 0.008 -16"><span class='ocrx_word' id='word_1_198' title='bbox 101 2253 152 2313; x_wconf 89' lang='lat' dir='ltr'><strong>nis</strong></span> <span class='ocrx_word' id='word_1_199' title='bbox 164 2253 212 2312; x_wconf 87' lang='grc'><strong>331</strong></span> <span class='ocrx_word' id='word_1_200' title='bbox 222 2250 364 2312; x_wconf 87' lang='lat' dir='ltr'><strong>domicilii</strong></span> <span class='ocrx_word' id='word_1_201' title='bbox 377 2254 442 2327; x_wconf 86' lang='grc'><strong>,331</strong></span> <span class='ocrx_word' id='word_1_202' title='bbox 456 2254 611 2329; x_wconf 88' lang='lat' dir='ltr'><strong>benciicii,</strong></span> <span class='ocrx_word' id='word_1_203' title='bbox 625 2256 672 2315; x_wconf 90' lang='lat' dir='ltr'><strong>vei</strong></span> <span class='ocrx_word' id='word_1_204' title='bbox 685 2254 902 2316; x_wconf 81' lang='lat' dir='ltr'><strong>familiaritatis.</strong></span> <span class='ocrx_word' id='word_1_205' title='bbox 919 2258 955 2315; x_wconf 88' lang='lat' dir='ltr'><strong>Et</strong></span> <span class='ocrx_word' id='word_1_206' title='bbox 970 2257 994 2317; x_wconf 90' lang='lat'><strong>1.</strong></span> <span class='ocrx_word' id='word_1_207' title='bbox 1006 2258 1113 2321; x_wconf 88' lang='lat' dir='ltr'><strong>debent</strong></span> 
     </span>
     <span class='ocr_line' id='line_1_26' title="bbox 101 2336 1112 2423; baseline 0.009 -26"><span class='ocrx_word' id='word_1_208' title='bbox 101 2336 230 2398; x_wconf 87' lang='lat' dir='ltr'><strong>Ordines</strong></span> <span class='ocrx_word' id='word_1_209' title='bbox 253 2337 359 2417; x_wconf 89' lang='lat' dir='ltr'><strong>suscipi</strong></span> <span class='ocrx_word' id='word_1_210' title='bbox 378 2337 415 2399; x_wconf 91' lang='lat' dir='ltr'><strong>ab</strong></span> <span class='ocrx_word' id='word_1_211' title='bbox 437 2340 580 2419; x_wconf 86' lang='lat' dir='ltr'><strong>Episcopo</strong></span> <span class='ocrx_word' id='word_1_212' title='bbox 600 2338 746 2420; x_wconf 79' lang='lat' dir='ltr'><strong>oriqinis,</strong></span> <span class='ocrx_word' id='word_1_213' title='bbox 761 2340 785 2400; x_wconf 90' lang='lat' dir='ltr'><strong>si</strong></span> <span class='ocrx_word' id='word_1_214' title='bbox 800 2340 980 2402; x_wconf 89' lang='lat' dir='ltr'><strong>ordinandus</strong></span> <span class='ocrx_word' id='word_1_215' title='bbox 996 2344 1027 2404; x_wconf 93' lang='lat' dir='ltr'><strong>in</strong></span> <span class='ocrx_word' id='word_1_216' title='bbox 1049 2342 1112 2423; x_wconf 82' lang='lat' dir='ltr'><strong>ejus</strong></span> 
     </span>
     <span class='ocr_line' id='line_1_27' title="bbox 102 2420 1113 2505; baseline 0.012 -24"><span class='ocrx_word' id='word_1_217' title='bbox 102 2420 219 2483; x_wconf 64' lang='lat' dir='ltr'><strong>dioecesi</strong></span> <span class='ocrx_word' id='word_1_218' title='bbox 236 2430 323 2482; x_wconf 87' lang='lat' dir='ltr'><strong>natus</strong></span> <span class='ocrx_word' id='word_1_219' title='bbox 341 2431 403 2495; x_wconf 86' lang='lat' dir='ltr'><strong>est,</strong></span> <span class='ocrx_word' id='word_1_220' title='bbox 416 2433 446 2485; x_wconf 92' lang='lat' dir='ltr'><strong>et</strong></span> <span class='ocrx_word' id='word_1_221' title='bbox 463 2434 599 2505; x_wconf 89' lang='lat' dir='ltr'><strong>parentes</strong></span> <span class='ocrx_word' id='word_1_222' title='bbox 616 2434 748 2502; x_wconf 88' lang='lat' dir='ltr'><strong>temporo</strong></span> <span class='ocrx_word' id='word_1_223' title='bbox 759 2426 917 2488; x_wconf 88' lang='lat' dir='ltr'><strong>nativitatis</strong></span> <span class='ocrx_word' id='word_1_224' title='bbox 935 2427 1045 2491; x_wconf 89' lang='lat' dir='ltr'><strong>ibidem</strong></span> <span class='ocrx_word' id='word_1_225' title='bbox 1058 2431 1113 2492; x_wconf 82' lang='lat' dir='ltr'><strong>do·</strong></span> 
     </span>
     <span class='ocr_line' id='line_1_28' title="bbox 101 2506 1110 2597; baseline 0.011 -30"><span class='ocrx_word' id='word_1_226' title='bbox 101 2506 247 2567; x_wconf 89' lang='lat' dir='ltr'><strong>micilium</strong></span> <span class='ocrx_word' id='word_1_227' title='bbox 261 2506 440 2587; x_wconf 79' lang='lat' dir='ltr'><strong>habuerint3</strong></span> <span class='ocrx_word' id='word_1_228' title='bbox 454 2528 522 2571; x_wconf 91' lang='lat' dir='ltr'><strong>nam</strong></span> <span class='ocrx_word' id='word_1_229' title='bbox 541 2511 565 2571; x_wconf 89' lang='lat' dir='ltr'><strong>si</strong></span> <span class='ocrx_word' id='word_1_230' title='bbox 584 2529 650 2571; x_wconf 87' lang='grc'><strong>3333</strong></span> <span class='ocrx_word' id='word_1_231' title='bbox 670 2511 777 2571; x_wconf 91' lang='grc'><strong>31133131</strong></span> <span class='ocrx_word' id='word_1_232' title='bbox 795 2520 881 2573; x_wconf 84' lang='grc'><strong>33333</strong></span> <span class='ocrx_word' id='word_1_233' title='bbox 900 2522 993 2584; x_wconf 84' lang='lat' dir='ltr'><strong>esset,</strong></span> <span class='ocrx_word' id='word_1_234' title='bbox 1008 2524 1037 2577; x_wconf 90' lang='lat' dir='ltr'><strong>et</strong></span> <span class='ocrx_word' id='word_1_235' title='bbox 1060 2534 1110 2597; x_wconf 89' lang='lat' dir='ltr'><strong>pa·</strong></span> 
     </span>
     <span class='ocr_line' id='line_1_29' title="bbox 102 2590 1110 2673; baseline 0.013 -24"><span class='ocrx_word' id='word_1_236' title='bbox 102 2598 201 2650; x_wconf 88' lang='lat' dir='ltr'><strong>rcntcs</strong></span> <span class='ocrx_word' id='word_1_237' title='bbox 225 2590 295 2652; x_wconf 92' lang='lat' dir='ltr'><strong>alibi</strong></span> <span class='ocrx_word' id='word_1_238' title='bbox 315 2593 499 2655; x_wconf 91' lang='lat' dir='ltr'><strong>domicilium</strong></span> <span class='ocrx_word' id='word_1_239' title='bbox 519 2596 700 2669; x_wconf 86' lang='lat' dir='ltr'><strong>habuerint,</strong></span> <span class='ocrx_word' id='word_1_240' title='bbox 721 2605 793 2655; x_wconf 91' lang='lat' dir='ltr'><strong>tunc</strong></span> <span class='ocrx_word' id='word_1_241' title='bbox 816 2596 925 2656; x_wconf 90' lang='lat' dir='ltr'><strong>dicitur</strong></span> <span class='ocrx_word' id='word_1_242' title='bbox 942 2596 1110 2673; x_wconf 82' lang='lat' dir='ltr'><strong>oriundus,</strong></span> 
     </span>
     <span class='ocr_line' id='line_1_30' title="bbox 102 2674 1111 2759; baseline 0.01 -24"><span class='ocrx_word' id='word_1_243' title='bbox 102 2683 134 2735; x_wconf 89' lang='lat' dir='ltr'><strong>ct</strong></span> <span class='ocrx_word' id='word_1_244' title='bbox 146 2674 277 2736; x_wconf 89' lang='lat' dir='ltr'><strong>ordinari</strong></span> <span class='ocrx_word' id='word_1_245' title='bbox 296 2677 383 2738; x_wconf 90' lang='lat' dir='ltr'><strong>debet</strong></span> <span class='ocrx_word' id='word_1_246' title='bbox 399 2680 437 2740; x_wconf 90' lang='lat' dir='ltr'><strong>ab</strong></span> <span class='ocrx_word' id='word_1_247' title='bbox 459 2680 601 2759; x_wconf 88' lang='lat' dir='ltr'><strong>Episcopo</strong></span> <span class='ocrx_word' id='word_1_248' title='bbox 618 2680 695 2752; x_wconf 88' lang='lat' dir='ltr'><strong>loci,</strong></span> <span class='ocrx_word' id='word_1_249' title='bbox 709 2679 760 2739; x_wconf 93' lang='lat' dir='ltr'><strong>ubi</strong></span> <span class='ocrx_word' id='word_1_250' title='bbox 781 2688 916 2758; x_wconf 87' lang='lat' dir='ltr'><strong>parentes</strong></span> <span class='ocrx_word' id='word_1_251' title='bbox 928 2678 1111 2745; x_wconf 90' lang='lat' dir='ltr'><strong>domicilium</strong></span> 
     </span>
     <span class='ocr_line' id='line_1_31' title="bbox 102 2757 1111 2845; baseline 0.012 -27"><span class='ocrx_word' id='word_1_252' title='bbox 102 2757 275 2821; x_wconf 81' lang='grc'><strong>1331333311.</strong></span> <span class='ocrx_word' id='word_1_253' title='bbox 291 2762 417 2823; x_wconf 84' lang='lat' dir='ltr'><strong>Ratione</strong></span> <span class='ocrx_word' id='word_1_254' title='bbox 433 2762 577 2825; x_wconf 74' lang='grc'><strong>(1333131111</strong></span> <span class='ocrx_word' id='word_1_255' title='bbox 596 2762 674 2825; x_wconf 78' lang='lat' dir='ltr'><strong>bcnb</strong></span> <span class='ocrx_word' id='word_1_256' title='bbox 693 2763 868 2835; x_wconf 88' lang='lat' dir='ltr'><strong>ordinatur,</strong></span> <span class='ocrx_word' id='word_1_257' title='bbox 881 2765 933 2842; x_wconf 92' lang='lat' dir='ltr'><strong>qui</strong></span> <span class='ocrx_word' id='word_1_258' title='bbox 957 2766 989 2825; x_wconf 93' lang='lat' dir='ltr'><strong>in</strong></span> <span class='ocrx_word' id='word_1_259' title='bbox 1012 2767 1111 2845; x_wconf 90' lang='lat' dir='ltr'><strong>aliquo</strong></span> 
     </span>
     <span class='ocr_line' id='line_1_32' title="bbox 103 2842 1113 2927; baseline 0.009 -24"><span class='ocrx_word' id='word_1_260' title='bbox 103 2844 168 2904; x_wconf 92' lang='grc'><strong>1333</strong></span> <span class='ocrx_word' id='word_1_261' title='bbox 179 2842 391 2908; x_wconf 85' lang='lat' dir='ltr'><strong>habitationem</strong></span> <span class='ocrx_word' id='word_1_262' title='bbox 414 2866 498 2909; x_wconf 89' lang='lat' dir='ltr'><strong>suam</strong></span> <span class='ocrx_word' id='word_1_263' title='bbox 516 2848 685 2921; x_wconf 90' lang='lat' dir='ltr'><strong>constituit,</strong></span> <span class='ocrx_word' id='word_1_264' title='bbox 700 2866 768 2909; x_wconf 90' lang='lat' dir='ltr'><strong>cum</strong></span> <span class='ocrx_word' id='word_1_265' title='bbox 784 2848 884 2909; x_wconf 89' lang='lat' dir='ltr'><strong>animo</strong></span> <span class='ocrx_word' id='word_1_266' title='bbox 905 2848 945 2909; x_wconf 92' lang='lat' dir='ltr'><strong>ibi</strong></span> <span class='ocrx_word' id='word_1_267' title='bbox 968 2851 1113 2927; x_wconf 73' lang='lat' dir='ltr'><strong>perpetui)</strong></span> 
     </span>
     <span class='ocr_line' id='line_1_33' title="bbox 100 2928 1112 3012; baseline 0.007 -24"><span class='ocrx_word' id='word_1_268' title='bbox 100 2928 254 2989; x_wconf 90' lang='lat' dir='ltr'><strong>manendi.</strong></span> <span class='ocrx_word' id='word_1_269' title='bbox 271 2932 325 2991; x_wconf 85' lang='lat' dir='ltr'><strong>liic</strong></span> <span class='ocrx_word' id='word_1_270' title='bbox 341 2946 442 2993; x_wconf 89' lang='lat' dir='ltr'><strong>autom</strong></span> <span class='ocrx_word' id='word_1_271' title='bbox 458 2934 575 2999; x_wconf 90' lang='lat' dir='ltr'><strong>animus</strong></span> <span class='ocrx_word' id='word_1_272' title='bbox 588 2934 749 3012; x_wconf 86' lang='lat' dir='ltr'><strong>probatur,</strong></span> <span class='ocrx_word' id='word_1_273' title='bbox 766 2934 813 2993; x_wconf 88' lang='grc'><strong>331</strong></span> <span class='ocrx_word' id='word_1_274' title='bbox 830 2952 883 3011; x_wconf 86' lang='lat' dir='ltr'><strong>per</strong></span> <span class='ocrx_word' id='word_1_275' title='bbox 900 2932 1112 2997; x_wconf 88' lang='lat' dir='ltr'><strong>habitationem</strong></span> 
     </span>
     <span class='ocr_line' id='line_1_34' title="bbox 102 3014 1112 3097; baseline 0.01 -23"><span class='ocrx_word' id='word_1_276' title='bbox 102 3014 262 3090; x_wconf 88' lang='lat' dir='ltr'><strong>decennii,</strong></span> <span class='ocrx_word' id='word_1_277' title='bbox 286 3019 335 3078; x_wconf 88' lang='lat' dir='ltr'><strong>vel</strong></span> <span class='ocrx_word' id='word_1_278' title='bbox 357 3037 411 3097; x_wconf 88' lang='lat' dir='ltr'><strong>per</strong></span> <span class='ocrx_word' id='word_1_279' title='bbox 432 3019 656 3080; x_wconf 79' lang='lat' dir='ltr'><strong>aedificationem</strong></span> <span class='ocrx_word' id='word_1_280' title='bbox 685 3017 792 3079; x_wconf 79' lang='lat' dir='ltr'><strong>domita</strong></span> <span class='ocrx_word' id='word_1_281' title='bbox 819 3036 886 3078; x_wconf 94' lang='lat' dir='ltr'><strong>cum</strong></span> <span class='ocrx_word' id='word_1_282' title='bbox 915 3020 1112 3095; x_wconf 89' lang='lat' dir='ltr'><strong>asportatione</strong></span> 
     </span>
     <span class='ocr_line' id='line_1_35' title="bbox 103 3098 1112 3183; baseline 0.009 -24"><span class='ocrx_word' id='word_1_283' title='bbox 103 3098 224 3175; x_wconf 89' lang='lat' dir='ltr'><strong>majoris</strong></span> <span class='ocrx_word' id='word_1_284' title='bbox 239 3103 331 3178; x_wconf 90' lang='lat' dir='ltr'><strong>partis</strong></span> <span class='ocrx_word' id='word_1_285' title='bbox 351 3103 517 3175; x_wconf 91' lang='lat' dir='ltr'><strong>bonorum,</strong></span> <span class='ocrx_word' id='word_1_286' title='bbox 536 3102 669 3183; x_wconf 75' lang='lat' dir='ltr'><strong>degendo</strong></span> <span class='ocrx_word' id='word_1_287' title='bbox 684 3103 727 3163; x_wconf 89' lang='lat' dir='ltr'><strong>ibi</strong></span> <span class='ocrx_word' id='word_1_288' title='bbox 745 3102 833 3162; x_wconf 90' lang='lat' dir='ltr'><strong>simul</strong></span> <span class='ocrx_word' id='word_1_289' title='bbox 850 3118 904 3178; x_wconf 90' lang='lat' dir='ltr'><strong>per</strong></span> <span class='ocrx_word' id='word_1_290' title='bbox 922 3099 1042 3180; x_wconf 87' lang='lat' dir='ltr'><strong>aliquod</strong></span> <span class='ocrx_word' id='word_1_291' title='bbox 1058 3124 1112 3168; x_wconf 74' lang='lat' dir='ltr'><strong>no·</strong></span> 
     </span>
     <span class='ocr_line' id='line_1_36' title="bbox 103 3182 1109 3269; baseline 0.009 -28"><span class='ocrx_word' id='word_1_292' title='bbox 103 3182 196 3243; x_wconf 86' lang='lat' dir='ltr'><strong>tabilc</strong></span> <span class='ocrx_word' id='word_1_293' title='bbox 216 3191 333 3265; x_wconf 90' lang='lat' dir='ltr'><strong>tompus</strong></span> <span class='ocrx_word' id='word_1_294' title='bbox 345 3232 354 3261; x_wconf 98' lang='lat'><strong>,</strong></span> <span class='ocrx_word' id='word_1_295' title='bbox 368 3198 403 3249; x_wconf 89' lang='lat' dir='ltr'><strong>ut</strong></span> <span class='ocrx_word' id='word_1_296' title='bbox 423 3187 549 3249; x_wconf 91' lang='lat' dir='ltr'><strong>habetur</strong></span> <span class='ocrx_word' id='word_1_297' title='bbox 565 3190 597 3249; x_wconf 96' lang='lat' dir='ltr'><strong>in</strong></span> <span class='ocrx_word' id='word_1_298' title='bbox 615 3189 696 3250; x_wconf 87' lang='lat' dir='ltr'><strong>bulla</strong></span> <span class='ocrx_word' id='word_1_299' title='bbox 715 3183 914 3269; x_wconf 79' lang='lat' dir='ltr'><strong>Speculatores</strong></span> <span class='ocrx_word' id='word_1_300' title='bbox 928 3186 1015 3265; x_wconf 83' lang='lat' dir='ltr'><strong>(Vide</strong></span> <span class='ocrx_word' id='word_1_301' title='bbox 1033 3186 1054 3251; x_wconf 86' lang='grc'><strong>1.</strong></span> <span class='ocrx_word' id='word_1_302' title='bbox 1079 3195 1109 3255; x_wconf 72' lang='lat' dir='ltr'><strong>ti,</strong></span> 
     </span>
     <span class='ocr_line' id='line_1_37' title="bbox 102 3268 1113 3353; baseline 0.01 -23"><span class='ocrx_word' id='word_1_303' title='bbox 102 3287 137 3330; x_wconf 81' lang='lat' dir='ltr'><strong>n.</strong></span> <span class='ocrx_word' id='word_1_304' title='bbox 151 3269 221 3329; x_wconf 84' lang='lat'><strong>770.</strong></span> <span class='ocrx_word' id='word_1_305' title='bbox 234 3268 275 3330; x_wconf 80' lang='lat' dir='ltr'><strong>od</strong></span> <span class='ocrx_word' id='word_1_306' title='bbox 294 3271 355 3350; x_wconf 61' lang='lat' dir='ltr'><strong>Vi.</strong></span> <span class='ocrx_word' id='word_1_307' title='bbox 370 3276 424 3335; x_wconf 92' lang='grc'><strong>111.</strong></span> <span class='ocrx_word' id='word_1_308' title='bbox 439 3276 563 3336; x_wconf 83' lang='lat' dir='ltr'><strong>Ratione</strong></span> <span class='ocrx_word' id='word_1_309' title='bbox 577 3272 729 3353; x_wconf 77' lang='lat' dir='ltr'><strong>beneficii,</strong></span> <span class='ocrx_word' id='word_1_310' title='bbox 746 3271 814 3331; x_wconf 77' lang='lat' dir='ltr'><strong>licdt</strong></span> <span class='ocrx_word' id='word_1_311' title='bbox 828 3271 933 3349; x_wconf 86' lang='lat' dir='ltr'><strong>aliquis</strong></span> <span class='ocrx_word' id='word_1_312' title='bbox 945 3274 1014 3335; x_wconf 78' lang='lat' dir='ltr'><strong>alibi</strong></span> <span class='ocrx_word' id='word_1_313' title='bbox 1027 3286 1113 3341; x_wconf 85' lang='lat' dir='ltr'><strong>natus</strong></span> 
     </span>
     <span class='ocr_line' id='line_1_38' title="bbox 101 3355 1112 3443; baseline 0.006 -27"><span class='ocrx_word' id='word_1_314' title='bbox 101 3355 194 3416; x_wconf 87' lang='grc'><strong>133313</strong></span> <span class='ocrx_word' id='word_1_315' title='bbox 210 3364 240 3415; x_wconf 89' lang='grc'><strong>33</strong></span> <span class='ocrx_word' id='word_1_316' title='bbox 258 3356 442 3421; x_wconf 87' lang='lat' dir='ltr'><strong>domicilium</strong></span> <span class='ocrx_word' id='word_1_317' title='bbox 466 3360 588 3431; x_wconf 86' lang='lat' dir='ltr'><strong>habeat,</strong></span> <span class='ocrx_word' id='word_1_318' title='bbox 609 3359 687 3419; x_wconf 79' lang='grc'><strong>133313</strong></span> <span class='ocrx_word' id='word_1_319' title='bbox 704 3366 800 3437; x_wconf 89' lang='lat' dir='ltr'><strong>potest</strong></span> <span class='ocrx_word' id='word_1_320' title='bbox 823 3357 955 3420; x_wconf 88' lang='lat' dir='ltr'><strong>ordinari</strong></span> <span class='ocrx_word' id='word_1_321' title='bbox 973 3361 1010 3421; x_wconf 89' lang='grc'><strong>313</strong></span> <span class='ocrx_word' id='word_1_322' title='bbox 1028 3364 1112 3443; x_wconf 87' lang='lat' dir='ltr'><strong>Epis-</strong></span> 
     </span>
     <span class='ocr_line' id='line_1_39' title="bbox 102 3439 1112 3519; baseline 0.008 -20"><span class='ocrx_word' id='word_1_323' title='bbox 102 3457 196 3519; x_wconf 91' lang='lat' dir='ltr'><strong>copo,</strong></span> <span class='ocrx_word' id='word_1_324' title='bbox 216 3439 248 3500; x_wconf 91' lang='lat' dir='ltr'><strong>in</strong></span> <span class='ocrx_word' id='word_1_325' title='bbox 272 3442 356 3519; x_wconf 86' lang='lat' dir='ltr'><strong>cujus</strong></span> <span class='ocrx_word' id='word_1_326' title='bbox 376 3444 493 3505; x_wconf 83' lang='lat' dir='ltr'><strong>dimoesi</strong></span> <span class='ocrx_word' id='word_1_327' title='bbox 521 3444 698 3514; x_wconf 86' lang='lat' dir='ltr'><strong>heneficium</strong></span> <span class='ocrx_word' id='word_1_328' title='bbox 724 3442 871 3503; x_wconf 83' lang='lat' dir='ltr'><strong>sufficiens</strong></span> <span class='ocrx_word' id='word_1_329' title='bbox 894 3446 932 3506; x_wconf 91' lang='lat' dir='ltr'><strong>ad</strong></span> <span class='ocrx_word' id='word_1_330' title='bbox 953 3462 1112 3519; x_wconf 80' lang='lat' dir='ltr'><strong>congruam</strong></span> 
     </span>
     <span class='ocr_line' id='line_1_40' title="bbox 103 3525 1112 3608; baseline 0.006 -27"><span class='ocrx_word' id='word_1_331' title='bbox 103 3525 348 3589; x_wconf 86' lang='lat' dir='ltr'><strong>sustentationem</strong></span> <span class='ocrx_word' id='word_1_332' title='bbox 367 3527 514 3608; x_wconf 72' lang='lat' dir='ltr'><strong>possidet,</strong></span> <span class='ocrx_word' id='word_1_333' title='bbox 528 3529 657 3588; x_wconf 91' lang='lat' dir='ltr'><strong>obtentis</strong></span> <span class='ocrx_word' id='word_1_334' title='bbox 677 3535 774 3586; x_wconf 84' lang='lat' dir='ltr'><strong>tamen</strong></span> <span class='ocrx_word' id='word_1_335' title='bbox 787 3527 894 3587; x_wconf 87' lang='lat' dir='ltr'><strong>litteris</strong></span> <span class='ocrx_word' id='word_1_336' title='bbox 908 3526 1112 3587; x_wconf 91' lang='lat' dir='ltr'><strong>testimoniali·</strong></span> 
     </span>
    </p>
   </div>
   <div class='ocr_carea' id='block_1_3' title="bbox 103 3606 1111 3753">
    <p class='ocr_par' dir='ltr' id='par_1_4' title="bbox 103 3606 1111 3753">
     <span class='ocr_line' id='line_1_41' title="bbox 103 3606 1111 3753; baseline 0.001 -86"><span class='ocrx_word' id='word_1_337' title='bbox 103 3607 159 3667; x_wconf 93' lang='lat' dir='ltr'><strong>bus</strong></span> <span class='ocrx_word' id='word_1_338' title='bbox 177 3606 215 3669; x_wconf 83' lang='lat' dir='ltr'><strong>ab</strong></span> <span class='ocrx_word' id='word_1_339' title='bbox 227 3610 369 3690; x_wconf 88' lang='lat' dir='ltr'><strong>Episcopo</strong></span> <span class='ocrx_word' id='word_1_340' title='bbox 385 3613 526 3676; x_wconf 90' lang='lat' dir='ltr'><strong>domicilii</strong></span> <span class='ocrx_word' id='word_1_341' title='bbox 538 3610 577 3690; x_wconf 78' lang='lat' dir='ltr'><strong>3d</strong></span> <span class='ocrx_word' id='word_1_342' title='bbox 602 3628 663 3691; x_wconf 92' lang='lat' dir='ltr'><strong>quo</strong></span> <span class='ocrx_word' id='word_1_343' title='bbox 685 3620 784 3673; x_wconf 88' lang='lat' dir='ltr'><strong>tamen</strong></span> <span class='ocrx_word' id='word_1_344' title='bbox 805 3607 1111 3753; x_wconf 64' lang='lat' dir='ltr'><strong>potesqssexaminuri,</strong></span> 
     </span>
    </p>
   </div>
   <div class='ocr_carea' id='block_1_4' title="bbox 0 0 1242 3975">
    <p class='ocr_par' dir='ltr' id='par_1_5' title="bbox 0 0 1242 3975">
     <span class='ocr_line' id='line_1_42' title="bbox 0 0 1242 3975; baseline 0 0"><span class='ocrx_word' id='word_1_345' title='bbox 0 0 1242 3975; x_wconf 95' lang='lat' dir='ltr'><strong> </strong></span> 
     </span>
    </p>
   </div>
  </div>
 </body>
</html>
