<?xml version="1.0" encoding="UTF-8"?>
<!DOCTYPE html PUBLIC "-//W3C//DTD XHTML 1.0 Transitional//EN"
    "http://www.w3.org/TR/xhtml1/DTD/xhtml1-transitional.dtd">
<html xmlns="http://www.w3.org/1999/xhtml" xml:lang="en" lang="en">
 <head>
  <title>
</title>
<meta http-equiv="Content-Type" content="text/html;charset=utf-8" />
  <meta name='ocr-system' content='tesseract 3.04.00' />
  <meta name='ocr-capabilities' content='ocr_page ocr_carea ocr_par ocr_line ocrx_word'/>
</head>
<body>
  <div class='ocr_page' id='page_1' title='image "./theologiamorali04heilgoog_0358.png"; bbox 0 0 2475 3975; ppageno 0'>
   <div class='ocr_carea' id='block_1_1' title="bbox 126 161 945 248">
    <p class='ocr_par' dir='ltr' id='par_1_1' title="bbox 126 161 945 248">
     <span class='ocr_line' id='line_1_1' title="bbox 126 161 945 248; baseline -0.004 -20"><span class='ocrx_word' id='word_1_1' title='bbox 126 169 185 230; x_wconf 68' lang='lat'>532</span> <span class='ocrx_word' id='word_1_2' title='bbox 313 167 342 228; x_wconf 84' lang='lat' dir='ltr'><em>E</em></span> <span class='ocrx_word' id='word_1_3' title='bbox 342 166 450 248; x_wconf 85' lang='lat' dir='ltr'>pitome</span> <span class='ocrx_word' id='word_1_4' title='bbox 464 163 605 228; x_wconf 75' lang='lat' dir='ltr'>doctrinm</span> <span class='ocrx_word' id='word_1_5' title='bbox 620 161 743 226; x_wconf 83' lang='lat' dir='ltr'>morulis</span> <span class='ocrx_word' id='word_1_6' title='bbox 756 172 786 225; x_wconf 84' lang='lat' dir='ltr'>et</span> <span class='ocrx_word' id='word_1_7' title='bbox 797 165 945 226; x_wconf 80' lang='lat' dir='ltr'>couortr&#39;cce</span> 
     </span>
    </p>
   </div>
   <div class='ocr_carea' id='block_1_2' title="bbox 125 265 1138 432">
    <p class='ocr_par' dir='ltr' id='par_1_2' title="bbox 125 265 1138 432">
     <span class='ocr_line' id='line_1_2' title="bbox 125 265 1138 350; baseline -0.002 -22"><span class='ocrx_word' id='word_1_8' title='bbox 125 269 231 350; x_wconf 79' lang='lat' dir='ltr'><strong>recipit</strong></span> <span class='ocrx_word' id='word_1_9' title='bbox 252 269 290 328; x_wconf 84' lang='lat' dir='ltr'>eh</span> <span class='ocrx_word' id='word_1_10' title='bbox 314 270 365 331; x_wconf 91' lang='lat' dir='ltr'>illo</span> <span class='ocrx_word' id='word_1_11' title='bbox 384 277 600 330; x_wconf 88' lang='lat' dir='ltr'>sacramentum</span> <span class='ocrx_word' id='word_1_12' title='bbox 619 267 762 338; x_wconf 76' lang='lat' dir='ltr'>scienter,</span> <span class='ocrx_word' id='word_1_13' title='bbox 778 275 896 346; x_wconf 83' lang='lat' dir='ltr'>peccato</span> <span class='ocrx_word' id='word_1_14' title='bbox 920 265 983 342; x_wconf 77' lang='lat' dir='ltr'>eJus</span> <span class='ocrx_word' id='word_1_15' title='bbox 1005 285 1138 328; x_wconf 85' lang='lat' dir='ltr'>comma·</span> 
     </span>
     <span class='ocr_line' id='line_1_3' title="bbox 125 347 1138 432; baseline -0.002 -20"><span class='ocrx_word' id='word_1_16' title='bbox 125 353 224 425; x_wconf 88' lang='lat' dir='ltr'>nicet,</span> <span class='ocrx_word' id='word_1_17' title='bbox 237 347 304 432; x_wconf 78' lang='lat' dir='ltr'>qaia</span> <span class='ocrx_word' id='word_1_18' title='bbox 317 363 362 416; x_wconf 88' lang='lat' dir='ltr'>est</span> <span class='ocrx_word' id='word_1_19' title='bbox 380 353 596 414; x_wconf 85' lang='lat' dir='ltr'>animadversio</span> <span class='ocrx_word' id='word_1_20' title='bbox 613 353 646 414; x_wconf 84' lang='lat' dir='ltr'>S.</span> <span class='ocrx_word' id='word_1_21' title='bbox 665 351 795 413; x_wconf 75' lang='lat' dir='ltr'>Thorace.</span> <span class='ocrx_word' id='word_1_22' title='bbox 809 348 885 411; x_wconf 90' lang='lat' dir='ltr'>lbid.</span> <span class='ocrx_word' id='word_1_23' title='bbox 897 368 925 411; x_wconf 85' lang='lat' dir='ltr'>c.</span> <span class='ocrx_word' id='word_1_24' title='bbox 941 353 986 411; x_wconf 76' lang='lat' dir='ltr'>lb.</span> <span class='ocrx_word' id='word_1_25' title='bbox 1003 369 1036 411; x_wconf 91' lang='lat' dir='ltr'>n.</span> <span class='ocrx_word' id='word_1_26' title='bbox 1051 353 1082 410; x_wconf 69' lang='grc'><strong>2.</strong></span> <span class='ocrx_word' id='word_1_27' title='bbox 1094 355 1138 423; x_wconf 76' lang='lat' dir='ltr'>Er</span> 
     </span>
    </p>
   </div>
   <div class='ocr_carea' id='block_1_3' title="bbox 55 438 1213 3545">
    <p class='ocr_par' dir='ltr' id='par_1_3' title="bbox 55 438 1139 1112">
     <span class='ocr_line' id='line_1_4' title="bbox 126 438 1139 517; baseline -0.001 -20"><span class='ocrx_word' id='word_1_28' title='bbox 126 456 185 515; x_wconf 91' lang='lat' dir='ltr'>quo</span> <span class='ocrx_word' id='word_1_29' title='bbox 202 439 332 500; x_wconf 79' lang='lat' dir='ltr'>insertor</span> <span class='ocrx_word' id='word_1_30' title='bbox 346 457 464 517; x_wconf 84' lang='lat' dir='ltr'>peccare</span> <span class='ocrx_word' id='word_1_31' title='bbox 484 439 569 499; x_wconf 91' lang='lat' dir='ltr'>illum</span> <span class='ocrx_word' id='word_1_32' title='bbox 586 438 735 516; x_wconf 82' lang='lat' dir='ltr'>graviter,</span> <span class='ocrx_word' id='word_1_33' title='bbox 749 439 802 514; x_wconf 88' lang='lat' dir='ltr'>qui</span> <span class='ocrx_word' id='word_1_34' title='bbox 821 445 1038 496; x_wconf 89' lang='lat' dir='ltr'>sacramentum</span> <span class='ocrx_word' id='word_1_35' title='bbox 1050 439 1139 496; x_wconf 72' lang='lat' dir='ltr'>susci:</span> 
     </span>
     <span class='ocr_line' id='line_1_5' title="bbox 126 520 1138 602; baseline -0.002 -21"><span class='ocrx_word' id='word_1_36' title='bbox 126 521 197 602; x_wconf 81' lang='lat' dir='ltr'>pttt</span> <span class='ocrx_word' id='word_1_37' title='bbox 214 523 363 586; x_wconf 75' lang='lat' dir='ltr'>sacerdote</span> <span class='ocrx_word' id='word_1_38' title='bbox 380 521 564 584; x_wconf 89' lang='lat' dir='ltr'>schismatico</span> <span class='ocrx_word' id='word_1_39' title='bbox 576 565 584 592; x_wconf 93' lang='lat'>,</span> <span class='ocrx_word' id='word_1_40' title='bbox 598 522 645 582; x_wconf 87' lang='lat' dir='ltr'>vcl</span> <span class='ocrx_word' id='word_1_41' title='bbox 659 523 930 594; x_wconf 87' lang='lat' dir='ltr'>excommunicato,</span> <span class='ocrx_word' id='word_1_42' title='bbox 941 539 976 580; x_wconf 86' lang='lat' dir='ltr'>ex</span> <span class='ocrx_word' id='word_1_43' title='bbox 989 541 1040 592; x_wconf 89' lang='lat' dir='ltr'>eo,</span> <span class='ocrx_word' id='word_1_44' title='bbox 1055 520 1138 599; x_wconf 83' lang='lat' dir='ltr'>quhd</span> 
     </span>
     <span class='ocr_line' id='line_1_6' title="bbox 126 606 967 688; baseline -0.002 -20"><span class='ocrx_word' id='word_1_45' title='bbox 126 606 190 684; x_wconf 83' lang='lat' dir='ltr'>rjus</span> <span class='ocrx_word' id='word_1_46' title='bbox 213 619 330 688; x_wconf 86' lang='lat' dir='ltr'>peccato</span> <span class='ocrx_word' id='word_1_47' title='bbox 348 608 556 668; x_wconf 87' lang='lat' dir='ltr'>communicet.</span> <span class='ocrx_word' id='word_1_48' title='bbox 574 606 651 667; x_wconf 90' lang='lat' dir='ltr'>lbid.</span> <span class='ocrx_word' id='word_1_49' title='bbox 665 626 697 666; x_wconf 89' lang='lat' dir='ltr'>n.</span> <span class='ocrx_word' id='word_1_50' title='bbox 714 608 745 666; x_wconf 77' lang='lat'>5.</span> <span class='ocrx_word' id='word_1_51' title='bbox 963 652 967 656; x_wconf 16' lang='lat' dir='ltr'>s</span> 
     </span>
     <span class='ocr_line' id='line_1_7' title="bbox 165 692 1137 772; baseline -0.005 -16"><span class='ocrx_word' id='word_1_52' title='bbox 165 698 211 756; x_wconf 77' lang='lat' dir='ltr'>An</span> <span class='ocrx_word' id='word_1_53' title='bbox 240 695 328 754; x_wconf 91' lang='lat' dir='ltr'>unico</span> <span class='ocrx_word' id='word_1_54' title='bbox 353 699 471 770; x_wconf 85' lang='lat' dir='ltr'>peccato</span> <span class='ocrx_word' id='word_1_55' title='bbox 498 699 598 772; x_wconf 83' lang='lat' dir='ltr'>peccet</span> <span class='ocrx_word' id='word_1_56' title='bbox 624 692 780 763; x_wconf 75' lang='lat' dir='ltr'>sacerdos,</span> <span class='ocrx_word' id='word_1_57' title='bbox 807 694 860 770; x_wconf 89' lang='lat' dir='ltr'>qui</span> <span class='ocrx_word' id='word_1_58' title='bbox 890 692 989 754; x_wconf 81' lang='lat' dir='ltr'>lethali</span> <span class='ocrx_word' id='word_1_59' title='bbox 1017 702 1137 770; x_wconf 83' lang='lat' dir='ltr'>peccato</span> 
     </span>
     <span class='ocr_line' id='line_1_8' title="bbox 126 775 1139 854; baseline -0.004 -16"><span class='ocrx_word' id='word_1_60' title='bbox 126 780 249 840; x_wconf 88' lang='lat' dir='ltr'>inlectos</span> <span class='ocrx_word' id='word_1_61' title='bbox 262 777 399 854; x_wconf 89' lang='lat' dir='ltr'>pluribus</span> <span class='ocrx_word' id='word_1_62' title='bbox 415 785 633 838; x_wconf 88' lang='lat' dir='ltr'>sacramentum</span> <span class='ocrx_word' id='word_1_63' title='bbox 652 775 842 837; x_wconf 74' lang='lat' dir='ltr'>Eucharistiae</span> <span class='ocrx_word' id='word_1_64' title='bbox 860 777 1065 852; x_wconf 87' lang='lat' dir='ltr'>administrat,</span> <span class='ocrx_word' id='word_1_65' title='bbox 1081 776 1139 835; x_wconf 87' lang='lat' dir='ltr'>dis-</span> 
     </span>
     <span class='ocr_line' id='line_1_9' title="bbox 55 855 1137 939; baseline -0.006 -15"><span class='ocrx_word' id='word_1_66' title='bbox 55 855 60 866; x_wconf 89' lang='lat'>&#39;</span> <span class='ocrx_word' id='word_1_67' title='bbox 125 863 222 924; x_wconf 88' lang='lat' dir='ltr'>sident</span> <span class='ocrx_word' id='word_1_68' title='bbox 246 863 325 922; x_wconf 85' lang='lat' dir='ltr'>inter</span> <span class='ocrx_word' id='word_1_69' title='bbox 343 880 374 924; x_wconf 89' lang='lat' dir='ltr'>se</span> <span class='ocrx_word' id='word_1_70' title='bbox 393 861 479 939; x_wconf 84' lang='lat' dir='ltr'>Dl).;</span> <span class='ocrx_word' id='word_1_71' title='bbox 495 863 545 922; x_wconf 90' lang='lat' dir='ltr'>alii</span> <span class='ocrx_word' id='word_1_72' title='bbox 566 863 648 923; x_wconf 91' lang='lat' dir='ltr'>enim</span> <span class='ocrx_word' id='word_1_73' title='bbox 669 862 791 922; x_wconf 90' lang='lat' dir='ltr'>unicum</span> <span class='ocrx_word' id='word_1_74' title='bbox 815 870 996 939; x_wconf 75' lang='lat' dir='ltr'>agnoscunt,</span> <span class='ocrx_word' id='word_1_75' title='bbox 1017 861 1137 938; x_wconf 86' lang='lat' dir='ltr'>quando</span> 
     </span>
     <span class='ocr_line' id='line_1_10' title="bbox 127 945 1137 1027; baseline -0.004 -19"><span class='ocrx_word' id='word_1_76' title='bbox 127 965 181 1027; x_wconf 88' lang='lat' dir='ltr'>per</span> <span class='ocrx_word' id='word_1_77' title='bbox 200 947 403 1008; x_wconf 88' lang='lat' dir='ltr'>continuatam</span> <span class='ocrx_word' id='word_1_78' title='bbox 425 948 571 1008; x_wconf 88' lang='lat' dir='ltr'>actionem</span> <span class='ocrx_word' id='word_1_79' title='bbox 592 947 728 1027; x_wconf 88' lang='lat' dir='ltr'>pluribus</span> <span class='ocrx_word' id='word_1_80' title='bbox 751 945 922 1018; x_wconf 85' lang='lat' dir='ltr'>ministrat,</span> <span class='ocrx_word' id='word_1_81' title='bbox 940 945 990 1005; x_wconf 89' lang='lat' dir='ltr'>alii</span> <span class='ocrx_word' id='word_1_82' title='bbox 1010 945 1137 1012; x_wconf 89' lang='lat' dir='ltr'>totidem</span> 
     </span>
     <span class='ocr_line' id='line_1_11' title="bbox 128 1030 978 1112; baseline 0.004 -22"><span class='ocrx_word' id='word_1_83' title='bbox 128 1041 245 1112; x_wconf 61' lang='lat' dir='ltr'>&#39;seccato</span> <span class='ocrx_word' id='word_1_84' title='bbox 264 1033 483 1111; x_wconf 89' lang='lat' dir='ltr'>multiplicant,</span> <span class='ocrx_word' id='word_1_85' title='bbox 501 1041 575 1110; x_wconf 87' lang='lat' dir='ltr'>quot</span> <span class='ocrx_word' id='word_1_86' title='bbox 597 1040 667 1093; x_wconf 91' lang='lat' dir='ltr'>sont</span> <span class='ocrx_word' id='word_1_87' title='bbox 684 1032 796 1092; x_wconf 83' lang='lat' dir='ltr'>fideles.</span> <span class='ocrx_word' id='word_1_88' title='bbox 811 1030 888 1091; x_wconf 86' lang='lat' dir='ltr'>lbid.</span> <span class='ocrx_word' id='word_1_89' title='bbox 903 1050 934 1092; x_wconf 89' lang='lat' dir='ltr'>n.</span> <span class='ocrx_word' id='word_1_90' title='bbox 949 1033 978 1093; x_wconf 80' lang='lat'>5.</span> 
     </span>
    </p>

    <p class='ocr_par' dir='ltr' id='par_1_4' title="bbox 128 1113 1139 1366">
     <span class='ocr_line' id='line_1_12' title="bbox 167 1113 1137 1194; baseline -0.005 -15"><span class='ocrx_word' id='word_1_91' title='bbox 167 1120 233 1180; x_wconf 88' lang='lat' dir='ltr'>Non</span> <span class='ocrx_word' id='word_1_92' title='bbox 257 1118 326 1178; x_wconf 90' lang='lat' dir='ltr'>licct</span> <span class='ocrx_word' id='word_1_93' title='bbox 347 1119 400 1178; x_wconf 90' lang='lat' dir='ltr'>oni</span> <span class='ocrx_word' id='word_1_94' title='bbox 423 1135 459 1176; x_wconf 89' lang='lat' dir='ltr'>cx</span> <span class='ocrx_word' id='word_1_95' title='bbox 482 1115 620 1178; x_wconf 84' lang='lat' dir='ltr'>fidelibus</span> <span class='ocrx_word' id='word_1_96' title='bbox 638 1114 927 1194; x_wconf 85' lang='lat' dir='ltr'>pluresparticuias,</span> <span class='ocrx_word' id='word_1_97' title='bbox 946 1116 993 1176; x_wconf 84' lang='lat' dir='ltr'>vel</span> <span class='ocrx_word' id='word_1_98' title='bbox 1015 1113 1137 1192; x_wconf 84' lang='lat' dir='ltr'>majoris</span> 
     </span>
     <span class='ocr_line' id='line_1_13' title="bbox 128 1201 1139 1280; baseline -0.006 -16"><span class='ocrx_word' id='word_1_99' title='bbox 128 1203 241 1264; x_wconf 88' lang='lat' dir='ltr'>moduli</span> <span class='ocrx_word' id='word_1_100' title='bbox 263 1201 388 1262; x_wconf 86' lang='lat' dir='ltr'>hostiam</span> <span class='ocrx_word' id='word_1_101' title='bbox 409 1201 560 1280; x_wconf 79' lang='lat' dir='ltr'>praebere,</span> <span class='ocrx_word' id='word_1_102' title='bbox 581 1201 660 1279; x_wconf 86' lang='lat' dir='ltr'>qnod</span> <span class='ocrx_word' id='word_1_103' title='bbox 680 1202 776 1260; x_wconf 81' lang='lat' dir='ltr'>vetuit</span> <span class='ocrx_word' id='word_1_104' title='bbox 794 1201 825 1259; x_wconf 85' lang='lat' dir='ltr'>S.</span> <span class='ocrx_word' id='word_1_105' title='bbox 839 1202 872 1261; x_wconf 80' lang='lat' dir='ltr'>C.</span> <span class='ocrx_word' id='word_1_106' title='bbox 886 1202 975 1263; x_wconf 85' lang='lat' dir='ltr'>Cone.</span> <span class='ocrx_word' id='word_1_107' title='bbox 989 1203 1076 1261; x_wconf 87' lang='lat' dir='ltr'>Decr.</span> <span class='ocrx_word' id='word_1_108' title='bbox 1089 1219 1139 1278; x_wconf 65' lang='lat' dir='ltr'>an</span> 
     </span>
     <span class='ocr_line' id='line_1_14' title="bbox 128 1284 933 1366; baseline -0.002 -20"><span class='ocrx_word' id='word_1_109' title='bbox 128 1288 252 1366; x_wconf 83' lang='lat' dir='ltr'>probato</span> <span class='ocrx_word' id='word_1_110' title='bbox 273 1287 310 1347; x_wconf 89' lang='lat' dir='ltr'>ab</span> <span class='ocrx_word' id='word_1_111' title='bbox 328 1288 431 1347; x_wconf 80' lang='lat' dir='ltr'>Ionos.</span> <span class='ocrx_word' id='word_1_112' title='bbox 446 1289 506 1348; x_wconf 87' lang='lat' dir='ltr'>Xl.</span> <span class='ocrx_word' id='word_1_113' title='bbox 520 1286 568 1346; x_wconf 91' lang='lat' dir='ltr'>die</span> <span class='ocrx_word' id='word_1_114' title='bbox 587 1288 637 1346; x_wconf 65' lang='lat' dir='ltr'>lh.</span> <span class='ocrx_word' id='word_1_115' title='bbox 648 1284 735 1346; x_wconf 79' lang='lat' dir='ltr'>Febr.</span> <span class='ocrx_word' id='word_1_116' title='bbox 751 1287 837 1345; x_wconf 79' lang='lat' dir='ltr'>tota.</span> <span class='ocrx_word' id='word_1_117' title='bbox 853 1285 933 1346; x_wconf 89' lang='lat' dir='ltr'>ibid.</span> 
     </span>
    </p>

    <p class='ocr_par' dir='ltr' id='par_1_5' title="bbox 127 1372 1138 1687">
     <span class='ocr_line' id='line_1_15' title="bbox 167 1372 1138 1452; baseline -0.002 -18"><span class='ocrx_word' id='word_1_118' title='bbox 167 1374 314 1435; x_wconf 86' lang='lat' dir='ltr'>Peccatori</span> <span class='ocrx_word' id='word_1_119' title='bbox 329 1381 431 1450; x_wconf 82' lang='lat' dir='ltr'>parato</span> <span class='ocrx_word' id='word_1_120' title='bbox 445 1372 575 1452; x_wconf 87' lang='lat' dir='ltr'>recipere</span> <span class='ocrx_word' id='word_1_121' title='bbox 588 1373 619 1432; x_wconf 92' lang='lat' dir='ltr'>in</span> <span class='ocrx_word' id='word_1_122' title='bbox 634 1379 752 1450; x_wconf 86' lang='lat' dir='ltr'>peceato</span> <span class='ocrx_word' id='word_1_123' title='bbox 764 1372 982 1431; x_wconf 85' lang='lat' dir='ltr'>Sacramentum</span> <span class='ocrx_word' id='word_1_124' title='bbox 997 1372 1138 1432; x_wconf 81' lang='lat' dir='ltr'>nonlicet</span> 
     </span>
     <span class='ocr_line' id='line_1_16' title="bbox 128 1457 1137 1535; baseline -0.003 -15"><span class='ocrx_word' id='word_1_125' title='bbox 128 1457 237 1520; x_wconf 76' lang='lat' dir='ltr'>offerre</span> <span class='ocrx_word' id='word_1_126' title='bbox 250 1457 376 1519; x_wconf 86' lang='lat' dir='ltr'>hostiam</span> <span class='ocrx_word' id='word_1_127' title='bbox 390 1476 451 1518; x_wconf 94' lang='lat' dir='ltr'>non</span> <span class='ocrx_word' id='word_1_128' title='bbox 466 1468 662 1518; x_wconf 85' lang='lat' dir='ltr'>consecratam</span> <span class='ocrx_word' id='word_1_129' title='bbox 677 1475 731 1534; x_wconf 85' lang='lat' dir='ltr'>pro</span> <span class='ocrx_word' id='word_1_130' title='bbox 743 1457 907 1516; x_wconf 79' lang='lat' dir='ltr'>consecrati</span> <span class='ocrx_word' id='word_1_131' title='bbox 921 1457 959 1516; x_wconf 94' lang='lat' dir='ltr'>ob</span> <span class='ocrx_word' id='word_1_132' title='bbox 972 1457 1137 1535; x_wconf 86' lang='lat' dir='ltr'>periculum</span> 
     </span>
     <span class='ocr_line' id='line_1_17' title="bbox 129 1541 1135 1619; baseline -0.002 -16"><span class='ocrx_word' id='word_1_133' title='bbox 129 1544 322 1612; x_wconf 85' lang='lat' dir='ltr'>idololatriae,</span> <span class='ocrx_word' id='word_1_134' title='bbox 339 1551 403 1612; x_wconf 86' lang='lat' dir='ltr'>tum</span> <span class='ocrx_word' id='word_1_135' title='bbox 415 1552 550 1619; x_wconf 86' lang='lat' dir='ltr'>respectu</span> <span class='ocrx_word' id='word_1_136' title='bbox 563 1542 748 1619; x_wconf 82' lang='lat' dir='ltr'>suscipientis</span> <span class='ocrx_word' id='word_1_137' title='bbox 760 1585 768 1614; x_wconf 96' lang='lat'>,</span> <span class='ocrx_word' id='word_1_138' title='bbox 781 1550 847 1616; x_wconf 76' lang='lat' dir='ltr'>turn</span> <span class='ocrx_word' id='word_1_139' title='bbox 860 1541 1047 1602; x_wconf 88' lang='lat' dir='ltr'>adstantium.</span> <span class='ocrx_word' id='word_1_140' title='bbox 1060 1542 1135 1601; x_wconf 88' lang='lat' dir='ltr'>lbid.</span> 
     </span>
     <span class='ocr_line' id='line_1_18' title="bbox 127 1627 304 1687; baseline -0.028 0"><span class='ocrx_word' id='word_1_141' title='bbox 127 1645 153 1687; x_wconf 90' lang='grc' dir='ltr'>ε.</span> <span class='ocrx_word' id='word_1_142' title='bbox 172 1628 254 1686; x_wconf 74' lang='lat' dir='ltr'>ron.</span> <span class='ocrx_word' id='word_1_143' title='bbox 275 1627 304 1685; x_wconf 75' lang='lat' dir='ltr'>h.</span> 
     </span>
    </p>

    <p class='ocr_par' dir='ltr' id='par_1_6' title="bbox 125 1709 1213 2217">
     <span class='ocr_line' id='line_1_19' title="bbox 167 1709 1139 1791; baseline 0.001 -19"><span class='ocrx_word' id='word_1_144' title='bbox 167 1709 324 1788; x_wconf 85' lang='lat' dir='ltr'>Purgatio,</span> <span class='ocrx_word' id='word_1_145' title='bbox 348 1727 416 1786; x_wconf 78' lang='lat' dir='ltr'>quas</span> <span class='ocrx_word' id='word_1_146' title='bbox 438 1709 511 1769; x_wconf 92' lang='lat' dir='ltr'>olim</span> <span class='ocrx_word' id='word_1_147' title='bbox 530 1709 620 1770; x_wconf 80' lang='lat' dir='ltr'>habnt</span> <span class='ocrx_word' id='word_1_148' title='bbox 639 1729 693 1789; x_wconf 87' lang='lat' dir='ltr'>per</span> <span class='ocrx_word' id='word_1_149' title='bbox 712 1709 944 1781; x_wconf 82' lang='lat' dir='ltr'>Eucharistianr,</span> <span class='ocrx_word' id='word_1_150' title='bbox 964 1713 1023 1791; x_wconf 79' lang='lat' dir='ltr'>qut</span> <span class='ocrx_word' id='word_1_151' title='bbox 1047 1731 1139 1774; x_wconf 76' lang='lat' dir='ltr'>sacen</span> 
     </span>
     <span class='ocr_line' id='line_1_20' title="bbox 126 1794 1137 1874; baseline 0.004 -20"><span class='ocrx_word' id='word_1_152' title='bbox 126 1795 180 1855; x_wconf 91' lang='lat' dir='ltr'>dos</span> <span class='ocrx_word' id='word_1_153' title='bbox 190 1794 271 1856; x_wconf 84' lang='lat' dir='ltr'>fidoli</span> <span class='ocrx_word' id='word_1_154' title='bbox 282 1795 536 1856; x_wconf 88' lang='lat' dir='ltr'>communicaturo</span> <span class='ocrx_word' id='word_1_155' title='bbox 545 1796 738 1856; x_wconf 82' lang='lat' dir='ltr'>denuntiabat</span> <span class='ocrx_word' id='word_1_156' title='bbox 746 1841 754 1868; x_wconf 99' lang='lat'>,</span> <span class='ocrx_word' id='word_1_157' title='bbox 762 1798 875 1874; x_wconf 82' lang='lat' dir='ltr'>Corpus</span> <span class='ocrx_word' id='word_1_158' title='bbox 882 1795 989 1856; x_wconf 85' lang='lat' dir='ltr'>Christi</span> <span class='ocrx_word' id='word_1_159' title='bbox 1001 1797 1137 1858; x_wconf 85' lang='lat' dir='ltr'>loturum</span> 
     </span>
     <span class='ocr_line' id='line_1_21' title="bbox 126 1879 1136 1961; baseline 0 -21"><span class='ocrx_word' id='word_1_160' title='bbox 126 1881 171 1941; x_wconf 93' lang='lat' dir='ltr'>illi</span> <span class='ocrx_word' id='word_1_161' title='bbox 196 1879 233 1942; x_wconf 91' lang='lat' dir='ltr'>od</span> <span class='ocrx_word' id='word_1_162' title='bbox 256 1880 479 1961; x_wconf 77' lang='lat' dir='ltr'>probationem,</span> <span class='ocrx_word' id='word_1_163' title='bbox 505 1880 573 1940; x_wconf 74' lang='lat' dir='ltr'>licit</span> <span class='ocrx_word' id='word_1_164' title='bbox 592 1879 670 1941; x_wconf 80' lang='lat' dir='ltr'>iortd</span> <span class='ocrx_word' id='word_1_165' title='bbox 688 1899 750 1941; x_wconf 92' lang='lat' dir='ltr'>non</span> <span class='ocrx_word' id='word_1_166' title='bbox 770 1883 919 1941; x_wconf 88' lang='lat' dir='ltr'>contineat</span> <span class='ocrx_word' id='word_1_167' title='bbox 943 1881 1136 1941; x_wconf 88' lang='lat' dir='ltr'>tentationem</span> 
     </span>
     <span class='ocr_line' id='line_1_22' title="bbox 127 1965 1213 2048; baseline 0 -19"><span class='ocrx_word' id='word_1_168' title='bbox 127 1969 199 2044; x_wconf 89' lang='lat' dir='ltr'>Doi,</span> <span class='ocrx_word' id='word_1_169' title='bbox 213 1977 248 2030; x_wconf 86' lang='lat' dir='ltr'>ut</span> <span class='ocrx_word' id='word_1_170' title='bbox 268 1985 328 2029; x_wconf 93' lang='lat' dir='ltr'>non</span> <span class='ocrx_word' id='word_1_171' title='bbox 348 1966 425 2028; x_wconf 74' lang='lat' dir='ltr'>male</span> <span class='ocrx_word' id='word_1_172' title='bbox 444 1966 639 2027; x_wconf 85' lang='lat' dir='ltr'>ratiocinatur</span> <span class='ocrx_word' id='word_1_173' title='bbox 662 1968 812 2048; x_wconf 74' lang='lat' dir='ltr'>vasquez,-</span> <span class='ocrx_word' id='word_1_174' title='bbox 833 1965 922 2029; x_wconf 87' lang='lat' dir='ltr'>bodie</span> <span class='ocrx_word' id='word_1_175' title='bbox 946 1977 1044 2029; x_wconf 86' lang='lat' dir='ltr'>tamen</span> <span class='ocrx_word' id='word_1_176' title='bbox 1067 1968 1137 2029; x_wconf 83' lang='lat' dir='ltr'>crim</span> <span class='ocrx_word' id='word_1_177' title='bbox 1212 2035 1213 2040; x_wconf 8' lang='grc' dir='ltr'>γ</span> 
     </span>
     <span class='ocr_line' id='line_1_23' title="bbox 127 2051 1213 2133; baseline -0.005 -20"><span class='ocrx_word' id='word_1_178' title='bbox 127 2054 265 2133; x_wconf 79' lang='lat' dir='ltr'>abrogata</span> <span class='ocrx_word' id='word_1_179' title='bbox 280 2053 371 2113; x_wconf 86' lang='lat' dir='ltr'>suerit</span> <span class='ocrx_word' id='word_1_180' title='bbox 391 2068 445 2130; x_wconf 83' lang='lat' dir='ltr'>pec</span> <span class='ocrx_word' id='word_1_181' title='bbox 464 2060 535 2111; x_wconf 81' lang='lat' dir='ltr'>text.</span> <span class='ocrx_word' id='word_1_182' title='bbox 550 2062 586 2109; x_wconf 81' lang='lat' dir='ltr'>ex</span> <span class='ocrx_word' id='word_1_183' title='bbox 600 2052 670 2129; x_wconf 87' lang='lat' dir='ltr'>Cap.</span> <span class='ocrx_word' id='word_1_184' title='bbox 688 2053 737 2119; x_wconf 76' lang='lat' dir='ltr'>Ex</span> <span class='ocrx_word' id='word_1_185' title='bbox 757 2059 897 2128; x_wconf 61' lang='lat' dir='ltr'>tuorum</span> <span class='ocrx_word' id='word_1_186' title='bbox 909 2051 943 2112; x_wconf 95' lang='lat' dir='ltr'>in</span> <span class='ocrx_word' id='word_1_187' title='bbox 955 2069 1040 2122; x_wconf 87' lang='lat' dir='ltr'>usum</span> <span class='ocrx_word' id='word_1_188' title='bbox 1055 2070 1139 2112; x_wconf 85' lang='lat' dir='ltr'>revo-</span> <span class='ocrx_word' id='word_1_189' title='bbox 1212 2081 1213 2108; x_wconf 43' lang='lat' dir='ltr'>r</span> 
     </span>
     <span class='ocr_line' id='line_1_24' title="bbox 125 2134 1213 2217; baseline -0.002 -19"><span class='ocrx_word' id='word_1_190' title='bbox 125 2140 187 2198; x_wconf 89' lang='lat' dir='ltr'>cari</span> <span class='ocrx_word' id='word_1_191' title='bbox 210 2156 269 2199; x_wconf 93' lang='lat' dir='ltr'>non</span> <span class='ocrx_word' id='word_1_192' title='bbox 291 2145 398 2217; x_wconf 87' lang='lat' dir='ltr'>potest.</span> <span class='ocrx_word' id='word_1_193' title='bbox 419 2134 854 2209; x_wconf 58' lang='lat' dir='ltr'>Desinitttissoocro.</span> <span class='ocrx_word' id='word_1_194' title='bbox 873 2138 951 2197; x_wconf 78' lang='lat' dir='ltr'>mil.</span> <span class='ocrx_word' id='word_1_195' title='bbox 1016 2190 1020 2196; x_wconf 90' lang='lat'>.</span> <span class='ocrx_word' id='word_1_196' title='bbox 1212 2157 1213 2164; x_wconf 52' lang='lat'>¹</span> 
     </span>
    </p>

    <p class='ocr_par' dir='ltr' id='par_1_7' title="bbox 125 2220 1162 2706">
     <span class='ocr_line' id='line_1_25' title="bbox 166 2220 1139 2299; baseline -0.001 -15"><span class='ocrx_word' id='word_1_197' title='bbox 166 2222 353 2284; x_wconf 88' lang='lat' dir='ltr'>Consuetudo</span> <span class='ocrx_word' id='word_1_198' title='bbox 374 2220 587 2282; x_wconf 89' lang='lat' dir='ltr'>Eucharistiam</span> <span class='ocrx_word' id='word_1_199' title='bbox 607 2220 733 2299; x_wconf 81' lang='lat' dir='ltr'>negandi</span> <span class='ocrx_word' id='word_1_200' title='bbox 747 2222 806 2280; x_wconf 89' lang='lat' dir='ltr'>reis</span> <span class='ocrx_word' id='word_1_201' title='bbox 822 2221 860 2280; x_wconf 89' lang='lat' dir='ltr'>ad</span> <span class='ocrx_word' id='word_1_202' title='bbox 878 2232 1005 2283; x_wconf 88' lang='lat' dir='ltr'>montom</span> <span class='ocrx_word' id='word_1_203' title='bbox 1018 2223 1139 2283; x_wconf 87' lang='lat' dir='ltr'>damna-</span> 
     </span>
     <span class='ocr_line' id='line_1_26' title="bbox 126 2306 1162 2383; baseline 0.003 -17"><span class='ocrx_word' id='word_1_204' title='bbox 126 2308 183 2378; x_wconf 91' lang='lat' dir='ltr'>tis,</span> <span class='ocrx_word' id='word_1_205' title='bbox 203 2306 253 2365; x_wconf 93' lang='lat' dir='ltr'>ubi</span> <span class='ocrx_word' id='word_1_206' title='bbox 271 2307 415 2375; x_wconf 90' lang='lat' dir='ltr'>invaluit,</span> <span class='ocrx_word' id='word_1_207' title='bbox 433 2323 530 2383; x_wconf 88' lang='lat' dir='ltr'>neque</span> <span class='ocrx_word' id='word_1_208' title='bbox 547 2306 708 2382; x_wconf 84' lang='lat' dir='ltr'>probator,</span> <span class='ocrx_word' id='word_1_209' title='bbox 726 2323 822 2382; x_wconf 88' lang='lat' dir='ltr'>neque</span> <span class='ocrx_word' id='word_1_210' title='bbox 835 2306 998 2378; x_wconf 84' lang='lat' dir='ltr'>refellitur,</span> <span class='ocrx_word' id='word_1_211' title='bbox 1014 2308 1067 2368; x_wconf 88' lang='lat' dir='ltr'>sed</span> <span class='ocrx_word' id='word_1_212' title='bbox 1083 2310 1136 2369; x_wconf 94' lang='lat' dir='ltr'>ubi</span> <span class='ocrx_word' id='word_1_213' title='bbox 1156 2348 1162 2359; x_wconf 84' lang='lat'>.</span> 
     </span>
     <span class='ocr_line' id='line_1_27' title="bbox 127 2388 1138 2468; baseline 0.002 -16"><span class='ocrx_word' id='word_1_214' title='bbox 127 2390 253 2453; x_wconf 86' lang='lat' dir='ltr'>invaluit</span> <span class='ocrx_word' id='word_1_215' title='bbox 271 2389 434 2463; x_wconf 86' lang='lat' dir='ltr'>contraria,</span> <span class='ocrx_word' id='word_1_216' title='bbox 448 2391 552 2467; x_wconf 85' lang='lat' dir='ltr'>utique</span> <span class='ocrx_word' id='word_1_217' title='bbox 565 2388 719 2449; x_wconf 83' lang='lat' dir='ltr'>cellnenda</span> <span class='ocrx_word' id='word_1_218' title='bbox 737 2400 799 2461; x_wconf 89' lang='lat' dir='ltr'>est,</span> <span class='ocrx_word' id='word_1_219' title='bbox 818 2390 930 2468; x_wconf 91' lang='lat' dir='ltr'>aliquid</span> <span class='ocrx_word' id='word_1_220' title='bbox 948 2401 1047 2452; x_wconf 80' lang='lat' dir='ltr'>tamem</span> <span class='ocrx_word' id='word_1_221' title='bbox 1065 2402 1138 2455; x_wconf 56' lang='lat' dir='ltr'>tems</span> 
     </span>
     <span class='ocr_line' id='line_1_28' title="bbox 126 2471 1135 2555; baseline 0.003 -21"><span class='ocrx_word' id='word_1_222' title='bbox 126 2476 206 2555; x_wconf 82' lang='lat' dir='ltr'>poris</span> <span class='ocrx_word' id='word_1_223' title='bbox 231 2471 481 2551; x_wconf 87' lang='lat' dir='ltr'>interponendum</span> <span class='ocrx_word' id='word_1_224' title='bbox 502 2481 546 2531; x_wconf 89' lang='lat' dir='ltr'>est</span> <span class='ocrx_word' id='word_1_225' title='bbox 571 2473 651 2531; x_wconf 91' lang='lat' dir='ltr'>inter</span> <span class='ocrx_word' id='word_1_226' title='bbox 669 2476 910 2535; x_wconf 90' lang='lat' dir='ltr'>commonionem</span> <span class='ocrx_word' id='word_1_227' title='bbox 930 2486 961 2535; x_wconf 91' lang='grc' dir='ltr'><strong>ει</strong></span> <span class='ocrx_word' id='word_1_228' title='bbox 984 2487 1135 2553; x_wconf 79' lang='lat' dir='ltr'>mortem,</span> 
     </span>
     <span class='ocr_line' id='line_1_29' title="bbox 125 2554 1136 2640; baseline 0.007 -22"><span class='ocrx_word' id='word_1_229' title='bbox 125 2577 185 2639; x_wconf 89' lang='lat' dir='ltr'>quo</span> <span class='ocrx_word' id='word_1_230' title='bbox 204 2557 315 2637; x_wconf 86' lang='lat' dir='ltr'>species</span> <span class='ocrx_word' id='word_1_231' title='bbox 340 2554 539 2619; x_wconf 78' lang='lat' dir='ltr'>eucharisticae</span> <span class='ocrx_word' id='word_1_232' title='bbox 562 2566 785 2620; x_wconf 88' lang='lat' dir='ltr'>consumantur.</span> <span class='ocrx_word' id='word_1_233' title='bbox 802 2562 847 2619; x_wconf 85' lang='lat' dir='ltr'>oc</span> <span class='ocrx_word' id='word_1_234' title='bbox 865 2561 944 2621; x_wconf 88' lang='lat' dir='ltr'>Sacr.</span> <span class='ocrx_word' id='word_1_235' title='bbox 965 2562 1045 2623; x_wconf 86' lang='lat' dir='ltr'>lliss.</span> <span class='ocrx_word' id='word_1_236' title='bbox 1065 2564 1088 2623; x_wconf 93' lang='lat' dir='ltr'>l.</span> <span class='ocrx_word' id='word_1_237' title='bbox 1103 2566 1136 2640; x_wconf 71' lang='lat'>5,</span> 
     </span>
     <span class='ocr_line' id='line_1_30' title="bbox 125 2644 291 2706; baseline -0.018 0"><span class='ocrx_word' id='word_1_238' title='bbox 125 2664 152 2706; x_wconf 89' lang='lat' dir='ltr'>c.</span> <span class='ocrx_word' id='word_1_239' title='bbox 168 2646 199 2705; x_wconf 69' lang='grc'><strong>9.</strong></span> <span class='ocrx_word' id='word_1_240' title='bbox 215 2662 244 2703; x_wconf 92' lang='lat' dir='ltr'>n.</span> <span class='ocrx_word' id='word_1_241' title='bbox 261 2644 291 2704; x_wconf 87' lang='lat' dir='ltr'>o.</span> 
     </span>
    </p>

    <p class='ocr_par' dir='ltr' id='par_1_8' title="bbox 164 2728 1135 2810">
     <span class='ocr_line' id='line_1_31' title="bbox 164 2728 1135 2810; baseline 0.004 -19"><span class='ocrx_word' id='word_1_242' title='bbox 164 2732 193 2791; x_wconf 92' lang='lat' dir='ltr'>Si</span> <span class='ocrx_word' id='word_1_243' title='bbox 220 2728 343 2806; x_wconf 87' lang='lat' dir='ltr'>alicujus</span> <span class='ocrx_word' id='word_1_244' title='bbox 368 2730 526 2792; x_wconf 88' lang='lat' dir='ltr'>sacerdotis</span> <span class='ocrx_word' id='word_1_245' title='bbox 553 2730 729 2810; x_wconf 76' lang='lat' dir='ltr'>negligentia</span> <span class='ocrx_word' id='word_1_246' title='bbox 756 2731 868 2809; x_wconf 89' lang='lat' dir='ltr'>aliquid</span> <span class='ocrx_word' id='word_1_247' title='bbox 890 2731 1080 2794; x_wconf 78' lang='lat' dir='ltr'>Eucharistioe</span> <span class='ocrx_word' id='word_1_248' title='bbox 1101 2736 1135 2795; x_wconf 90' lang='lat' dir='ltr'>in</span> 
     </span>
    </p>

    <p class='ocr_par' dir='ltr' id='par_1_9' title="bbox 103 2812 1135 3150">
     <span class='ocr_line' id='line_1_32' title="bbox 103 2812 1134 2897; baseline 0.003 -20"><span class='ocrx_word' id='word_1_249' title='bbox 103 2870 108 2883; x_wconf 86' lang='grc'>,</span> <span class='ocrx_word' id='word_1_250' title='bbox 125 2826 236 2877; x_wconf 90' lang='lat' dir='ltr'>terram</span> <span class='ocrx_word' id='word_1_251' title='bbox 247 2812 407 2888; x_wconf 85' lang='lat' dir='ltr'>deciderit,</span> <span class='ocrx_word' id='word_1_252' title='bbox 421 2816 547 2875; x_wconf 86' lang='lat' dir='ltr'>rubricae</span> <span class='ocrx_word' id='word_1_253' title='bbox 555 2818 678 2876; x_wconf 82' lang='lat' dir='ltr'>blissalis</span> <span class='ocrx_word' id='word_1_254' title='bbox 690 2815 840 2877; x_wconf 86' lang='lat' dir='ltr'>servandae</span> <span class='ocrx_word' id='word_1_255' title='bbox 850 2827 922 2877; x_wconf 92' lang='lat' dir='ltr'>sunt</span> <span class='ocrx_word' id='word_1_256' title='bbox 932 2840 941 2894; x_wconf 79' lang='lat'>3</span> <span class='ocrx_word' id='word_1_257' title='bbox 953 2836 1134 2897; x_wconf 88' lang='lat' dir='ltr'>quamquam</span> 
     </span>
     <span class='ocr_line' id='line_1_33' title="bbox 124 2899 1135 2981; baseline 0.001 -18"><span class='ocrx_word' id='word_1_258' title='bbox 124 2900 275 2963; x_wconf 77' lang='lat' dir='ltr'>fatendum</span> <span class='ocrx_word' id='word_1_259' title='bbox 296 2908 360 2969; x_wconf 89' lang='lat' dir='ltr'>cst,</span> <span class='ocrx_word' id='word_1_260' title='bbox 380 2899 531 2960; x_wconf 89' lang='lat' dir='ltr'>canonicas</span> <span class='ocrx_word' id='word_1_261' title='bbox 543 2918 643 2977; x_wconf 71' lang='lat' dir='ltr'>poenas</span> <span class='ocrx_word' id='word_1_262' title='bbox 657 2900 841 2961; x_wconf 86' lang='lat' dir='ltr'>absolevisse.</span> <span class='ocrx_word' id='word_1_263' title='bbox 855 2904 885 2961; x_wconf 92' lang='lat' dir='ltr'>Si</span> <span class='ocrx_word' id='word_1_264' title='bbox 904 2902 975 2963; x_wconf 82' lang='lat' dir='ltr'>verb</span> <span class='ocrx_word' id='word_1_265' title='bbox 991 2904 1135 2981; x_wconf 81' lang='lat' dir='ltr'>fragmen·</span> 
     </span>
     <span class='ocr_line' id='line_1_34' title="bbox 126 2984 1134 3064; baseline 0.003 -17"><span class='ocrx_word' id='word_1_266' title='bbox 126 2996 190 3047; x_wconf 93' lang='lat' dir='ltr'>tum</span> <span class='ocrx_word' id='word_1_267' title='bbox 208 2984 327 3063; x_wconf 90' lang='lat' dir='ltr'>aliquod</span> <span class='ocrx_word' id='word_1_268' title='bbox 345 2985 375 3044; x_wconf 93' lang='lat' dir='ltr'>in</span> <span class='ocrx_word' id='word_1_269' title='bbox 387 2984 515 3049; x_wconf 83' lang='lat' dir='ltr'>loeminae</span> <span class='ocrx_word' id='word_1_270' title='bbox 535 2994 635 3063; x_wconf 87' lang='lat' dir='ltr'>pectus</span> <span class='ocrx_word' id='word_1_271' title='bbox 647 2985 811 3059; x_wconf 88' lang='lat' dir='ltr'>deciderit,</span> <span class='ocrx_word' id='word_1_272' title='bbox 826 2996 944 3064; x_wconf 87' lang='lat' dir='ltr'>praestat</span> <span class='ocrx_word' id='word_1_273' title='bbox 964 2997 998 3047; x_wconf 91' lang='lat' dir='ltr'>ut</span> <span class='ocrx_word' id='word_1_274' title='bbox 1012 2989 1134 3051; x_wconf 86' lang='lat' dir='ltr'>ioemina</span> 
     </span>
     <span class='ocr_line' id='line_1_35' title="bbox 123 3071 1033 3150; baseline 0.001 -18"><span class='ocrx_word' id='word_1_275' title='bbox 123 3074 184 3133; x_wconf 89' lang='lat' dir='ltr'>suis</span> <span class='ocrx_word' id='word_1_276' title='bbox 205 3072 265 3150; x_wconf 86' lang='lat' dir='ltr'>ipsa</span> <span class='ocrx_word' id='word_1_277' title='bbox 286 3072 423 3132; x_wconf 86' lang='lat' dir='ltr'>manibus</span> <span class='ocrx_word' id='word_1_278' title='bbox 441 3072 571 3132; x_wconf 88' lang='lat' dir='ltr'>levatum</span> <span class='ocrx_word' id='word_1_279' title='bbox 593 3072 626 3131; x_wconf 96' lang='lat' dir='ltr'>in</span> <span class='ocrx_word' id='word_1_280' title='bbox 644 3090 677 3133; x_wconf 92' lang='grc' dir='ltr'><strong>οε</strong></span> <span class='ocrx_word' id='word_1_281' title='bbox 698 3071 823 3149; x_wconf 83' lang='lat' dir='ltr'>injiciat.</span> <span class='ocrx_word' id='word_1_282' title='bbox 840 3072 915 3132; x_wconf 89' lang='lat' dir='ltr'>lbid.</span> <span class='ocrx_word' id='word_1_283' title='bbox 933 3092 965 3146; x_wconf 73' lang='lat' dir='ltr'>u,</span> <span class='ocrx_word' id='word_1_284' title='bbox 983 3076 1014 3146; x_wconf 86' lang='lat'>7.</span> <span class='ocrx_word' id='word_1_285' title='bbox 1030 3100 1033 3105; x_wconf 96' lang='lat'>·</span> 
     </span>
    </p>

    <p class='ocr_par' dir='ltr' id='par_1_10' title="bbox 120 3154 1134 3545">
     <span class='ocr_line' id='line_1_36' title="bbox 163 3154 1132 3229; baseline 0.007 -15"><span class='ocrx_word' id='word_1_286' title='bbox 163 3154 311 3216; x_wconf 89' lang='lat' dir='ltr'>Parochus</span> <span class='ocrx_word' id='word_1_287' title='bbox 334 3154 544 3216; x_wconf 85' lang='lat' dir='ltr'>Eucharistiam</span> <span class='ocrx_word' id='word_1_288' title='bbox 570 3156 723 3229; x_wconf 85' lang='lat' dir='ltr'>deserens,</span> <span class='ocrx_word' id='word_1_289' title='bbox 749 3158 796 3217; x_wconf 89' lang='lat' dir='ltr'>vol</span> <span class='ocrx_word' id='word_1_290' title='bbox 819 3158 943 3218; x_wconf 85' lang='lat' dir='ltr'>cadaver</span> <span class='ocrx_word' id='word_1_291' title='bbox 969 3160 1132 3228; x_wconf 82' lang='lat' dir='ltr'>associans,</span> 
     </span>
     <span class='ocr_line' id='line_1_37' title="bbox 123 3239 1134 3322; baseline 0.008 -25"><span class='ocrx_word' id='word_1_292' title='bbox 123 3240 147 3298; x_wconf 91' lang='lat' dir='ltr'>si</span> <span class='ocrx_word' id='word_1_293' title='bbox 165 3240 323 3315; x_wconf 88' lang='lat' dir='ltr'>impeditus</span> <span class='ocrx_word' id='word_1_294' title='bbox 336 3242 394 3312; x_wconf 89' lang='lat' dir='ltr'>sit,</span> <span class='ocrx_word' id='word_1_295' title='bbox 409 3239 567 3318; x_wconf 85' lang='lat' dir='ltr'>quomintis</span> <span class='ocrx_word' id='word_1_296' title='bbox 583 3252 631 3301; x_wconf 86' lang='lat' dir='ltr'>cat</span> <span class='ocrx_word' id='word_1_297' title='bbox 641 3261 695 3321; x_wconf 88' lang='lat' dir='ltr'>per</span> <span class='ocrx_word' id='word_1_298' title='bbox 708 3243 786 3301; x_wconf 85' lang='lat' dir='ltr'>viam</span> <span class='ocrx_word' id='word_1_299' title='bbox 803 3243 969 3322; x_wconf 88' lang='lat' dir='ltr'>publicam,</span> <span class='ocrx_word' id='word_1_300' title='bbox 981 3243 1030 3319; x_wconf 92' lang='lat' dir='ltr'>jus</span> <span class='ocrx_word' id='word_1_301' title='bbox 1044 3244 1134 3305; x_wconf 85' lang='lat' dir='ltr'>habet</span> 
     </span>
     <span class='ocr_line' id='line_1_38' title="bbox 123 3322 1132 3404; baseline 0.012 -26"><span class='ocrx_word' id='word_1_302' title='bbox 123 3322 292 3379; x_wconf 87' lang='lat' dir='ltr'>transeundi</span> <span class='ocrx_word' id='word_1_303' title='bbox 303 3339 469 3399; x_wconf 80' lang='lat' dir='ltr'>peragram</span> <span class='ocrx_word' id='word_1_304' title='bbox 481 3324 610 3384; x_wconf 91' lang='lat' dir='ltr'>alienum</span> <span class='ocrx_word' id='word_1_305' title='bbox 622 3370 631 3396; x_wconf 93' lang='lat'>,</span> <span class='ocrx_word' id='word_1_306' title='bbox 642 3344 695 3385; x_wconf 87' lang='lat' dir='ltr'>nee</span> <span class='ocrx_word' id='word_1_307' title='bbox 704 3326 842 3403; x_wconf 86' lang='lat' dir='ltr'>impediri</span> <span class='ocrx_word' id='word_1_308' title='bbox 854 3328 979 3404; x_wconf 71' lang='lat' dir='ltr'>potesta</span> <span class='ocrx_word' id='word_1_309' title='bbox 990 3329 1132 3402; x_wconf 88' lang='lat' dir='ltr'>domino,</span> 
     </span>
     <span class='ocr_line' id='line_1_39' title="bbox 120 3401 1131 3543; baseline 0.018 -86"><span class='ocrx_word' id='word_1_310' title='bbox 120 3401 151 3533; x_wconf 63' lang='lat' dir='ltr'>iLcl</span> <span class='ocrx_word' id='word_1_311' title='bbox 164 3402 325 3543; x_wconf 49' lang='lat' dir='ltr'>‘immeritum</span> <span class='ocrx_word' id='word_1_312' title='bbox 337 3407 486 3541; x_wconf 58' lang='grc' dir='ltr'><strong>εὲιηῐευηί</strong></span> <span class='ocrx_word' id='word_1_313' title='bbox 501 3426 671 3479; x_wconf 86' lang='lat' dir='ltr'>concessum</span> <span class='ocrx_word' id='word_1_314' title='bbox 684 3417 728 3469; x_wconf 87' lang='grc' dir='ltr'>εει</span> <span class='ocrx_word' id='word_1_315' title='bbox 741 3410 863 3470; x_wconf 88' lang='lat' dir='ltr'>cuilibet</span> <span class='ocrx_word' id='word_1_316' title='bbox 874 3410 911 3469; x_wconf 89' lang='lat' dir='ltr'>de</span> <span class='ocrx_word' id='word_1_317' title='bbox 922 3414 1044 3491; x_wconf 90' lang='lat' dir='ltr'>populo.</span> <span class='ocrx_word' id='word_1_318' title='bbox 1055 3416 1131 3475; x_wconf 89' lang='lat' dir='ltr'>lnst.</span> 
     </span>
     <span class='ocr_line' id='line_1_40' title="bbox 132 3497 377 3545; baseline 0.024 -12"><span class='ocrx_word' id='word_1_319' title='bbox 132 3497 225 3536; x_wconf 70' lang='lat' dir='ltr'>⁴coos.</span> <span class='ocrx_word' id='word_1_320' title='bbox 282 3502 333 3540; x_wconf 85' lang='lat' dir='ltr'>.n.</span> <span class='ocrx_word' id='word_1_321' title='bbox 370 3526 377 3545; x_wconf 82' lang='grc'>,</span> 
     </span>
    </p>
   </div>
   <div class='ocr_carea' id='block_1_4' title="bbox 158 3557 1133 3655">
    <p class='ocr_par' dir='ltr' id='par_1_11' title="bbox 158 3557 1133 3655">
     <span class='ocr_line' id='line_1_41' title="bbox 158 3557 1133 3655; baseline 0.03 -40"><span class='ocrx_word' id='word_1_322' title='bbox 158 3557 187 3615; x_wconf 82' lang='lat' dir='ltr'>Si</span> <span class='ocrx_word' id='word_1_323' title='bbox 209 3564 274 3630; x_wconf 84' lang='lat' dir='ltr'>qrris</span> <span class='ocrx_word' id='word_1_324' title='bbox 293 3565 426 3625; x_wconf 86' lang='lat' dir='ltr'>sacerdos</span> <span class='ocrx_word' id='word_1_325' title='bbox 445 3580 571 3643; x_wconf 79' lang='lat' dir='ltr'>aegrotus</span> <span class='ocrx_word' id='word_1_326' title='bbox 592 3575 738 3635; x_wconf 78' lang='lat' dir='ltr'>viaticum</span> <span class='ocrx_word' id='word_1_327' title='bbox 758 3578 905 3655; x_wconf 77' lang='lat' dir='ltr'>suscipere</span> <span class='ocrx_word' id='word_1_328' title='bbox 925 3580 1015 3638; x_wconf 84' lang='lat' dir='ltr'>vellet</span> <span class='ocrx_word' id='word_1_329' title='bbox 1035 3585 1133 3643; x_wconf 85' lang='lat' dir='ltr'>meni·</span> 
     </span>
    </p>
   </div>
   <div class='ocr_carea' id='block_1_5' title="bbox 0 0 1242 3975">
    <p class='ocr_par' dir='ltr' id='par_1_12' title="bbox 0 0 1242 3975">
     <span class='ocr_line' id='line_1_42' title="bbox 0 0 1242 3975; baseline 0 0"><span class='ocrx_word' id='word_1_330' title='bbox 0 0 1242 3975; x_wconf 95' lang='lat' dir='ltr'> </span> 
     </span>
    </p>
   </div>
  </div>
 </body>
</html>
