<?xml version="1.0" encoding="UTF-8"?>
<!DOCTYPE html PUBLIC "-//W3C//DTD XHTML 1.0 Transitional//EN"
    "http://www.w3.org/TR/xhtml1/DTD/xhtml1-transitional.dtd">
<html xmlns="http://www.w3.org/1999/xhtml" xml:lang="en" lang="en">
 <head>
  <title>
</title>
<meta http-equiv="Content-Type" content="text/html;charset=utf-8" />
  <meta name='ocr-system' content='tesseract 3.04.00' />
  <meta name='ocr-capabilities' content='ocr_page ocr_carea ocr_par ocr_line ocrx_word'/>
</head>
<body>
  <div class='ocr_page' id='page_1' title='image "./theologiamorali04heilgoog_0237.png"; bbox 0 0 2475 3975; ppageno 0'>
   <div class='ocr_carea' id='block_1_1' title="bbox 294 139 1131 230">
    <p class='ocr_par' dir='ltr' id='par_1_1' title="bbox 294 139 1131 230">
     <span class='ocr_line' id='line_1_1' title="bbox 294 139 1131 230; baseline 0.002 -23"><span class='ocrx_word' id='word_1_1' title='bbox 294 148 367 228; x_wconf 82' lang='lat' dir='ltr'><strong>Cap.</strong></span> <span class='ocrx_word' id='word_1_2' title='bbox 382 151 412 209; x_wconf 79' lang='lat'><strong>2.</strong></span> <span class='ocrx_word' id='word_1_3' title='bbox 428 149 474 210; x_wconf 86' lang='lat' dir='ltr'><strong>De</strong></span> <span class='ocrx_word' id='word_1_4' title='bbox 487 155 670 210; x_wconf 86' lang='lat' dir='ltr'><strong>sacramento</strong></span> <span class='ocrx_word' id='word_1_5' title='bbox 685 144 801 210; x_wconf 84' lang='lat' dir='ltr'><strong>ordinis</strong></span> <span class='ocrx_word' id='word_1_6' title='bbox 812 149 845 208; x_wconf 89' lang='lat' dir='ltr'><strong>in</strong></span> <span class='ocrx_word' id='word_1_7' title='bbox 860 167 972 230; x_wconf 79' lang='lat' dir='ltr'><strong>ponere.</strong></span> <span class='ocrx_word' id='word_1_8' title='bbox 1059 139 1131 224; x_wconf 57' lang='lat' dir='ltr'><strong>felt</strong></span> 
     </span>
    </p>
   </div>
   <div class='ocr_carea' id='block_1_2' title="bbox 122 243 1133 580">
    <p class='ocr_par' dir='ltr' id='par_1_2' title="bbox 122 243 1133 580">
     <span class='ocr_line' id='line_1_2' title="bbox 126 243 1133 328; baseline -0.001 -18"><span class='ocrx_word' id='word_1_9' title='bbox 126 266 175 310; x_wconf 87' lang='lat' dir='ltr'><strong>ras</strong></span> <span class='ocrx_word' id='word_1_10' title='bbox 188 253 373 310; x_wconf 75' lang='lat' dir='ltr'><strong>reservatas?</strong></span> <span class='ocrx_word' id='word_1_11' title='bbox 385 249 460 310; x_wconf 82' lang='lat' dir='ltr'><strong>vtoc</strong></span> <span class='ocrx_word' id='word_1_12' title='bbox 479 267 544 326; x_wconf 78' lang='lat' dir='ltr'><strong>quac</strong></span> <span class='ocrx_word' id='word_1_13' title='bbox 558 247 632 308; x_wconf 77' lang='lat' dir='ltr'><strong>iniria</strong></span> <span class='ocrx_word' id='word_1_14' title='bbox 647 249 776 309; x_wconf 83' lang='lat' dir='ltr'><strong>breviter</strong></span> <span class='ocrx_word' id='word_1_15' title='bbox 789 249 942 326; x_wconf 88' lang='lat' dir='ltr'><strong>superbae</strong></span> <span class='ocrx_word' id='word_1_16' title='bbox 956 243 1133 328; x_wconf 81' lang='lat' dir='ltr'><strong>obligatione</strong></span> 
     </span>
     <span class='ocr_line' id='line_1_3' title="bbox 125 331 1131 412; baseline 0 -20"><span class='ocrx_word' id='word_1_17' title='bbox 125 333 263 393; x_wconf 91' lang='lat' dir='ltr'><strong>dicentur</strong></span> <span class='ocrx_word' id='word_1_18' title='bbox 276 349 309 392; x_wconf 92' lang='lat' dir='ltr'><strong>n.</strong></span> <span class='ocrx_word' id='word_1_19' title='bbox 324 335 394 394; x_wconf 89' lang='grc'><strong>150.</strong></span> <span class='ocrx_word' id='word_1_20' title='bbox 404 331 552 394; x_wconf 82' lang='lat' dir='ltr'><strong>Cesterrim</strong></span> <span class='ocrx_word' id='word_1_21' title='bbox 569 331 645 394; x_wconf 73' lang='lat' dir='ltr'><strong>bene</strong></span> <span class='ocrx_word' id='word_1_22' title='bbox 672 341 767 412; x_wconf 90' lang='lat' dir='ltr'><strong>potest</strong></span> <span class='ocrx_word' id='word_1_23' title='bbox 782 333 940 412; x_wconf 82' lang='lat' dir='ltr'><strong>Episcopus</strong></span> <span class='ocrx_word' id='word_1_24' title='bbox 957 331 973 394; x_wconf 79' lang='lat' dir='ltr'><strong>i</strong></span> <span class='ocrx_word' id='word_1_25' title='bbox 990 335 1049 394; x_wconf 90' lang='lat' dir='ltr'><strong>suis</strong></span> <span class='ocrx_word' id='word_1_26' title='bbox 1068 352 1131 393; x_wconf 87' lang='lat' dir='ltr'><strong>ma·</strong></span> 
     </span>
     <span class='ocr_line' id='line_1_4' title="bbox 122 415 1127 497; baseline -0.002 -20"><span class='ocrx_word' id='word_1_27' title='bbox 122 417 221 491; x_wconf 75' lang='lat' dir='ltr'><strong>iorem</strong></span> <span class='ocrx_word' id='word_1_28' title='bbox 235 416 387 477; x_wconf 90' lang='lat' dir='ltr'><strong>seientiam</strong></span> <span class='ocrx_word' id='word_1_29' title='bbox 399 460 408 485; x_wconf 91' lang='lat'><strong>,</strong></span> <span class='ocrx_word' id='word_1_30' title='bbox 419 415 509 494; x_wconf 82' lang='lat' dir='ltr'><strong>quiam</strong></span> <span class='ocrx_word' id='word_1_31' title='bbox 519 418 645 492; x_wconf 79' lang='lat' dir='ltr'>requirit</span> <span class='ocrx_word' id='word_1_32' title='bbox 658 417 835 491; x_wconf 89' lang='lat' dir='ltr'><strong>concilium,</strong></span> <span class='ocrx_word' id='word_1_33' title='bbox 852 419 1003 496; x_wconf 84' lang='lat' dir='ltr'><strong>requirere</strong></span> <span class='ocrx_word' id='word_1_34' title='bbox 1013 415 1088 497; x_wconf 84' lang='lat' dir='ltr'><strong>(Lib.</strong></span> <span class='ocrx_word' id='word_1_35' title='bbox 1099 421 1127 478; x_wconf 89' lang='grc'><strong>6.</strong></span> 
     </span>
     <span class='ocr_line' id='line_1_5' title="bbox 122 500 485 580; baseline -0.008 -16"><span class='ocrx_word' id='word_1_36' title='bbox 122 521 157 564; x_wconf 85' lang='lat' dir='ltr'><strong>n.</strong></span> <span class='ocrx_word' id='word_1_37' title='bbox 172 502 240 561; x_wconf 82' lang='grc'><strong>797.</strong></span> <span class='ocrx_word' id='word_1_38' title='bbox 252 518 281 560; x_wconf 86' lang='grc' dir='ltr'><strong>υ.</strong></span> <span class='ocrx_word' id='word_1_39' title='bbox 296 500 415 561; x_wconf 74' lang='lat' dir='ltr'><strong>ddecet.</strong></span> <span class='ocrx_word' id='word_1_40' title='bbox 427 501 485 580; x_wconf 77' lang='grc'><strong>2.).</strong></span> 
     </span>
    </p>
   </div>
   <div class='ocr_carea' id='block_1_3' title="bbox 120 584 1131 736">
    <p class='ocr_par' dir='ltr' id='par_1_3' title="bbox 120 584 1131 736">
     <span class='ocr_line' id='line_1_6' title="bbox 163 584 1131 665; baseline 0 -20"><span class='ocrx_word' id='word_1_41' title='bbox 163 587 214 646; x_wconf 86' lang='grc'><strong>56.</strong></span> <span class='ocrx_word' id='word_1_42' title='bbox 227 584 388 645; x_wconf 86' lang='lat' dir='ltr'><strong>-Verirm</strong></span> <span class='ocrx_word' id='word_1_43' title='bbox 407 586 439 644; x_wconf 92' lang='lat' dir='ltr'><strong>in</strong></span> <span class='ocrx_word' id='word_1_44' title='bbox 458 585 643 662; x_wconf 63' lang='lat' dir='ltr'><strong>regularibus</strong></span> <span class='ocrx_word' id='word_1_45' title='bbox 656 585 777 648; x_wconf 90' lang='lat' dir='ltr'><strong>addictis</strong></span> <span class='ocrx_word' id='word_1_46' title='bbox 795 586 833 647; x_wconf 89' lang='lat' dir='ltr'><strong>ad</strong></span> <span class='ocrx_word' id='word_1_47' title='bbox 847 587 938 648; x_wconf 88' lang='lat' dir='ltr'><strong>vitam</strong></span> <span class='ocrx_word' id='word_1_48' title='bbox 950 587 1131 665; x_wconf 88' lang='lat' dir='ltr'><strong>contempla-</strong></span> 
     </span>
     <span class='ocr_line' id='line_1_7' title="bbox 120 645 1129 736; baseline -0.002 -10"><span class='ocrx_word' id='word_1_49' title='bbox 120 664 232 736; x_wconf 83' lang='lat' dir='ltr'><strong>tivam,</strong></span> <span class='ocrx_word' id='word_1_50' title='bbox 256 662 304 722; x_wconf 86' lang='lat' dir='ltr'><strong>rel</strong></span> <span class='ocrx_word' id='word_1_51' title='bbox 329 659 446 723; x_wconf 85' lang='lat' dir='ltr'><strong>tantirm</strong></span> <span class='ocrx_word' id='word_1_52' title='bbox 469 645 665 734; x_wconf 80' lang='lat' dir='ltr'><strong>odeberum,</strong></span> <span class='ocrx_word' id='word_1_53' title='bbox 689 673 718 725; x_wconf 89' lang='lat' dir='ltr'><strong>ct</strong></span> <span class='ocrx_word' id='word_1_54' title='bbox 743 666 856 736; x_wconf 90' lang='lat' dir='ltr'><strong>altare,</strong></span> <span class='ocrx_word' id='word_1_55' title='bbox 880 665 927 724; x_wconf 85' lang='lat' dir='ltr'><strong>vel</strong></span> <span class='ocrx_word' id='word_1_56' title='bbox 949 664 1129 733; x_wconf 80' lang='lat' dir='ltr'><strong>sacristiam,</strong></span> 
     </span>
    </p>
   </div>
   <div class='ocr_carea' id='block_1_4' title="bbox 116 745 1131 3633">
    <p class='ocr_par' dir='ltr' id='par_1_4' title="bbox 116 745 1131 1249">
     <span class='ocr_line' id='line_1_8' title="bbox 119 745 1129 827; baseline -0.002 -18"><span class='ocrx_word' id='word_1_57' title='bbox 119 751 224 810; x_wconf 87' lang='lat' dir='ltr'><strong>minor</strong></span> <span class='ocrx_word' id='word_1_58' title='bbox 240 747 361 808; x_wconf 88' lang='lat' dir='ltr'><strong>scientia</strong></span> <span class='ocrx_word' id='word_1_59' title='bbox 380 748 561 824; x_wconf 85' lang='lat' dir='ltr'><strong>requiritur,</strong></span> <span class='ocrx_word' id='word_1_60' title='bbox 575 745 665 809; x_wconf 85' lang='lat' dir='ltr'><strong>modb</strong></span> <span class='ocrx_word' id='word_1_61' title='bbox 684 749 777 809; x_wconf 90' lang='lat' dir='ltr'><strong>sciant</strong></span> <span class='ocrx_word' id='word_1_62' title='bbox 796 756 934 826; x_wconf 86' lang='lat' dir='ltr'><strong>praestare</strong></span> <span class='ocrx_word' id='word_1_63' title='bbox 952 766 1018 826; x_wconf 85' lang='lat' dir='ltr'><strong>quae</strong></span> <span class='ocrx_word' id='word_1_64' title='bbox 1038 747 1129 827; x_wconf 88' lang='lat' dir='ltr'><strong>perti·</strong></span> 
     </span>
     <span class='ocr_line' id='line_1_9' title="bbox 120 831 1128 908; baseline -0.003 -13"><span class='ocrx_word' id='word_1_65' title='bbox 120 842 195 895; x_wconf 86' lang='lat' dir='ltr'><strong>nent</strong></span> <span class='ocrx_word' id='word_1_66' title='bbox 211 832 249 892; x_wconf 90' lang='lat' dir='ltr'><strong>ad</strong></span> <span class='ocrx_word' id='word_1_67' title='bbox 272 832 386 892; x_wconf 84' lang='lat' dir='ltr'><strong>ordinis</strong></span> <span class='ocrx_word' id='word_1_68' title='bbox 403 833 600 908; x_wconf 77' lang='lat' dir='ltr'><strong>exercitium3</strong></span> <span class='ocrx_word' id='word_1_69' title='bbox 625 839 655 892; x_wconf 89' lang='lat' dir='ltr'><strong>et</strong></span> <span class='ocrx_word' id='word_1_70' title='bbox 670 831 737 893; x_wconf 83' lang='lat' dir='ltr'><strong>ideo</strong></span> <span class='ocrx_word' id='word_1_71' title='bbox 755 834 857 895; x_wconf 87' lang='lat' dir='ltr'><strong>saltem</strong></span> <span class='ocrx_word' id='word_1_72' title='bbox 878 834 910 894; x_wconf 90' lang='lat' dir='ltr'><strong>in</strong></span> <span class='ocrx_word' id='word_1_73' title='bbox 935 834 1128 894; x_wconf 81' lang='lat' dir='ltr'><strong>Grammatico</strong></span> 
     </span>
     <span class='ocr_line' id='line_1_10' title="bbox 118 915 1131 996; baseline -0.002 -18"><span class='ocrx_word' id='word_1_74' title='bbox 118 918 231 978; x_wconf 88' lang='lat' dir='ltr'><strong>debent</strong></span> <span class='ocrx_word' id='word_1_75' title='bbox 249 935 311 977; x_wconf 85' lang='lat' dir='ltr'><strong>csse</strong></span> <span class='ocrx_word' id='word_1_76' title='bbox 329 918 449 986; x_wconf 79' lang='lat' dir='ltr'><strong>edocti,</strong></span> <span class='ocrx_word' id='word_1_77' title='bbox 472 915 543 977; x_wconf 76' lang='lat' dir='ltr'><strong>aliis</strong></span> <span class='ocrx_word' id='word_1_78' title='bbox 561 925 650 978; x_wconf 87' lang='lat' dir='ltr'><strong>erunt</strong></span> <span class='ocrx_word' id='word_1_79' title='bbox 677 917 872 994; x_wconf 77' lang='lat' dir='ltr'><strong>irregulares,</strong></span> <span class='ocrx_word' id='word_1_80' title='bbox 894 919 980 976; x_wconf 89' lang='lat' dir='ltr'><strong>ctiam</strong></span> <span class='ocrx_word' id='word_1_81' title='bbox 1007 919 1043 977; x_wconf 89' lang='lat' dir='ltr'><strong>de</strong></span> <span class='ocrx_word' id='word_1_82' title='bbox 1063 917 1131 996; x_wconf 86' lang='lat' dir='ltr'><strong>jure</strong></span> 
     </span>
     <span class='ocr_line' id='line_1_11' title="bbox 118 1002 1129 1081; baseline -0.002 -19"><span class='ocrx_word' id='word_1_83' title='bbox 118 1003 244 1075; x_wconf 85' lang='lat' dir='ltr'><strong>divino,</strong></span> <span class='ocrx_word' id='word_1_84' title='bbox 259 1003 298 1062; x_wconf 90' lang='lat' dir='ltr'><strong>ita</strong></span> <span class='ocrx_word' id='word_1_85' title='bbox 312 1010 346 1063; x_wconf 89' lang='lat' dir='ltr'><strong>ut</strong></span> <span class='ocrx_word' id='word_1_86' title='bbox 361 1021 415 1062; x_wconf 87' lang='lat' dir='ltr'><strong>nea</strong></span> <span class='ocrx_word' id='word_1_87' title='bbox 427 1004 503 1081; x_wconf 89' lang='lat' dir='ltr'><strong>Papa</strong></span> <span class='ocrx_word' id='word_1_88' title='bbox 513 1012 611 1081; x_wconf 90' lang='lat' dir='ltr'><strong>posset</strong></span> <span class='ocrx_word' id='word_1_89' title='bbox 621 1019 688 1064; x_wconf 89' lang='lat' dir='ltr'><strong>eum</strong></span> <span class='ocrx_word' id='word_1_90' title='bbox 703 1003 744 1062; x_wconf 92' lang='lat' dir='ltr'><strong>cis</strong></span> <span class='ocrx_word' id='word_1_91' title='bbox 753 1002 932 1081; x_wconf 88' lang='lat' dir='ltr'><strong>dispensare.</strong></span> <span class='ocrx_word' id='word_1_92' title='bbox 952 1003 1019 1062; x_wconf 68' lang='lat' dir='ltr'><strong>llaec</strong></span> <span class='ocrx_word' id='word_1_93' title='bbox 1032 1011 1129 1062; x_wconf 90' lang='lat' dir='ltr'><strong>tamen</strong></span> 
     </span>
     <span class='ocr_line' id='line_1_12' title="bbox 116 1084 1131 1166; baseline -0.002 -19"><span class='ocrx_word' id='word_1_94' title='bbox 116 1087 340 1166; x_wconf 79' lang='lat' dir='ltr'><strong>irregularitas,</strong></span> <span class='ocrx_word' id='word_1_95' title='bbox 357 1087 471 1146; x_wconf 87' lang='lat' dir='ltr'><strong>sublatai</strong></span> <span class='ocrx_word' id='word_1_96' title='bbox 488 1087 573 1146; x_wconf 76' lang='lat' dir='ltr'><strong>causi</strong></span> <span class='ocrx_word' id='word_1_97' title='bbox 586 1087 778 1166; x_wconf 86' lang='lat' dir='ltr'><strong>ignorantiae,</strong></span> <span class='ocrx_word' id='word_1_98' title='bbox 791 1087 902 1166; x_wconf 85' lang='lat' dir='ltr'><strong>absque</strong></span> <span class='ocrx_word' id='word_1_99' title='bbox 917 1084 1131 1166; x_wconf 78' lang='lat' dir='ltr'><strong>dispensatione</strong></span> 
     </span>
     <span class='ocr_line' id='line_1_13' title="bbox 117 1166 781 1249; baseline 0 -17"><span class='ocrx_word' id='word_1_100' title='bbox 117 1172 159 1232; x_wconf 90' lang='lat' dir='ltr'><strong>de</strong></span> <span class='ocrx_word' id='word_1_101' title='bbox 174 1189 206 1230; x_wconf 87' lang='lat' dir='ltr'><strong>sc</strong></span> <span class='ocrx_word' id='word_1_102' title='bbox 216 1172 349 1231; x_wconf 88' lang='lat' dir='ltr'><strong>auicrtur</strong></span> <span class='ocrx_word' id='word_1_103' title='bbox 362 1166 396 1249; x_wconf 84' lang='lat' dir='ltr'><strong>(l.</strong></span> <span class='ocrx_word' id='word_1_104' title='bbox 409 1189 435 1230; x_wconf 74' lang='lat' dir='ltr'><strong>a·</strong></span> <span class='ocrx_word' id='word_1_105' title='bbox 445 1189 477 1230; x_wconf 90' lang='lat' dir='ltr'><strong>n.</strong></span> <span class='ocrx_word' id='word_1_106' title='bbox 487 1173 556 1231; x_wconf 81' lang='lat' dir='ltr'><strong>tat.</strong></span> <span class='ocrx_word' id='word_1_107' title='bbox 567 1171 625 1245; x_wconf 80' lang='lat' dir='ltr'><strong>Qu.</strong></span> <span class='ocrx_word' id='word_1_108' title='bbox 638 1173 668 1231; x_wconf 73' lang='lat' dir='ltr'><strong>a.</strong></span> <span class='ocrx_word' id='word_1_109' title='bbox 683 1180 713 1232; x_wconf 88' lang='lat' dir='ltr'><strong>et</strong></span> <span class='ocrx_word' id='word_1_110' title='bbox 727 1171 781 1248; x_wconf 84' lang='lat'><strong>5.).</strong></span> 
     </span>
    </p>

    <p class='ocr_par' dir='ltr' id='par_1_5' title="bbox 118 1253 1131 1846">
     <span class='ocr_line' id='line_1_14' title="bbox 160 1253 1131 1334; baseline -0.002 -19"><span class='ocrx_word' id='word_1_111' title='bbox 160 1257 211 1315; x_wconf 90' lang='grc'><strong>57.</strong></span> <span class='ocrx_word' id='word_1_112' title='bbox 223 1256 319 1316; x_wconf 75' lang='lat' dir='ltr'><strong>-vu</strong></span> <span class='ocrx_word' id='word_1_113' title='bbox 332 1255 504 1331; x_wconf 84' lang='lat' dir='ltr'><strong>Requiritur</strong></span> <span class='ocrx_word' id='word_1_114' title='bbox 514 1253 619 1316; x_wconf 82' lang='lat' dir='ltr'><strong>titulus</strong></span> <span class='ocrx_word' id='word_1_115' title='bbox 628 1256 866 1329; x_wconf 78' lang='lat' dir='ltr'><strong>sustentationis,</strong></span> <span class='ocrx_word' id='word_1_116' title='bbox 878 1256 963 1317; x_wconf 88' lang='lat' dir='ltr'><strong>aliter</strong></span> <span class='ocrx_word' id='word_1_117' title='bbox 974 1257 1131 1334; x_wconf 81' lang='lat' dir='ltr'><strong>Episcopus</strong></span> 
     </span>
     <span class='ocr_line' id='line_1_15' title="bbox 121 1339 1130 1419; baseline -0.006 -15"><span class='ocrx_word' id='word_1_118' title='bbox 121 1341 282 1416; x_wconf 90' lang='lat' dir='ltr'><strong>ordinem,</strong></span> <span class='ocrx_word' id='word_1_119' title='bbox 306 1341 354 1399; x_wconf 88' lang='lat' dir='ltr'><strong>rel</strong></span> <span class='ocrx_word' id='word_1_120' title='bbox 370 1339 549 1400; x_wconf 86' lang='lat' dir='ltr'><strong>dimissorias</strong></span> <span class='ocrx_word' id='word_1_121' title='bbox 564 1341 716 1411; x_wconf 90' lang='lat' dir='ltr'><strong>tribuens,</strong></span> <span class='ocrx_word' id='word_1_122' title='bbox 736 1350 855 1401; x_wconf 89' lang='lat' dir='ltr'><strong>tenetur</strong></span> <span class='ocrx_word' id='word_1_123' title='bbox 877 1342 939 1419; x_wconf 88' lang='lat' dir='ltr'><strong>ipse</strong></span> <span class='ocrx_word' id='word_1_124' title='bbox 961 1339 1130 1402; x_wconf 91' lang='lat' dir='ltr'><strong>ordinatum</strong></span> 
     </span>
     <span class='ocr_line' id='line_1_16' title="bbox 118 1423 1131 1506; baseline -0.002 -18"><span class='ocrx_word' id='word_1_125' title='bbox 118 1429 218 1499; x_wconf 86' lang='lat' dir='ltr'><strong>alere,</strong></span> <span class='ocrx_word' id='word_1_126' title='bbox 232 1443 326 1505; x_wconf 89' lang='lat' dir='ltr'><strong>usquc</strong></span> <span class='ocrx_word' id='word_1_127' title='bbox 337 1423 409 1485; x_wconf 87' lang='lat' dir='ltr'><strong>ddm</strong></span> <span class='ocrx_word' id='word_1_128' title='bbox 422 1425 471 1484; x_wconf 92' lang='lat' dir='ltr'><strong>ille</strong></span> <span class='ocrx_word' id='word_1_129' title='bbox 487 1425 607 1486; x_wconf 88' lang='lat' dir='ltr'><strong>titulum</strong></span> <span class='ocrx_word' id='word_1_130' title='bbox 618 1424 741 1503; x_wconf 87' lang='lat' dir='ltr'><strong>babeat,</strong></span> <span class='ocrx_word' id='word_1_131' title='bbox 757 1427 798 1488; x_wconf 91' lang='lat' dir='ltr'><strong>ita</strong></span> <span class='ocrx_word' id='word_1_132' title='bbox 811 1443 847 1484; x_wconf 83' lang='lat' dir='ltr'><strong>ex</strong></span> <span class='ocrx_word' id='word_1_133' title='bbox 860 1444 923 1506; x_wconf 87' lang='lat' dir='ltr'><strong>cap.</strong></span> <span class='ocrx_word' id='word_1_134' title='bbox 945 1425 1018 1486; x_wconf 76' lang='lat' dir='ltr'><strong>carn</strong></span> <span class='ocrx_word' id='word_1_135' title='bbox 1030 1443 1131 1487; x_wconf 87' lang='lat' dir='ltr'><strong>scann-</strong></span> 
     </span>
     <span class='ocr_line' id='line_1_17' title="bbox 120 1507 1130 1592; baseline -0.007 -15"><span class='ocrx_word' id='word_1_136' title='bbox 120 1513 195 1577; x_wconf 79' lang='lat' dir='ltr'><strong>da&#39;tm</strong></span> <span class='ocrx_word' id='word_1_137' title='bbox 205 1555 214 1583; x_wconf 96' lang='lat'><strong>,</strong></span> <span class='ocrx_word' id='word_1_138' title='bbox 225 1508 261 1572; x_wconf 91' lang='lat' dir='ltr'><strong>de</strong></span> <span class='ocrx_word' id='word_1_139' title='bbox 278 1509 370 1592; x_wconf 84' lang='lat' dir='ltr'><strong>proeb.</strong></span> <span class='ocrx_word' id='word_1_140' title='bbox 382 1518 409 1570; x_wconf 88' lang='lat' dir='ltr'><strong>ct</strong></span> <span class='ocrx_word' id='word_1_141' title='bbox 425 1529 493 1590; x_wconf 84' lang='lat' dir='ltr'><strong>cap.</strong></span> <span class='ocrx_word' id='word_1_142' title='bbox 507 1510 694 1592; x_wconf 75' lang='lat' dir='ltr'><strong>Recepimus,</strong></span> <span class='ocrx_word' id='word_1_143' title='bbox 709 1511 744 1572; x_wconf 90' lang='lat' dir='ltr'><strong>de</strong></span> <span class='ocrx_word' id='word_1_144' title='bbox 760 1520 845 1574; x_wconf 77' lang='lat' dir='ltr'><strong>aetate</strong></span> <span class='ocrx_word' id='word_1_145' title='bbox 859 1519 888 1572; x_wconf 87' lang='lat' dir='ltr'><strong>ct</strong></span> <span class='ocrx_word' id='word_1_146' title='bbox 904 1507 1010 1592; x_wconf 84' lang='lat' dir='ltr'><strong>qualit.</strong></span> <span class='ocrx_word' id='word_1_147' title='bbox 1030 1519 1081 1572; x_wconf 87' lang='lat' dir='ltr'><strong>etc.</strong></span> <span class='ocrx_word' id='word_1_148' title='bbox 1097 1511 1130 1570; x_wconf 94' lang='lat' dir='ltr'><strong>ld</strong></span> 
     </span>
     <span class='ocr_line' id='line_1_18' title="bbox 120 1595 1130 1678; baseline -0.004 -20"><span class='ocrx_word' id='word_1_149' title='bbox 120 1608 222 1658; x_wconf 88' lang='lat' dir='ltr'><strong>tamen</strong></span> <span class='ocrx_word' id='word_1_150' title='bbox 240 1595 464 1673; x_wconf 77' lang='lat' dir='ltr'><strong>intelligendum</strong></span> <span class='ocrx_word' id='word_1_151' title='bbox 475 1595 557 1678; x_wconf 25' lang='lat' dir='ltr'><strong>,lnisi</strong></span> <span class='ocrx_word' id='word_1_152' title='bbox 576 1597 735 1676; x_wconf 81' lang='lat' dir='ltr'><strong>Episcopus</strong></span> <span class='ocrx_word' id='word_1_153' title='bbox 755 1597 973 1674; x_wconf 87' lang='lat' dir='ltr'><strong>inculpabiliter</strong></span> <span class='ocrx_word' id='word_1_154' title='bbox 993 1596 1130 1677; x_wconf 89' lang='lat' dir='ltr'><strong>deceptus</strong></span> 
     </span>
     <span class='ocr_line' id='line_1_19' title="bbox 121 1680 1130 1758; baseline -0.004 -15"><span class='ocrx_word' id='word_1_155' title='bbox 121 1684 231 1752; x_wconf 84' lang='lat' dir='ltr'><strong>suerit,</strong></span> <span class='ocrx_word' id='word_1_156' title='bbox 253 1681 301 1741; x_wconf 89' lang='lat' dir='ltr'><strong>rel</strong></span> <span class='ocrx_word' id='word_1_157' title='bbox 322 1681 379 1740; x_wconf 92' lang='lat' dir='ltr'><strong>nisi</strong></span> <span class='ocrx_word' id='word_1_158' title='bbox 396 1681 550 1742; x_wconf 90' lang='lat' dir='ltr'><strong>ordinatus</strong></span> <span class='ocrx_word' id='word_1_159' title='bbox 568 1680 632 1758; x_wconf 85' lang='lat' dir='ltr'><strong>jam</strong></span> <span class='ocrx_word' id='word_1_160' title='bbox 653 1681 773 1744; x_wconf 86' lang='lat' dir='ltr'><strong>aliunde</strong></span> <span class='ocrx_word' id='word_1_161' title='bbox 795 1681 901 1742; x_wconf 89' lang='lat' dir='ltr'><strong>babeat</strong></span> <span class='ocrx_word' id='word_1_162' title='bbox 923 1681 1004 1742; x_wconf 89' lang='lat' dir='ltr'><strong>unde</strong></span> <span class='ocrx_word' id='word_1_163' title='bbox 1029 1683 1130 1742; x_wconf 87' lang='lat' dir='ltr'><strong>vivere</strong></span> 
     </span>
     <span class='ocr_line' id='line_1_20' title="bbox 120 1761 449 1846; baseline -0.003 -18"><span class='ocrx_word' id='word_1_164' title='bbox 120 1766 215 1846; x_wconf 91' lang='lat' dir='ltr'><strong>possit</strong></span> <span class='ocrx_word' id='word_1_165' title='bbox 225 1761 259 1844; x_wconf 81' lang='grc' dir='ltr'><strong>(Ι.</strong></span> <span class='ocrx_word' id='word_1_166' title='bbox 270 1767 300 1826; x_wconf 84' lang='lat' dir='ltr'><strong>a.</strong></span> <span class='ocrx_word' id='word_1_167' title='bbox 313 1783 346 1824; x_wconf 90' lang='lat' dir='ltr'><strong>n.</strong></span> <span class='ocrx_word' id='word_1_168' title='bbox 357 1764 449 1842; x_wconf 82' lang='grc'><strong>815.)</strong></span> 
     </span>
    </p>

    <p class='ocr_par' dir='ltr' id='par_1_6' title="bbox 118 1849 1128 3118">
     <span class='ocr_line' id='line_1_21' title="bbox 126 1849 1127 1927; baseline -0.002 -17"><span class='ocrx_word' id='word_1_169' title='bbox 126 1850 129 1859; x_wconf 89' lang='grc'><strong>’</strong></span> <span class='ocrx_word' id='word_1_170' title='bbox 161 1853 209 1911; x_wconf 91' lang='grc'><strong>58.</strong></span> <span class='ocrx_word' id='word_1_171' title='bbox 229 1883 270 1896; x_wconf 91' lang='lat'><strong>·-</strong></span> <span class='ocrx_word' id='word_1_172' title='bbox 289 1850 407 1910; x_wconf 82' lang='lat' dir='ltr'><strong>Titulus</strong></span> <span class='ocrx_word' id='word_1_173' title='bbox 427 1857 526 1909; x_wconf 89' lang='lat' dir='ltr'><strong>autem</strong></span> <span class='ocrx_word' id='word_1_174' title='bbox 547 1849 768 1910; x_wconf 85' lang='lat' dir='ltr'><strong>sustentationis</strong></span> <span class='ocrx_word' id='word_1_175' title='bbox 791 1850 900 1926; x_wconf 83' lang='lat' dir='ltr'><strong>triplex</strong></span> <span class='ocrx_word' id='word_1_176' title='bbox 926 1867 987 1909; x_wconf 80' lang='lat' dir='ltr'><strong>esse</strong></span> <span class='ocrx_word' id='word_1_177' title='bbox 1010 1855 1127 1927; x_wconf 89' lang='lat' dir='ltr'><strong>potest,</strong></span> 
     </span>
     <span class='ocr_line' id='line_1_22' title="bbox 120 1933 1128 2019; baseline -0.004 -22"><span class='ocrx_word' id='word_1_178' title='bbox 120 1935 319 2019; x_wconf 85' lang='lat' dir='ltr'><strong>paupertatis,</strong></span> <span class='ocrx_word' id='word_1_179' title='bbox 336 1933 490 2006; x_wconf 84' lang='lat' dir='ltr'><strong>beneficii,</strong></span> <span class='ocrx_word' id='word_1_180' title='bbox 504 1943 535 1995; x_wconf 87' lang='lat' dir='ltr'><strong>et</strong></span> <span class='ocrx_word' id='word_1_181' title='bbox 551 1933 736 2011; x_wconf 89' lang='lat' dir='ltr'><strong>patrimonii.</strong></span> <span class='ocrx_word' id='word_1_182' title='bbox 753 1933 854 1995; x_wconf 86' lang='lat' dir='ltr'><strong>Titulo</strong></span> <span class='ocrx_word' id='word_1_183' title='bbox 872 1934 1057 2015; x_wconf 83' lang='lat' dir='ltr'><strong>paupertatis</strong></span> <span class='ocrx_word' id='word_1_184' title='bbox 1075 1935 1128 1995; x_wconf 90' lang='lat' dir='ltr'><strong>soli</strong></span> 
     </span>
     <span class='ocr_line' id='line_1_23' title="bbox 119 2017 1128 2099; baseline -0.005 -16"><span class='ocrx_word' id='word_1_185' title='bbox 119 2022 273 2099; x_wconf 76' lang='lat' dir='ltr'><strong>regulares</strong></span> <span class='ocrx_word' id='word_1_186' title='bbox 298 2020 419 2099; x_wconf 78' lang='lat' dir='ltr'><strong>professi</strong></span> <span class='ocrx_word' id='word_1_187' title='bbox 442 2020 573 2081; x_wconf 89' lang='lat' dir='ltr'><strong>ordinari</strong></span> <span class='ocrx_word' id='word_1_188' title='bbox 592 2020 702 2082; x_wconf 88' lang='lat' dir='ltr'><strong>valent.</strong></span> <span class='ocrx_word' id='word_1_189' title='bbox 721 2018 881 2081; x_wconf 82' lang='lat' dir='ltr'><strong>Saeculares</strong></span> <span class='ocrx_word' id='word_1_190' title='bbox 903 2017 975 2079; x_wconf 81' lang='lat' dir='ltr'><strong>verb</strong></span> <span class='ocrx_word' id='word_1_191' title='bbox 998 2018 1128 2078; x_wconf 91' lang='lat' dir='ltr'><strong>ordinari</strong></span> 
     </span>
     <span class='ocr_line' id='line_1_24' title="bbox 119 2102 1128 2186; baseline -0.005 -18"><span class='ocrx_word' id='word_1_192' title='bbox 119 2107 232 2168; x_wconf 88' lang='lat' dir='ltr'><strong>debent</strong></span> <span class='ocrx_word' id='word_1_193' title='bbox 244 2104 281 2165; x_wconf 92' lang='lat' dir='ltr'><strong>ad</strong></span> <span class='ocrx_word' id='word_1_194' title='bbox 297 2105 418 2167; x_wconf 90' lang='lat' dir='ltr'><strong>titulum</strong></span> <span class='ocrx_word' id='word_1_195' title='bbox 432 2104 580 2186; x_wconf 75' lang='lat' dir='ltr'><strong>beneficii,</strong></span> <span class='ocrx_word' id='word_1_196' title='bbox 600 2104 682 2181; x_wconf 90' lang='lat' dir='ltr'><strong>quod</strong></span> <span class='ocrx_word' id='word_1_197' title='bbox 698 2106 737 2165; x_wconf 89' lang='lat' dir='ltr'><strong>sit</strong></span> <span class='ocrx_word' id='word_1_198' title='bbox 750 2114 865 2164; x_wconf 89' lang='lat' dir='ltr'><strong>certum</strong></span> <span class='ocrx_word' id='word_1_199' title='bbox 880 2103 917 2163; x_wconf 92' lang='lat' dir='ltr'><strong>de</strong></span> <span class='ocrx_word' id='word_1_200' title='bbox 928 2102 1064 2180; x_wconf 88' lang='lat' dir='ltr'><strong>praesenti</strong></span> <span class='ocrx_word' id='word_1_201' title='bbox 1078 2147 1087 2174; x_wconf 92' lang='lat'>‚</span> <span class='ocrx_word' id='word_1_202' title='bbox 1100 2112 1128 2163; x_wconf 89' lang='lat' dir='ltr'><strong>et</strong></span> 
     </span>
     <span class='ocr_line' id='line_1_25' title="bbox 118 2186 1128 2266; baseline -0.006 -13"><span class='ocrx_word' id='word_1_203' title='bbox 118 2192 271 2253; x_wconf 84' lang='lat' dir='ltr'><strong>sufficiens</strong></span> <span class='ocrx_word' id='word_1_204' title='bbox 279 2190 316 2248; x_wconf 90' lang='lat' dir='ltr'><strong>ad</strong></span> <span class='ocrx_word' id='word_1_205' title='bbox 328 2208 489 2266; x_wconf 76' lang='lat' dir='ltr'><strong>congruam</strong></span> <span class='ocrx_word' id='word_1_206' title='bbox 499 2190 741 2251; x_wconf 90' lang='lat' dir='ltr'><strong>sustentationem</strong></span> <span class='ocrx_word' id='word_1_207' title='bbox 760 2186 845 2265; x_wconf 84' lang='lat' dir='ltr'><strong>juxta</strong></span> <span class='ocrx_word' id='word_1_208' title='bbox 864 2196 960 2247; x_wconf 87' lang='lat' dir='ltr'><strong>taxam</strong></span> <span class='ocrx_word' id='word_1_209' title='bbox 976 2188 1128 2260; x_wconf 88' lang='lat' dir='ltr'><strong>dioecesis,</strong></span> 
     </span>
     <span class='ocr_line' id='line_1_26' title="bbox 119 2270 1128 2351; baseline -0.004 -14"><span class='ocrx_word' id='word_1_210' title='bbox 119 2274 271 2351; x_wconf 83' lang='lat' dir='ltr'><strong>originis,</strong></span> <span class='ocrx_word' id='word_1_211' title='bbox 287 2274 334 2332; x_wconf 87' lang='lat' dir='ltr'><strong>vel</strong></span> <span class='ocrx_word' id='word_1_212' title='bbox 359 2273 515 2344; x_wconf 87' lang='lat' dir='ltr'><strong>beneficii,</strong></span> <span class='ocrx_word' id='word_1_213' title='bbox 536 2275 562 2333; x_wconf 90' lang='lat' dir='ltr'><strong>si</strong></span> <span class='ocrx_word' id='word_1_214' title='bbox 585 2272 761 2332; x_wconf 84' lang='lat' dir='ltr'><strong>beneficium</strong></span> <span class='ocrx_word' id='word_1_215' title='bbox 785 2273 918 2351; x_wconf 89' lang='lat' dir='ltr'><strong>requirat</strong></span> <span class='ocrx_word' id='word_1_216' title='bbox 941 2270 1128 2333; x_wconf 90' lang='lat' dir='ltr'><strong>residentiam</strong></span> 
     </span>
     <span class='ocr_line' id='line_1_27' title="bbox 118 2355 1127 2439; baseline -0.003 -18"><span class='ocrx_word' id='word_1_217' title='bbox 118 2355 214 2439; x_wconf 78' lang='lat' dir='ltr'><strong>(itia.</strong></span> <span class='ocrx_word' id='word_1_218' title='bbox 238 2376 271 2420; x_wconf 85' lang='lat' dir='ltr'><strong>n.</strong></span> <span class='ocrx_word' id='word_1_219' title='bbox 294 2358 363 2424; x_wconf 79' lang='grc'><strong>815.</strong></span> <span class='ocrx_word' id='word_1_220' title='bbox 376 2365 405 2417; x_wconf 88' lang='lat' dir='ltr'><strong>ct</strong></span> <span class='ocrx_word' id='word_1_221' title='bbox 421 2358 515 2433; x_wconf 83' lang='grc'><strong>816.)</strong></span> <span class='ocrx_word' id='word_1_222' title='bbox 536 2359 613 2419; x_wconf 85' lang='lat' dir='ltr'><strong>Nota</strong></span> <span class='ocrx_word' id='word_1_223' title='bbox 632 2355 711 2435; x_wconf 81' lang='lat' dir='ltr'><strong>quod</strong></span> <span class='ocrx_word' id='word_1_224' title='bbox 727 2359 807 2418; x_wconf 84' lang='lat' dir='ltr'><strong>Sace.</strong></span> <span class='ocrx_word' id='word_1_225' title='bbox 823 2360 929 2435; x_wconf 78' lang='lat' dir='ltr'><strong>Congr.</strong></span> <span class='ocrx_word' id='word_1_226' title='bbox 942 2356 990 2419; x_wconf 89' lang='lat' dir='ltr'><strong>die</strong></span> <span class='ocrx_word' id='word_1_227' title='bbox 1003 2359 1039 2417; x_wconf 89' lang='grc'><strong>17</strong></span> <span class='ocrx_word' id='word_1_228' title='bbox 1058 2360 1127 2418; x_wconf 83' lang='lat' dir='ltr'><strong>tulit</strong></span> 
     </span>
     <span class='ocr_line' id='line_1_28' title="bbox 119 2441 1126 2522; baseline 0 -17"><span class='ocrx_word' id='word_1_229' title='bbox 119 2444 213 2505; x_wconf 76' lang='grc'><strong>1775.</strong></span> <span class='ocrx_word' id='word_1_230' title='bbox 224 2444 338 2504; x_wconf 89' lang='lat' dir='ltr'><strong>remisit</strong></span> <span class='ocrx_word' id='word_1_231' title='bbox 355 2442 480 2504; x_wconf 89' lang='lat' dir='ltr'><strong>arbitrio</strong></span> <span class='ocrx_word' id='word_1_232' title='bbox 493 2444 649 2522; x_wconf 86' lang='lat' dir='ltr'><strong>Episcopi,</strong></span> <span class='ocrx_word' id='word_1_233' title='bbox 668 2441 692 2503; x_wconf 91' lang='lat' dir='ltr'><strong>si</strong></span> <span class='ocrx_word' id='word_1_234' title='bbox 711 2442 889 2504; x_wconf 87' lang='lat' dir='ltr'><strong>detrahenda</strong></span> <span class='ocrx_word' id='word_1_235' title='bbox 906 2444 986 2515; x_wconf 90' lang='lat' dir='ltr'><strong>sint,</strong></span> <span class='ocrx_word' id='word_1_236' title='bbox 1002 2461 1039 2503; x_wconf 92' lang='lat' dir='ltr'><strong>an</strong></span> <span class='ocrx_word' id='word_1_237' title='bbox 1055 2462 1126 2514; x_wconf 86' lang='lat' dir='ltr'><strong>narr,</strong></span> 
     </span>
     <span class='ocr_line' id='line_1_29' title="bbox 123 2527 1124 2609; baseline 0.001 -20"><span class='ocrx_word' id='word_1_238' title='bbox 123 2548 214 2596; x_wconf 89' lang='lat' dir='ltr'><strong>onera</strong></span> <span class='ocrx_word' id='word_1_239' title='bbox 235 2528 389 2589; x_wconf 82' lang='lat' dir='ltr'><strong>Missarum</strong></span> <span class='ocrx_word' id='word_1_240' title='bbox 408 2546 444 2588; x_wconf 86' lang='lat' dir='ltr'><strong>cx</strong></span> <span class='ocrx_word' id='word_1_241' title='bbox 464 2527 626 2600; x_wconf 87' lang='lat' dir='ltr'><strong>beneficio,</strong></span> <span class='ocrx_word' id='word_1_242' title='bbox 646 2527 693 2587; x_wconf 89' lang='lat' dir='ltr'><strong>vel</strong></span> <span class='ocrx_word' id='word_1_243' title='bbox 712 2528 870 2607; x_wconf 88' lang='lat' dir='ltr'><strong>capellania</strong></span> <span class='ocrx_word' id='word_1_244' title='bbox 892 2527 924 2609; x_wconf 83' lang='lat' dir='ltr'><strong>(i.</strong></span> <span class='ocrx_word' id='word_1_245' title='bbox 946 2547 972 2591; x_wconf 86' lang='lat' dir='ltr'><strong>c.</strong></span> <span class='ocrx_word' id='word_1_246' title='bbox 986 2548 1019 2589; x_wconf 90' lang='lat' dir='ltr'><strong>n.</strong></span> <span class='ocrx_word' id='word_1_247' title='bbox 1032 2530 1124 2607; x_wconf 78' lang='grc'><strong>771.)</strong></span> 
     </span>
     <span class='ocr_line' id='line_1_30' title="bbox 121 2612 1127 2693; baseline -0.002 -16"><span class='ocrx_word' id='word_1_248' title='bbox 121 2615 169 2677; x_wconf 82' lang='lat' dir='ltr'><strong>to</strong></span> <span class='ocrx_word' id='word_1_249' title='bbox 182 2614 303 2674; x_wconf 91' lang='lat' dir='ltr'><strong>titulum</strong></span> <span class='ocrx_word' id='word_1_250' title='bbox 319 2613 390 2675; x_wconf 85' lang='lat' dir='ltr'><strong>rard</strong></span> <span class='ocrx_word' id='word_1_251' title='bbox 406 2613 583 2693; x_wconf 85' lang='lat' dir='ltr'><strong>patrimonii</strong></span> <span class='ocrx_word' id='word_1_252' title='bbox 594 2612 710 2675; x_wconf 83' lang='lat' dir='ltr'><strong>tantirm</strong></span> <span class='ocrx_word' id='word_1_253' title='bbox 726 2632 782 2692; x_wconf 91' lang='lat' dir='ltr'><strong>pro</strong></span> <span class='ocrx_word' id='word_1_254' title='bbox 800 2614 969 2672; x_wconf 87' lang='lat' dir='ltr'><strong>necessitate</strong></span> <span class='ocrx_word' id='word_1_255' title='bbox 980 2614 1027 2673; x_wconf 83' lang='lat' dir='ltr'><strong>vel</strong></span> <span class='ocrx_word' id='word_1_256' title='bbox 1047 2632 1127 2675; x_wconf 87' lang='lat' dir='ltr'><strong>corn·</strong></span> 
     </span>
     <span class='ocr_line' id='line_1_31' title="bbox 122 2696 1127 2776; baseline -0.002 -15"><span class='ocrx_word' id='word_1_257' title='bbox 122 2698 267 2761; x_wconf 89' lang='lat' dir='ltr'><strong>moditate</strong></span> <span class='ocrx_word' id='word_1_258' title='bbox 279 2700 475 2759; x_wconf 80' lang='lat' dir='ltr'><strong>Ecclesiarum</strong></span> <span class='ocrx_word' id='word_1_259' title='bbox 495 2717 616 2759; x_wconf 91' lang='lat' dir='ltr'><strong>suarum</strong></span> <span class='ocrx_word' id='word_1_260' title='bbox 630 2706 753 2775; x_wconf 91' lang='lat' dir='ltr'><strong>possunt</strong></span> <span class='ocrx_word' id='word_1_261' title='bbox 769 2697 902 2776; x_wconf 91' lang='lat' dir='ltr'><strong>Episcopi</strong></span> <span class='ocrx_word' id='word_1_262' title='bbox 917 2696 1055 2756; x_wconf 89' lang='lat' dir='ltr'><strong>ordinare</strong></span> <span class='ocrx_word' id='word_1_263' title='bbox 1074 2717 1127 2759; x_wconf 89' lang='lat' dir='ltr'><strong>sac·</strong></span> 
     </span>
     <span class='ocr_line' id='line_1_32' title="bbox 120 2781 1126 2862; baseline -0.001 -17"><span class='ocrx_word' id='word_1_264' title='bbox 120 2786 234 2854; x_wconf 85' lang='lat' dir='ltr'><strong>coleres</strong></span> <span class='ocrx_word' id='word_1_265' title='bbox 246 2792 281 2843; x_wconf 89' lang='lat' dir='ltr'><strong>ut</strong></span> <span class='ocrx_word' id='word_1_266' title='bbox 293 2784 456 2862; x_wconf 75' lang='lat' dir='ltr'><strong>praescribit</strong></span> <span class='ocrx_word' id='word_1_267' title='bbox 469 2783 552 2843; x_wconf 86' lang='lat' dir='ltr'><strong>Trid.</strong></span> <span class='ocrx_word' id='word_1_268' title='bbox 569 2800 640 2847; x_wconf 87' lang='lat' dir='ltr'><strong>sess.</strong></span> <span class='ocrx_word' id='word_1_269' title='bbox 657 2784 706 2843; x_wconf 82' lang='grc'><strong>71.</strong></span> <span class='ocrx_word' id='word_1_270' title='bbox 721 2798 746 2841; x_wconf 88' lang='lat' dir='ltr'><strong>e.</strong></span> <span class='ocrx_word' id='word_1_271' title='bbox 761 2782 790 2842; x_wconf 78' lang='grc'><strong>7.</strong></span> <span class='ocrx_word' id='word_1_272' title='bbox 805 2781 1016 2861; x_wconf 89' lang='lat' dir='ltr'><strong>patrimonium</strong></span> <span class='ocrx_word' id='word_1_273' title='bbox 1029 2791 1126 2844; x_wconf 85' lang='lat' dir='ltr'><strong>autam</strong></span> 
     </span>
     <span class='ocr_line' id='line_1_33' title="bbox 121 2867 1126 2947; baseline -0.004 -14"><span class='ocrx_word' id='word_1_274' title='bbox 121 2870 260 2933; x_wconf 87' lang='lat' dir='ltr'><strong>constitui</strong></span> <span class='ocrx_word' id='word_1_275' title='bbox 281 2869 369 2929; x_wconf 89' lang='lat' dir='ltr'><strong>debet</strong></span> <span class='ocrx_word' id='word_1_276' title='bbox 386 2886 475 2947; x_wconf 89' lang='lat' dir='ltr'><strong>super</strong></span> <span class='ocrx_word' id='word_1_277' title='bbox 494 2886 528 2929; x_wconf 88' lang='lat' dir='ltr'><strong>re</strong></span> <span class='ocrx_word' id='word_1_278' title='bbox 544 2877 643 2940; x_wconf 86' lang='lat' dir='ltr'><strong>certa,</strong></span> <span class='ocrx_word' id='word_1_279' title='bbox 663 2878 694 2928; x_wconf 88' lang='lat' dir='ltr'><strong>ct</strong></span> <span class='ocrx_word' id='word_1_280' title='bbox 712 2867 825 2946; x_wconf 90' lang='lat' dir='ltr'><strong>stabili,</strong></span> <span class='ocrx_word' id='word_1_281' title='bbox 841 2887 873 2928; x_wconf 91' lang='lat' dir='ltr'><strong>ac</strong></span> <span class='ocrx_word' id='word_1_282' title='bbox 891 2868 929 2928; x_wconf 86' lang='lat' dir='ltr'><strong>da</strong></span> <span class='ocrx_word' id='word_1_283' title='bbox 950 2885 1001 2927; x_wconf 91' lang='lat' dir='ltr'><strong>sua</strong></span> <span class='ocrx_word' id='word_1_284' title='bbox 1023 2877 1126 2929; x_wconf 89' lang='lat' dir='ltr'><strong>natura</strong></span> 
     </span>
     <span class='ocr_line' id='line_1_34' title="bbox 121 2950 1126 3034; baseline -0.006 -15"><span class='ocrx_word' id='word_1_285' title='bbox 121 2955 283 3034; x_wconf 78' lang='lat' dir='ltr'><strong>frugifera,</strong></span> <span class='ocrx_word' id='word_1_286' title='bbox 300 2952 420 3032; x_wconf 77' lang='lat' dir='ltr'><strong>pacified</strong></span> <span class='ocrx_word' id='word_1_287' title='bbox 433 2971 578 3031; x_wconf 87' lang='lat' dir='ltr'><strong>possessa,</strong></span> <span class='ocrx_word' id='word_1_288' title='bbox 591 2963 622 3015; x_wconf 90' lang='lat' dir='ltr'><strong>ct</strong></span> <span class='ocrx_word' id='word_1_289' title='bbox 641 2954 733 3015; x_wconf 90' lang='lat' dir='ltr'><strong>libera</strong></span> <span class='ocrx_word' id='word_1_290' title='bbox 751 2953 788 3014; x_wconf 90' lang='lat' dir='ltr'><strong>ab</strong></span> <span class='ocrx_word' id='word_1_291' title='bbox 804 2953 886 3014; x_wconf 90' lang='lat' dir='ltr'><strong>omni</strong></span> <span class='ocrx_word' id='word_1_292' title='bbox 901 2969 999 3013; x_wconf 87' lang='lat' dir='ltr'><strong>onere.</strong></span> <span class='ocrx_word' id='word_1_293' title='bbox 1015 2950 1126 3013; x_wconf 85' lang='lat' dir='ltr'><strong>Sufficit</strong></span> 
     </span>
     <span class='ocr_line' id='line_1_35' title="bbox 122 3033 1125 3118; baseline -0.006 -15"><span class='ocrx_word' id='word_1_294' title='bbox 122 3043 212 3108; x_wconf 85' lang='lat' dir='ltr'><strong>ctiam</strong></span> <span class='ocrx_word' id='word_1_295' title='bbox 227 3057 330 3099; x_wconf 91' lang='lat' dir='ltr'><strong>ecnsus</strong></span> <span class='ocrx_word' id='word_1_296' title='bbox 342 3049 500 3118; x_wconf 88' lang='lat' dir='ltr'><strong>perpetuus</strong></span> <span class='ocrx_word' id='word_1_297' title='bbox 513 3040 668 3118; x_wconf 84' lang='lat' dir='ltr'><strong>,quamvis</strong></span> <span class='ocrx_word' id='word_1_298' title='bbox 679 3038 718 3099; x_wconf 90' lang='lat' dir='ltr'><strong>sit</strong></span> <span class='ocrx_word' id='word_1_299' title='bbox 728 3033 944 3115; x_wconf 74' lang='lat' dir='ltr'><strong>redimibilisil.</strong></span> <span class='ocrx_word' id='word_1_300' title='bbox 956 3054 980 3097; x_wconf 88' lang='lat' dir='ltr'><strong>e.</strong></span> <span class='ocrx_word' id='word_1_301' title='bbox 993 3036 1125 3117; x_wconf 64' lang='lat' dir='ltr'><strong>neti).</strong></span> 
     </span>
    </p>

    <p class='ocr_par' dir='ltr' id='par_1_7' title="bbox 122 3122 1127 3633">
     <span class='ocr_line' id='line_1_36' title="bbox 162 3122 1124 3199; baseline 0 -14"><span class='ocrx_word' id='word_1_302' title='bbox 162 3127 211 3185; x_wconf 81' lang='grc'><strong>59.</strong></span> <span class='ocrx_word' id='word_1_303' title='bbox 223 3156 262 3169; x_wconf 93' lang='lat'>-</span> <span class='ocrx_word' id='word_1_304' title='bbox 277 3122 330 3183; x_wconf 89' lang='lat' dir='ltr'><strong>llic</strong></span> <span class='ocrx_word' id='word_1_305' title='bbox 348 3133 447 3186; x_wconf 90' lang='lat' dir='ltr'><strong>autem</strong></span> <span class='ocrx_word' id='word_1_306' title='bbox 465 3124 619 3185; x_wconf 90' lang='lat' dir='ltr'><strong>dubitatur</strong></span> <span class='ocrx_word' id='word_1_307' title='bbox 639 3126 670 3183; x_wconf 97' lang='grc'><strong>1.</strong></span> <span class='ocrx_word' id='word_1_308' title='bbox 689 3142 727 3183; x_wconf 89' lang='lat' dir='ltr'><strong>an</strong></span> <span class='ocrx_word' id='word_1_309' title='bbox 741 3124 871 3182; x_wconf 88' lang='lat' dir='ltr'><strong>incurrat</strong></span> <span class='ocrx_word' id='word_1_310' title='bbox 886 3122 1124 3199; x_wconf 84' lang='lat' dir='ltr'><strong>suspensionem,</strong></span> 
     </span>
     <span class='ocr_line' id='line_1_37' title="bbox 122 3206 1126 3291; baseline 0.001 -21"><span class='ocrx_word' id='word_1_311' title='bbox 122 3212 175 3291; x_wconf 89' lang='lat' dir='ltr'><strong>qui</strong></span> <span class='ocrx_word' id='word_1_312' title='bbox 189 3208 343 3269; x_wconf 88' lang='lat' dir='ltr'><strong>ordinatur</strong></span> <span class='ocrx_word' id='word_1_313' title='bbox 354 3226 422 3268; x_wconf 93' lang='lat' dir='ltr'><strong>cum</strong></span> <span class='ocrx_word' id='word_1_314' title='bbox 435 3209 613 3286; x_wconf 92' lang='lat' dir='ltr'><strong>patrimonio</strong></span> <span class='ocrx_word' id='word_1_315' title='bbox 624 3209 704 3269; x_wconf 85' lang='lat' dir='ltr'><strong>ficto.</strong></span> <span class='ocrx_word' id='word_1_316' title='bbox 719 3208 777 3268; x_wconf 81' lang='lat' dir='ltr'><strong>Alii</strong></span> <span class='ocrx_word' id='word_1_317' title='bbox 796 3206 987 3284; x_wconf 89' lang='lat' dir='ltr'><strong>probabiliter</strong></span> <span class='ocrx_word' id='word_1_318' title='bbox 999 3220 1126 3289; x_wconf 79' lang='lat' dir='ltr'><strong>negant3</strong></span> 
     </span>
     <span class='ocr_line' id='line_1_38' title="bbox 122 3292 1126 3371; baseline 0.001 -15"><span class='ocrx_word' id='word_1_319' title='bbox 122 3296 175 3356; x_wconf 91' lang='lat' dir='ltr'><strong>sod</strong></span> <span class='ocrx_word' id='word_1_320' title='bbox 196 3292 378 3371; x_wconf 85' lang='lat' dir='ltr'><strong>probabiliirs</strong></span> <span class='ocrx_word' id='word_1_321' title='bbox 397 3294 446 3353; x_wconf 88' lang='lat' dir='ltr'><strong>alii</strong></span> <span class='ocrx_word' id='word_1_322' title='bbox 466 3294 630 3370; x_wconf 83' lang='lat' dir='ltr'><strong>affirmant;</strong></span> <span class='ocrx_word' id='word_1_323' title='bbox 644 3292 734 3371; x_wconf 88' lang='lat' dir='ltr'><strong>idque</strong></span> <span class='ocrx_word' id='word_1_324' title='bbox 752 3301 865 3351; x_wconf 89' lang='lat' dir='ltr'><strong>certum</strong></span> <span class='ocrx_word' id='word_1_325' title='bbox 888 3300 931 3351; x_wconf 90' lang='lat' dir='ltr'><strong>est</strong></span> <span class='ocrx_word' id='word_1_326' title='bbox 955 3292 987 3354; x_wconf 92' lang='lat' dir='ltr'><strong>in</strong></span> <span class='ocrx_word' id='word_1_327' title='bbox 1010 3295 1126 3357; x_wconf 82' lang='lat' dir='ltr'><strong>dioecesi</strong></span> 
     </span>
     <span class='ocr_line' id='line_1_39' title="bbox 122 3374 1126 3457; baseline -0.004 -14"><span class='ocrx_word' id='word_1_328' title='bbox 122 3376 314 3456; x_wconf 82' lang='lat' dir='ltr'><strong>Neapolitana</strong></span> <span class='ocrx_word' id='word_1_329' title='bbox 329 3375 363 3457; x_wconf 86' lang='lat' dir='ltr'><strong>(l.</strong></span> <span class='ocrx_word' id='word_1_330' title='bbox 379 3380 410 3439; x_wconf 86' lang='grc'><strong>6.</strong></span> <span class='ocrx_word' id='word_1_331' title='bbox 426 3396 460 3437; x_wconf 91' lang='lat' dir='ltr'><strong>n.</strong></span> <span class='ocrx_word' id='word_1_332' title='bbox 472 3381 538 3439; x_wconf 63' lang='lat'><strong>820.</strong></span> <span class='ocrx_word' id='word_1_333' title='bbox 549 3387 578 3439; x_wconf 89' lang='lat' dir='ltr'><strong>et</strong></span> <span class='ocrx_word' id='word_1_334' title='bbox 589 3376 681 3454; x_wconf 73' lang='grc'><strong>821.)</strong></span> <span class='ocrx_word' id='word_1_335' title='bbox 695 3376 797 3435; x_wconf 89' lang='lat' dir='ltr'><strong>Dubit.</strong></span> <span class='ocrx_word' id='word_1_336' title='bbox 819 3378 848 3437; x_wconf 76' lang='lat'><strong>2.</strong></span> <span class='ocrx_word' id='word_1_337' title='bbox 858 3374 940 3453; x_wconf 83' lang='lat' dir='ltr'><strong>juxta</strong></span> <span class='ocrx_word' id='word_1_338' title='bbox 958 3379 1126 3457; x_wconf 86' lang='lat' dir='ltr'><strong>praedictam</strong></span> 
     </span>
     <span class='ocr_line' id='line_1_40' title="bbox 123 3462 1127 3546; baseline -0.004 -21"><span class='ocrx_word' id='word_1_339' title='bbox 123 3462 354 3546; x_wconf 89' lang='lat' dir='ltr'><strong>probabiliorem</strong></span> <span class='ocrx_word' id='word_1_340' title='bbox 373 3465 569 3536; x_wconf 89' lang='lat' dir='ltr'><strong>sententiam,</strong></span> <span class='ocrx_word' id='word_1_341' title='bbox 586 3482 625 3522; x_wconf 89' lang='lat' dir='ltr'><strong>an</strong></span> <span class='ocrx_word' id='word_1_342' title='bbox 645 3463 777 3521; x_wconf 88' lang='lat' dir='ltr'><strong>incurrat</strong></span> <span class='ocrx_word' id='word_1_343' title='bbox 798 3462 887 3524; x_wconf 89' lang='lat' dir='ltr'><strong>etiam</strong></span> <span class='ocrx_word' id='word_1_344' title='bbox 907 3463 1127 3541; x_wconf 81' lang='lat' dir='ltr'><strong>suspensionem</strong></span> 
     </span>
     <span class='ocr_line' id='line_1_41' title="bbox 126 3542 1127 3633; baseline -0.005 -24"><span class='ocrx_word' id='word_1_345' title='bbox 126 3549 177 3633; x_wconf 76' lang='lat' dir='ltr'><strong>qui</strong></span> <span class='ocrx_word' id='word_1_346' title='bbox 196 3546 351 3609; x_wconf 85' lang='lat' dir='ltr'><strong>ordinator</strong></span> <span class='ocrx_word' id='word_1_347' title='bbox 368 3565 436 3608; x_wconf 89' lang='lat' dir='ltr'><strong>cum</strong></span> <span class='ocrx_word' id='word_1_348' title='bbox 456 3546 636 3625; x_wconf 90' lang='lat' dir='ltr'><strong>patrimonio</strong></span> <span class='ocrx_word' id='word_1_349' title='bbox 656 3542 727 3606; x_wconf 80' lang='lat' dir='ltr'><strong>verd</strong></span> <span class='ocrx_word' id='word_1_350' title='bbox 745 3546 852 3609; x_wconf 89' lang='lat' dir='ltr'><strong>donato</strong></span> <span class='ocrx_word' id='word_1_351' title='bbox 865 3591 873 3621; x_wconf 87' lang='lat'><strong>,</strong></span> <span class='ocrx_word' id='word_1_352' title='bbox 887 3546 939 3608; x_wconf 87' lang='lat' dir='ltr'><strong>sed</strong></span> <span class='ocrx_word' id='word_1_353' title='bbox 959 3546 1026 3604; x_wconf 83' lang='lat' dir='ltr'><strong>dati</strong></span> <span class='ocrx_word' id='word_1_354' title='bbox 1046 3555 1127 3605; x_wconf 80' lang='lat' dir='ltr'><strong>anta-</strong></span> 
     </span>
    </p>
   </div>
   <div class='ocr_carea' id='block_1_5' title="bbox 0 0 1242 3975">
    <p class='ocr_par' dir='ltr' id='par_1_8' title="bbox 0 0 1242 3975">
     <span class='ocr_line' id='line_1_42' title="bbox 0 0 1242 3975; baseline 0 0"><span class='ocrx_word' id='word_1_355' title='bbox 0 0 1242 3975; x_wconf 95' lang='lat' dir='ltr'><strong> </strong></span> 
     </span>
    </p>
   </div>
  </div>
 </body>
</html>
