2475 3975
357 223 407 281 Ea
422 218 556 300 operibus
567 217 721 281 Benedicti
734 222 767 282 X
767 223 785 281 1
791 222 824 283 V.
1040 226 1098 285 stt

88 316 133 379 dis
145 317 271 397 juribus.
296 320 421 380 Roman.
441 320 551 380 Pontii.
574 319 662 381 unice
681 320 935 399 competentibus,
950 322 1023 385 naim
1042 327 1101 388 100

87 403 125 462 nd
138 402 239 466 minias
254 421 402 464 annorum
426 405 554 481 spatium
568 404 633 465 sine
652 404 713 465 utta
731 404 952 483 interruptione
965 427 1101 485 perseve-

86 488 210 549 raverit.
236 487 490 550 Considerandum
515 489 640 567 insuper
661 497 691 549 et
714 488 922 567 potissimum,
946 489 1019 552 ndm
1046 513 1100 572 per

89 589 155 632 eam
173 572 417 635 consuetudinem
438 572 648 655 disrumpatur
664 590 773 635 amous
792 570 990 637 ecclesiastiae
1011 575 1100 639 disei-

87 654 181 735 pb‘nae
192 681 203 717 .·
215 666 287 719 tune
304 659 384 719 emm
398 676 561 737 numquam
580 668 681 721 contra
694 659 789 737 legem
801 660 1013 738 praescribitur.
1027 664 1097 740 Cap.

91 741 165 801 Cum
190 740 287 820 inter,
304 741 339 804 de
353 750 482 804 mosuet.
500 745 598 805 'ri-aet.
614 742 730 822 deSyn.
746 743 833 804 dioec.
853 744 876 802 1.
887 746 917 804 9.
932 764 959 804 c.
973 746 1004 805 2.
1025 748 1097 807 1ιό.

127 827 163 887 in
184 829 342 888 contractis
360 828 558 889 matrimoniis
587 846 644 907 pro
666 846 770 889 eorum
798 830 1010 892 ravalidatione
1038 850 1098 892 non

90 909 239 990 dispensat
253 913 284 972 S.
297 913 517 974 Poenitentiaria
534 913 566 972 in
585 911 727 990 gradibus
739 913 877 989 primoet
890 916 1101 977 seeundo-eon·

86 996 293 1074 sanguinitatis
315 998 363 1056 vel
381 996 530 1057 affinitatis
548 1014 585 1057 ex
600 997 706 1075 copula
726 998 826 1072 liciti,
842 998 900 1057 nisi
914 998 990 1059 forte
1011 1000 1042 1059 in
1054 1018 1100 1061 se·

87 1080 185 1141 cundo
196 1080 288 1159 gradu
303 1099 357 1160 por
367 1081 670 1142 decenniumdurarit
680 1083 830 1143 oecultum
840 1082 1098 1162 impedimentum,

86 1172 118 1229 ct
129 1164 269 1245 conjuges
280 1175 314 1226 ut
334 1166 602 1246 legitimireputati
620 1167 743 1228 inerint.
758 1169 793 1227 ln
816 1168 940 1245 reliquis
955 1167 1027 1228 verb
1040 1168 1100 1229 dis·

87 1259 213 1327 pensat,
227 1251 302 1310 sieut
317 1250 349 1309 in
364 1250 504 1328 gradibus
520 1259 549 1311 et
565 1252 678 1325 tortio,
694 1261 724 1313 et
736 1260 843 1329 quarto
857 1252 984 1330 publicis
999 1253 1101 1313 revali-

87 1334 140 1392 dat
151 1335 342 1395 matrimonia
360 1352 397 1393 ex
419 1336 504 1395 causa
523 1335 636 1395 occulti
654 1335 854 1415 subreptionis
869 1344 900 1396 et
919 1336 1101 1413 obreptionis

85 1416 255 1479 litterarum
267 1419 504 1497 Apostolioarum
531 1420 654 1481 nulliter
679 1426 847 1492 eontracta,
868 1421 925 1480 nisi
943 1421 967 1480 si
992 1421 1100 1481 falsitas

87 1502 227 1563 consistat
240 1504 275 1565 in
295 1504 464 1565 narratione
474 1505 546 1565 falsa
558 1504 750 1584 praecedentis
760 1506 883 1585 oopulm.
898 1505 981 1567 Bulla
990 1508 1101 1567 Pastor

89 1585 196 1648 bonus.
211 1589 285 1649 Vide
297 1590 367 1649 inst.
378 1590 486 1650 Eccles.
502 1591 552 1650 87.

127 1670 158 1730 Si
176 1672 208 1732 in
225 1674 441 1752 dispensatione
458 1673 474 1732 b
491 1675 611 1735 Datariai
627 1675 748 1737 obtenta
767 1675 865 1753 quoad
877 1674 986 1753 gradus
1000 1672 1101 1753 prohi-

89 1754 168 1815 bitos
191 1759 350 1817 reticeatur
366 1759 470 1836 copula
487 1776 523 1817 ex
540 1760 625 1818 eausa
646 1760 796 1830 infamiae,
816 1770 888 1819 tune
911 1760 1100 1819 saoraPoeni-

89 1842 227 1902 tentiaria
247 1842 397 1919 dispensat
410 1843 442 1901 in
458 1842 650 1903 matrimonio
659 1842 860 1903 contrahendo
871 1886 879 1913 ,
892 1849 922 1902 et
933 1844 1021 1903 etiam
1034 1862 1100 1903 eon·

88 1934 203 1997 tracto,
220 1934 249 1986 at
261 1924 329 1988 ciam
349 1928 447 2004 agitur
463 1925 610 2004 deprimo
623 1926 828 1986 insecundum
846 1926 991 2004 madum,
1009 1928 1100 2005 exigit

90 2014 334 2091 compositionem
364 2015 402 2075 50
417 2012 592 2073 ducatorum
618 2013 683 2072 auri
701 2011 739 2071 de
760 2012 903 2085 Camers,
931 2014 989 2073 nisi
1007 2015 1099 2091 gratia

88 2103 173 2182 prior
189 2105 279 2166 inerit
292 2104 427 2183 expedita
447 2104 589 2164 informi
605 2121 782 2182 pauperum.
798 2102 917 2184 ttius.
931 2105 980 2164 tt.

130 2191 162 2251 Si
182 2191 214 2251 in
232 2189 607 2272 dispensationotuaurta
628 2190 719 2267 petita
741 2189 772 2249 in
792 2189 1018 2268 impedimentis
1034 2207 1100 2268 gra·

77 2278 184 2337 duum
200 2295 333 2355 expressa
354 2277 444 2337 fuerit
463 2275 590 2354 copula,
613 2273 700 2335 taciti
719 2282 819 2336 tamen
839 2275 916 2336 mali
936 2277 1100 2338 intentione

89 2359 204 2423 ttcitits
219 2362 388 2422 obtinendae
411 2360 662 2439 dispensationis,
687 2366 759 2420 tune
776 2359 800 2419 si
818 2360 894 2420 mala
912 2360 1038 2420 intentio
1063 2363 1100 2422 sit

90 2446 226 2520 occulta,
243 2447 393 2526 dispensat
404 2446 435 2506 S.
446 2445 667 2506 Poenitentiaria
679 2459 747 2504 eum
764 2445 981 2524 miserabilibus
1000 2463 1100 2522 perso·

91 2534 139 2592 nis
155 2531 302 2603 absolute,
315 2550 383 2593 eum
391 2531 514 2610 reliquis
523 2531 593 2590 taxi
602 2529 735 2591 definita.
747 2531 778 2590 Si
791 2529 863 2590 verb
885 2531 987 2608 copula
1000 2529 1100 2592 habita

89 2618 181 2678 inerit
196 2619 357 2687 affinitate,
371 2634 423 2676 seu
433 2618 687 2694 consanguinitate
697 2615 876 2691 nonagnitci,
891 2623 964 2674 tune
975 2633 1030 2693 pro
1041 2614 1102 2674 dis·

89 2704 312 2782 pensationibus
339 2711 470 2764 nonest
499 2699 663 2762 necessario
685 2698 892 2778 exprimenda.
917 2700 991 2760 lust.
1020 2700 1100 2762 End.

92 2791 144 2849 at.
160 2808 192 2849 n.
209 2791 259 2848 at.

129 2875 165 2934 in
177 2871 396 2951 impedimentis
405 2871 527 2933 occultis
535 2871 684 2932 affinitatis
692 2889 728 2931 ex
740 2869 844 2950 copuld
852 2868 969 2939 illicita,
982 2868 1102 2930 absente

28 3005 32 3012 .
90 2959 182 3020 ctiam
205 2957 337 3037 periculo
363 2958 567 3018 scandalorum
589 2958 622 3017 in
650 2964 820 3028 contracto,
844 2963 875 3015 et
898 2952 1100 3016 contrahendo

91 3043 301 3116 matrimonio,
322 3044 354 3102 in
376 3042 441 3104 soro
458 3041 645 3103 eonscientiae
664 3040 828 3117 dispensat.

129 3128 285 3206 Dispensat
299 3127 388 3188 etiam
405 3128 437 3186 in
455 3125 671 3205 impedimento
694 3123 828 3184 criminis
852 3130 914 3182 tam
939 3139 995 3201 pro
1031 3140 1102 3182 oon·

91 3220 203 3284 tracto,
221 3210 310 3290 quiam
329 3229 384 3289 pro
403 3208 624 3281 contrahendo,
638 3208 692 3270 ubi
711 3209 793 3269 nulla
812 3206 893 3267 adest
911 3206 1100 3271 machinatio.

91 3297 192 3358 Potest
208 3298 298 3356 etiam
313 3295 503 3375 dispensare,
520 3292 639 3373 quaudo
657 3293 756 3373 agitur
769 3292 806 3352 de
821 3289 1045 3352 machinatione
1065 3307 1101 3348 ex

91 3391 176 3462 parte
186 3380 303 3442 tantiam
321 3381 510 3458 alterutrius3
524 3379 555 3440 id
568 3388 668 3458 tamen
685 3375 781 3438 raribs
798 3384 926 3454 praestat.
947 3376 992 3434 lb.
1011 3392 1042 3432 n.
1055 3375 1102 3434 dd.

132 3470 168 3529 lu
187 3467 406 3547 impedimentis
422 3465 570 3543 dispensat
595 3464 685 3522 etiam
717 3462 742 3522 si
772 3461 882 3522 inerint
909 3457 1101 3533 multiplicia,

91 3563 170 3618 siout
181 3562 212 3615 ot
229 3555 378 3633 dispensat
388 3551 494 3613 iniero
511 3549 697 3610 eonscientiae
708 3565 762 3624 pro
773 3545 988 3623 legitimatione
1000 3541 1102 3618 prolis,

93 3640 150 3702 nisi
165 3639 214 3701 itta
228 3646 368 3717 concepta
392 3634 523 3699 fueritin
540 3630 699 3695 adulterio.
715 3631 760 3692 ib.
775 3647 808 3692 n.
822 3629 917 3766 iii-59
