2475 3975
320 148 545 279 'eaopaun
558 196 809 263 aeneatorum.
1025 206 1082 269 saa

77 296 199 379 longum
213 303 329 378 tempus
340 299 524 370 introducti,
541 300 610 361 crim
627 302 668 361 ob
684 302 868 380 singulorum
880 303 1083 381 juramentum

78 386 260 446 consuetudo
281 386 335 445 ista
354 384 453 445 induci
472 402 533 444 non
554 386 695 463 potuerit.
717 386 831 445 Sufficit
851 396 951 449 tamen
972 392 996 450 si
1019 410 1082 452 me-

77 466 160 527 dicus
175 468 205 529 id
217 475 335 529 moneat
344 486 398 546 per
408 469 500 529 alium
510 469 609 529 virum
621 486 752 548 marem.
764 471 837 531 inst.
845 473 920 532 Ecel.
932 475 981 534 22.
992 493 1023 534 n.
1032 477 1080 535 16.

115 554 183 612 Non
203 561 301 613 umen
317 562 456 613 tenentur
475 552 530 613 sub
549 554 632 632 gravi
654 554 776 615 monere
796 565 940 633 egrotum
957 558 988 618 in
1009 577 1083 637 quc·

78 654 205 714 eumque
224 637 351 709 morbo,
372 637 423 697 sed
445 636 562 715 quando
585 638 625 697 ita
648 638 747 717 aliquo
773 640 879 702 morbo
902 642 1081 721 corripitur,

78 730 113 782 ut
125 723 243 783 attentis
252 722 390 783 omnibus
398 721 525 799 judicari
541 724 651 801 possit,
661 724 826 801 perieulum
840 742 902 785 esse
913 770 921 798 ,
934 733 968 787 ut
981 726 1084 787 evadat

40 805 42 807 ’
79 808 222 867 mortalis.
237 807 314 867 lbid.
328 826 358 867 n.
376 806 593 869 tasonsulttus
603 818 647 867 est
661 818 772 879 tamen,
785 818 818 869 ut
830 820 1084 891 moneaturoegro-

79 900 149 963 tus,
169 892 281 975 etiamsi
299 909 359 951 non
379 892 519 951 timeatur
538 892 706 969 periculum
729 892 1017 957 bluotmanat.

115 975 147 1035 si
168 984 267 1035 tamen
280 983 408 1055 egrotum
419 983 527 1036 renuat
543 975 770 1046 consessionem,
783 984 812 1036 et
826 979 947 1039 morbus
958 981 998 1040 sit
1009 978 1082 1043 adei

76 1060 272 1139 periculosus,
287 1070 320 1119 ut
330 1058 489 1119 desertusi
503 1059 616 1120 medico
628 1060 794 1122 timendum
806 1063 861 1133 sit,
872 1063 1081 1137 nemoriatur,

78 1146 186 1206 docent
197 1156 267 1205 tunc
276 1143 417 1225 'theologi
431 1145 626 1205 deserendum
638 1144 654 1206 b
668 1146 781 1207 medico
795 1164 855 1207 non
869 1165 931 1207 esse
945 1165 984 1208 ne
997 1166 1085 1225 egro·

76 1239 125 1289 tus
137 1231 253 1291 amittat
264 1246 347 1310 spem
358 1230 491 1291 sanitatis
502 1232 726 1309 recuperandae,
738 1232 870 1311 adeoque
883 1230 1082 1311 resipiscendi.

77 1315 155 1376 Ibid.
172 1334 203 1375 n.
218 1316 266 1374 17.

114 1399 193 1459 Laic'i
214 1407 309 1459 artem
334 1398 503 1475 medicem,
537 1399 585 1460 rei
616 1398 815 1478 chirurgicum
845 1406 1013 1462 exercentes
1048 1391 1084 1463 aa
1120 1389 1124 1405 ”

76 1484 249 1565 prescripto
263 1502 324 1545 sue
348 1485 437 1555 artis,
459 1485 573 1547 etiamsi
590 1486 697 1564 aliquis
712 1495 839 1564 aegrotus
865 1488 996 1559 obierit,
1022 1505 1084 1549 non

74 1580 176 1631 tamen
187 1570 343 1630 incurrunt
355 1570 602 1647 irregularitatem
608 1580 747 1646 ,attamen
761 1570 802 1632 ad
810 1570 955 1633 cautelam
967 1580 1083 1651 petunt,

75 1664 105 1716 ct
125 1655 259 1715 obtinent
277 1654 545 1734 dispensationem,
558 1655 583 1714 si
605 1654 774 1733 promoveri
792 1654 828 1715 ad
855 1656 976 1717 ordines
987 1674 1083 1718 sacros

75 1739 245 1819 postulant,
263 1747 393 1797 attamen
407 1736 554 1813 ejusmodi
578 1740 683 1798 Brevin
704 1756 765 1801 uon
785 1740 1008 1814 conceduntur,
1026 1742 1083 1801 uisi

76 1819 160 1901 priris
177 1822 277 1881 audito
291 1822 456 1899 Episcopo,
480 1822 529 1880 eui
546 1820 738 1897 injungitur,
766 1829 803 1880 ut
827 1822 961 1884 distincti
977 1823 1084 1885 referat

77 1924 159 1967 casus
178 1922 281 1967 omnes
303 1903 557 1964 animadversione
586 1904 719 1983 dignos,
740 1922 902 1984 certamque
925 1908 1085 1983 peculiares

76 1990 330 2062 circumstantias,
354 1988 503 2067 simulque
522 1999 649 2070 exponat
665 2033 674 2062 ‚
691 1989 775 2067 cnjus
800 1992 843 2051 rei
862 1991 958 2070 gratia
987 2001 1085 2053 orator

76 2076 114 2136 ad
133 2075 251 2138 ordines
268 2092 365 2136 sacros
386 2075 554 2154 promoveri
575 2082 685 2154 poseat.
709 2077 754 2136 De
781 2075 853 2154 Syn.
870 2075 956 2138 dioec.
984 2076 1006 2136 l.
1034 2077 1082 2136 15.

78 2179 105 2220 c.
123 2162 172 2222 10.
189 2179 220 2221 ιι.
237 2162 266 2222 i·
796 2203 800 2210 -

114 2247 216 2307 Sacros
240 2246 312 2308 verb
339 2245 466 2307 ordines
477 2244 539 2324 jam
557 2245 749 2318 obtinentes,
771 2247 818 2316 vei
841 2245 931 2307 etiam
957 2247 1085 2308 minores

76 2350 144 2395 cum
161 2332 352 2394 ecclesiastico
370 2331 535 2404 beneficio,
558 2349 595 2391 en
622 2333 794 2411 prescripto
814 2336 966 2392 sacrorum
991 2334 1086 2394 Cauo-

76 2437 150 2479 num
172 2417 333 2480 neccssaria
354 2417 465 2478 debent
483 2428 585 2496 petere
600 2415 772 2491 indultum,
787 2419 812 2478 si
830 2417 968 2480 medendi
992 2426 1086 2478 artem

75 2505 169 2564 velint
194 2503 339 2564 exercere.
368 2504 429 2564 Hoc
452 2501 526 2565 verb
550 2501 703 2563 indultum
733 2521 793 2564 nou
827 2503 1001 2574 obtinetur,
1027 2502 1085 2563 nisi

75 2588 205 2668 exposita
231 2587 338 2658 causi,
366 2603 473 2666 nempe
497 2586 578 2665 quod
601 2588 700 2660 locus,
716 2587 748 2646 in
775 2603 834 2666 quo
857 2597 958 2648 orator
980 2587 1085 2666 degit,

74 2682 106 2733 ct
134 2672 269 2753 profiteri
290 2674 394 2750 cupit,
417 2672 464 2731 vel
488 2674 527 2732 sit
555 2671 631 2750 pene
654 2672 834 2746 destitutus,
861 2671 909 2730 vei
935 2672 1086 2730 nonsatis

74 2758 118 2818 ilii
143 2757 296 2836 provisum
315 2759 353 2816 sit
372 2775 407 2816 er
424 2756 539 2817 medico
561 2757 657 2827 laico,
677 2756 724 2815 vel
743 2754 872 2833 denique
889 2753 954 2831 ejus
975 2754 1084 2814 familia

75 2851 166 2922 tantae
186 2843 226 2904 sit
240 2843 395 2920 egestatis,
412 2850 447 2903 ut
461 2841 677 2921 providendum
695 2841 737 2900 illi
760 2840 799 2901 sit
811 2858 848 2902 ex
869 2839 992 2903 honesto
1003 2839 1086 2901 luero

75 2947 112 2990 ex
128 2937 192 2989 arte
207 2926 320 2988 medici
333 2927 534 3006 percipiendo.
546 2926 623 2987 Ibid.
639 2944 722 2986 num.
747 2926 777 2986 6.

114 3013 272 3091 Regulares
293 3011 364 3074 verb
384 3013 415 3070 in
435 3011 623 3072 missionibus
646 3019 763 3088 agentes
789 3008 944 3088 privilegio
973 3006 1087 3070 donan·
1151 3057 1153 3060 .

75 3107 144 3171 tur,
165 3097 291 3158 exbuild
307 3094 494 3177 potissimdm
507 3093 661 3157 Clementia
676 3097 753 3156 XII.
773 3092 932 3153 Gemiieut
944 3137 951 3166 ,
964 3100 999 3151 ut
1021 3111 1087 3170 pos·

75 3184 137 3252 sint
153 3181 290 3241 exercere
300 3191 395 3241 artem
414 3178 570 3240 medicam.
589 3181 652 3240 Hoc
672 3185 770 3240 tamen
784 3177 938 3256 privilegio
954 3176 1012 3238 irui
1026 3194 1087 3237 non

75 3274 199 3347 possunt
210 3309 219 3338 ,
230 3267 286 3326 nisi
292 3266 331 3324 in
345 3264 379 3324 et
390 3272 454 3326 arte
465 3264 526 3324 sint
536 3265 625 3344 periti
640 3307 648 3336 ,
662 3271 692 3324 et
704 3261 794 3342 gratis
813 3260 942 3322 remedia
955 3261 1087 3344 prescri-

75 3351 171 3424 bant,
189 3369 223 3411 ae
237 3351 357 3412 undem
375 3347 542 3411 abstineant
562 3349 600 3411 ab
615 3345 766 3410 'incisione
788 3355 818 3408 et
839 3346 1005 3408 adustione.
1029 3345 1086 3402 De·

75 3437 168 3514 nique
190 3436 373 3514 requiritur,
388 3441 423 3494 ut
446 3451 507 3496 non
525 3434 624 3495 adsint
638 3434 744 3494 medici
765 3431 833 3494 laici
846 3453 856 3510 ς
869 3431 917 3491 vei
939 3429 999 3488 sint
1019 3424 1086 3501 qui·

76 3519 167 3592 dem,
188 3527 220 3580 at
231 3518 361 3580 haeretici
375 3563 383 3590 ,
396 3520 445 3579 vet
465 3516 592 3594 hebrai,
610 3525 645 3580 ut
657 3535 694 3579 ex
706 3519 829 3580 Decreta
847 3518 954 3594 Congr-
969 3511 1007 3569 de
1018 3523 1087 3588 pro·

76 3604 211 3686 pagancia
225 3602 294 3667 fide.
314 3601 392 3680 vIbid.
416 3621 448 3664 n.
474 3603 514 3661 7:
