2475 3975
374 178 403 261 S.
416 181 453 241 11.
472 179 558 241 Circa
571 176 677 239 medici
689 174 828 258 officinm.
1064 180 1098 243 ff

126 282 179 345 if.
192 280 322 343 Demdm
336 278 569 342 incumbendum
592 287 638 339 est
650 279 850 358 confessario,
863 286 897 341 ui
920 280 1048 361 applicet
1066 299 1101 343 ea

83 368 238 440 remedia,
254 386 322 447 quoe
342 366 554 445 opportuniora
569 363 716 443 judicabit
735 382 791 443 pro
809 366 904 428 salute
915 368 1097 446 poeuitontis,

82 451 271 531 imponendo
290 451 318 512 ei
343 468 391 511 eas
414 449 625 509 satisfactiones
645 467 712 527 que
730 450 824 527 magis
843 452 1019 512 convenient
1036 453 1100 532 ejus

82 537 214 608 morbo,
236 545 267 597 et
282 554 330 597 eas
344 552 417 614 quas
429 533 594 612 prudenter
611 533 757 612 judicabit
769 533 856 595 iilum
879 535 943 595 fore
960 547 1099 598 excentu-

81 638 168 681 rum.
182 620 363 682 Advertatur
378 618 457 687 hoa,
477 616 557 697 quod
574 616 644 679 licet
663 618 873 679 satisfactiones
889 620 1016 681 debeant
1037 638 1100 682 res·

81 706 219 785 paudere
232 708 326 785 eulpae
338 705 423 785 juxta
442 704 653 764 Tridentinum
673 703 760 783 (Scae.
773 704 822 764 ib.
834 722 859 765 e.
878 705 933 785 8.)‚
952 705 1033 785 quod
1047 706 1100 767 de·

82 790 179 851 clarat
189 793 348 871 participes
362 790 527 850 alienorum
539 798 728 867 peecatorum
739 832 748 859 ‚
761 805 811 849 aas
823 791 1013 851 confessarios
1024 835 1032 863 ‚
1045 789 1103 873 poti

83 872 236 937 lem'asimo
256 873 393 955 quaedam
416 890 506 954 opera
519 890 575 955 pro
592 871 779 953 pravissimis
794 870 1099 957 defictiainjnnpant3

83 958 284 1021 uibssomimis
295 959 383 1037 justis
393 958 430 1019 de
445 958 539 1017 causis
552 966 648 1036 potest
659 956 850 1016 confessarius
863 959 997 1018 minuere
1009 961 1101 1036 poeui·

82 1045 208 1117 renatas,
229 1048 252 1105 si
267 1062 374 1123 nempe
388 1044 536 1123 poenitens
555 1040 784 1119 compunctione
795 1040 961 1103 vehementi
980 1043 1100 1105 aflectus

82 1127 141 1200 sit,
157 1138 208 1190 aut
222 1132 245 1190 si
257 1129 372 1208 jubilaei
383 1174 391 1199 ‚
404 1135 455 1188 aut
470 1126 664 1205 indulgentiae
676 1126 959 1203 plenorioeeurreret
969 1134 1099 1205 tempus,

82 1219 115 1275 et
132 1216 298 1293 praesertim
310 1214 333 1272 si
345 1211 519 1272 infirmitate
535 1210 649 1289 aliqui,
665 1211 728 1270 sive
736 1210 869 1289 eorporis
881 1255 889 1283 ‚
904 1210 967 1271 sire
979 1210 1099 1283 animae,

82 1299 210 1361 laboret.
232 1302 269 1361 Et
296 1298 426 1376 denique
457 1297 510 1373 (ut
534 1298 635 1375 paucis
662 1314 711 1356 me
732 1294 905 1375 expediam)
929 1312 1047 1375 semper
1067 1302 1102 1357 et

82 1384 206 1462 quando
221 1384 352 1463 prudens
373 1384 466 1442 timor
477 1382 612 1441 exoritur
627 1425 635 1452 ‚
652 1379 733 1459 quod
747 1380 809 1457 ipse
819 1380 1101 1459 oomeepondentem

81 1470 180 1547 auipae
203 1470 431 1529 satisfactionem
446 1484 506 1528 non
533 1467 572 1525 sit
590 1466 816 1544 adimpleturus.
838 1466 881 1525 fta
901 1467 1102 1527 communiter

81 1553 193 1614 docent
202 1555 338 1616 doctores
352 1570 420 1613 aum
433 1552 464 1612 S.
483 1548 538 1612 Tb.
553 1548 615 1631 (tit.
632 1554 662 1611 6.
677 1568 709 1610 n.
724 1548 897 1627 tanturn
913 1568 1055 1629 negamus
1066 1552 1100 1613 in

82 1639 264 1700 Tridentino
278 1640 365 1718 (Sese
378 1637 426 1696 fi.
441 1655 466 1695 e.
488 1635 531 1715 8.)
547 1635 669 1706 habiri,
691 1633 887 1712 injungendus
904 1652 967 1695 esse
985 1637 1101 1697 satisfa-

82 1724 197 1785 ctiones
216 1741 272 1804 pro
288 1724 377 1783 modo
397 1722 490 1800 oulpae
504 1743 513 1797 3
528 1722 579 1781 sed
599 1722 708 1781 seimus
728 1720 819 1779 etiam
832 1719 944 1780 ibidem
958 1719 1099 1802 subjungi

83 1826 133 1869 eas
147 1808 256 1870 debdre
273 1824 338 1868 esse
355 1825 409 1888 pro
422 1804 628 1887 poenitentiam
640 1801 783 1885 facultate
794 1801 961 1882 animares,
982 1813 1011 1866 et
1029 1822 1100 1868 con·

84 1894 244 1957 venientes.
262 1890 433 1966 Salutares,
446 1890 592 1951 nimirirm
612 1891 701 1950 soluti
715 1890 925 1969 poenitentium
939 1891 1048 1952 utilesa
1068 1900 1100 1953 et

85 1978 312 2051 conuenientes,
335 1977 597 2055 correspondentes
624 1993 754 2054 nempe,
781 1993 843 2038 non
862 1974 960 2037 solium
979 1978 1097 2057 eulpa,

84 2065 137 2126 sed
155 2065 252 2126 etiam
277 2061 394 2124 viribus
410 2061 591 2140 paenitentis.
612 2061 697 2121 Unde
717 2060 752 2120 fit
778 2079 840 2121 nou
858 2077 921 2121 esse
938 2063 1098 2136 salutares,

85 2167 141 2211 nee
165 2149 378 2210 convenientes
408 2163 476 2218 eas,
506 2146 614 2225 quibus
644 2147 724 2205 vires
753 2145 944 2223 paenitentis,
971 2147 1098 2224 spectati

85 2233 207 2313 spiritis
226 2233 399 2311 debilitate,
424 2249 486 2292 non
510 2239 581 2290 sunt
605 2247 716 2306 parea3
735 2236 808 2287 tune
836 2227 917 2287 euim
939 2227 983 2288 illi
1001 2239 1099 2292 ssent

85 2333 236 2378 venenum
260 2316 382 2396 potitis,
400 2316 490 2395 quim
518 2315 699 2375 remedium.
717 2313 754 2371 Et
773 2311 806 2370 in
828 2309 885 2371 boe
914 2322 1098 2375 sacramento

84 2403 182 2482 potids
192 2402 435 2465 intenditurvitae
446 2401 610 2462 moderatio
622 2445 630 2470 ‚
642 2398 731 2478 quiam
740 2397 912 2459 omnimoda
922 2401 1096 2478 satisfacti03

85 2488 227 2568 idemque
254 2488 372 2549 Rituale
393 2490 479 2549 Rom.
498 2488 555 2566 (De
575 2487 659 2548 Scor.
679 2483 802 2563 Ponit.)
823 2485 864 2545 ait
886 2483 903 2544 b
920 2487 1096 2550 confessario

85 2573 252 2636 habendam
265 2591 329 2635 esse
343 2573 513 2652 poenitcntis
527 2573 685 2633 rationem.
701 2571 733 2630 S.
752 2567 879 2631 Thomas
893 2569 1054 2653 (Supplem.
1063 2590 1096 2655 q.

85 2661 137 2722 f8.
152 2668 212 2720 ort.
227 2657 270 2736 i.)
284 2659 377 2719 dicit:
392 2657 476 2719 Sient
493 2659 560 2740 erpi
573 2654 752 2716 medieas...
777 2671 837 2715 non
849 2653 903 2716 dat
920 2656 1098 2718 medicinam

84 2745 129 2804 ita
149 2741 311 2826 efficacem,
325 2750 361 2804 nt
377 2751 498 2824 propter
516 2737 696 2802 debilitatem
717 2745 836 2799 natnroe
860 2739 961 2821 majac
978 2741 1097 2822 perian-

84 2826 148 2889 inm
159 2830 298 2904 oriatnr3
311 2827 356 2888 ito
369 2825 502 2888 sacerdos
517 2823 619 2886 divino
636 2822 781 2884 instincto
796 2829 893 2885 motois
910 2843 972 2885 non
984 2842 1097 2906 semper

83 2921 322 2994 mammonam,
337 2930 404 2992 qatoe
415 2909 592 2992 nnipecaoto
600 2908 734 2986 debetne,
751 2907 862 2988 ‘aarum
872 2907 1094 2987 neinfirmns...

83 2997 235 3080 desperet,
255 2995 504 3078 etdpoenitentio
528 2991 658 3054 totaliter
667 3013 728 3054 rece
769 3002 790 3053 t.
802 2996 838 3052 iit
860 2989 1093 3072 atibiwoootit.

84 3086 112 3146 5.
126 3091 186 3143 art.
200 3082 265 3160 28.)
278 3105 290 3141 .-
301 3081 385 3142 Sicnt
397 3079 521 3161 cuipam
545 3078 626 3160 ipnis
638 3077 840 3159 entinpnitnr,
861 3079 889 3139 ai
903 3075 1000 3142 muita
1012 3077 1095 3161 liqna

83 3167 390 3250 superimponentnr3
412 3165 457 3226 ita
479 3163 606 3227 accidere
624 3171 736 3246 pateat,
751 3169 788 3222 nt
799 3179 912 3244 pamm
926 3164 1096 3245 penitentie

83 3253 270 3316 contritionis
281 3251 403 3332 affectas
414 3249 726 3334 pondercpoenifcntiae
736 3246 864 3329 deficiat.
879 3251 915 3310 lit
924 3249 1091 3328 subjungite

84 3335 193 3401 Melias
206 3345 251 3399 eat
271 3345 307 3398 nt
326 3337 458 3398 sacedon
477 3333 631 3418 poenitenti
653 3332 761 3394 indicet
785 3341 900 3414 quanta
921 3333 1096 3414 poenitentia

84 3431 155 3486 esset
166 3418 369 3504 mjnnpenda,
385 3429 413 3482 ct
424 3422 566 3504 injampat
576 3417 860 3500 nibilomindspnod
870 3419 1014 3498 poenitens
1027 3417 1095 3481 tolc-

83 3503 218 3570 rabiliter
228 3505 319 3588 [crat.
332 3509 370 3568 Et
379 3507 450 3568 alibi
463 3509 582 3590 (Opaca.
594 3506 644 3565 ot.
658 3503 685 3584 ς.
697 3502 762 3581 inii
776 3502 881 3565 Totins
895 3511 937 3564 cat
948 3506 1096 3584 imponere

83 3595 226 3654 minorem
252 3591 370 3666 debito,
397 3593 485 3672 qndm
510 3589 674 3670 majoram,
697 3589 771 3671 qnia
790 3584 895 3648 ocelim
917 3601 1093 3648 memoror
1191 3655 1198 3660 ,
