2475 3975
153 122 211 183 lm
422 119 537 182 Praxo
556 116 738 199 muscentii.
754 118 828 198 Cap.
839 112 870 178 9.

148 220 311 283 taciendam
334 222 502 283 orationem
523 222 710 291 mentalem,
733 218 845 278 scilicet
866 217 906 277 ad
932 218 1165 283 meditationem

149 307 307 367 veritatum
323 316 502 367 eternorum
516 348 526 377 ‚
539 314 569 365 et
584 303 725 365 bonitatis
737 304 857 364 divine.
870 306 906 363 Et
916 306 1050 383 quamvis
1061 326 1167 369 neees-

148 392 224 451 saria
244 410 304 452 non
321 393 361 452 sit
376 390 413 450 ad
434 398 575 449 eternam
592 388 719 447 salutem
738 387 995 464 consequendam,
1016 391 1096 452 sieut
1117 401 1166 453 est

148 477 307 537 necessaria
321 476 446 555 petiti03
464 470 789 533 nibilominirsridetur
803 471 890 531 valde
909 475 1072 534 necessaria
1092 481 1166 540 ani·

148 562 253 621 mabus
264 606 273 627 .
286 571 320 622 ut
342 562 374 621 in
394 560 446 619 Dei
470 559 565 637 gratia
583 563 783 637 perseverent.
799 559 875 617 Cum
900 559 1025 636 reliquis
1041 562 1168 638 pietatis

148 647 287 725 operibus
302 654 399 725 potest
412 653 565 723 peecatum
578 644 757 717 consistere3
770 642 822 702 sed
833 660 894 703 non
904 653 1028 721 possunt
1037 645 1167 709 cubabi-

148 732 341 801 temeratio,
367 737 399 791 et
427 734 590 806 poecatum.
607 728 715 787 Anima
734 735 787 786 aut
807 726 957 806 relinquet
969 730 1164 805 orationem,

147 825 199 876 ant
219 826 383 895 peecatum.
404 812 527 874 Dicebat
544 814 575 871 S.
596 810 735 871 Tberesia
756 810 939 884 claimant,
952 830 1020 891 quoe
1040 813 1074 874 ia
1089 834 1166 877 ora·

149 896 226 960 tione
234 906 422 981 perseuerat,
435 903 578 977 quotquot
589 890 637 955 tlte·
649 902 768 976 peoeeto
777 903 909 975 opponat
919 894 1075 971 diabolus,
1090 908 1167 961 taa-

147 980 279 1065 derupro
293 993 369 1045 certo
384 980 474 1044 babeo
496 979 658 1061 quodcum
678 979 824 1040 Dominus
846 978 889 1039 nd
907 977 1016 1042 satum
1035 992 1166 1065 portum

147 1067 295 1129 conducet.
308 1070 344 1130 Et
354 1066 421 1128 ided
433 1065 567 1126 diabolus
577 1064 696 1123 nullum
705 1063 787 1122 aliud
795 1065 970 1124 exercitium
980 1074 1041 1126 tam
1050 1072 1166 1145 quaerit

148 1154 314 1231 impedire,
340 1152 429 1230 quam
455 1148 530 1209 illud
553 1149 696 1209 orationis
707 1194 718 1223 ,
737 1150 879 1226 quoniam
896 1193 905 1220 ,
925 1150 1026 1229 inquit
1054 1154 1165 1217 eadem

147 1240 252 1299 Sancta
265 1258 275 1296 ε
290 1238 385 1299 Novit
399 1235 514 1297 ἅεειηοπ
538 1232 621 1313 qudd
637 1236 711 1294 certe
727 1232 845 1295 aurittet
858 1236 993 1297 animum
1010 1254 1079 1317 qum
1089 1259 1166 1324 per·

147 1330 314 1383 secernier
330 1320 474 1383 inrurrrbit
497 1319 638 1380 orationi.
659 1321 803 1379 Praeterea
826 1320 908 1379 solus
928 1339 1014 1380 amor
1041 1328 1165 1404 estqui

148 1408 278 1467 animam
293 1410 356 1468 Deo
370 1405 471 1485 jungit
489 1414 519 1465 ct
532 1406 672 1483 stringit,
689 1404 740 1465 sed
753 1404 856 1464 fornax
867 1406 900 1464 iu
911 1426 969 1483 qua
989 1410 1168 1474 accenditur·

146 1490 266 1551 flamma
280 1493 375 1552 divini
395 1494 505 1550 amoris
515 1501 559 1549 est
574 1492 689 1561 oratio,
709 1508 762 1549 seu
781 1489 958 1551 meditatio:
978 1495 1020 1557 Iu
1033 1494 1168 1556 medito-

147 1575 225 1636 tione
239 1592 303 1634 mea
314 1574 480 1637 exardescet
496 1573 587 1655 iqaia.
602 1576 648 1635 Ps.
665 1575 714 1635 58.
727 1576 757 1636 l.

186 1660 256 1721 ἥδ.
267 1660 392 1739 Incipiat
406 1678 477 1737 ergo
498 1660 692 1719 confessarius
708 1658 898 1720 introducere
907 1661 1038 1722 animam
1052 1663 1086 1725 in
1096 1683 1166 1726 orn·

147 1747 271 1808 tionem.
285 1746 331 1807 ab
343 1746 428 1805 initio
451 1764 511 1807 non
530 1748 597 1824 pius
615 1745 705 1825 quam
723 1746 828 1807 mediae
845 1745 926 1809 horae
942 1750 1073 1827 spatium
1087 1754 1167 1813 assi-

146 1842 217 1909 gnet
229 1876 238 1902 ,
252 1832 330 1910 quod
350 1830 457 1891 deinde
473 1842 621 1892 crescente
636 1832 746 1911 spiritu
758 1873 767 1903 ,
779 1828 848 1909 plius
867 1829 1005 1892 mindsve
1023 1836 1164 1912 augebit.

146 1919 249 1996 Neque
272 1917 391 1977 desistat
415 1934 451 1975 ex
466 1934 501 1975 co
516 1916 595 1995 qudd
617 1916 763 1996 poenitcns
783 1915 987 1975 difficultatem
1012 1918 1163 1994 adducit,

147 2001 228 2082 qudd
245 2002 320 2063 desit
339 2001 396 2062 sibi
415 2009 551 2080 tempus,
572 2009 603 2060 et
625 2002 706 2062 loeus
724 2001 762 2062 ad
784 2019 817 2060 se
838 2001 1068 2080 colligendum:
1095 2006 1164 2069 imd

48 2129 52 2138 .
146 2086 279 2167 imponat
295 2089 340 2160 ei,
363 2096 398 2149 ut
420 2087 521 2146 saltem
537 2103 642 2158 mane,
665 2086 712 2146 vel
729 2103 869 2164 vespere,
887 2087 1005 2162 quando
1019 2089 1051 2148 in
1066 2088 1165 2151 domo

146 2173 243 2250 major
265 2183 310 2234 est
331 2173 436 2254 quies,
454 2173 607 2232 vel'etiam
627 2171 660 2244 in
678 2171 750 2254 ipsis
772 2172 1011 2250 occupationibus
1024 2172 1165 2250 (quando

146 2258 225 2318 aliud
243 2279 303 2318 non
316 2271 413 2336 posset
432 2259 557 2338 efficere)
569 2261 664 2320 clevet
673 2258 835 2319 identidem
849 2269 981 2318 mentem
991 2259 1028 2317 nd
1046 2262 1161 2337 Deum,

145 2348 176 2399 et
190 2342 350 2400 meditetur
363 2344 502 2402 veritates
515 2345 583 2404 [idei
590 2368 603 2421 ‚·
619 2353 652 2404 ut
669 2351 740 2403 sunt
753 2345 911 2406 novissima
924 2361 1072 2421 ,quorum
1082 2351 1165 2426 eogi-

146 2425 235 2498 t'atioss
253 2435 284 2484 et
299 2425 446 2504 praecipuit
465 2428 568 2487 mortis
577 2471 587 2504 ,
601 2438 645 2488 est
661 2431 766 2490 utilior
788 2447 843 2508 pro
859 2428 1080 2508 incipientibus.
1093 2434 1165 2493 ble-

146 2509 258 2569 ditetur
271 2521 389 2588 quoque
402 2509 508 2574 Christi
523 2513 786 2593 passionemque
796 2514 947 2573 meditatio
958 2525 1003 2572 est
1015 2516 1163 2579 omnibus

145 2592 305 2656 fructuosa‘.
319 2593 349 2656 Si
363 2593 434 2658 verd
448 2599 595 2676 poenitcns
613 2617 674 2660 non
697 2600 736 2659 sit
757 2600 929 2659 litterarum
941 2598 1045 2671 cudis,
1065 2617 1163 2682 expe·

146 2680 230 2742 diens
250 2688 312 2752 est,
338 2689 372 2740 ut
391 2689 493 2742 utatur
508 2683 608 2764 aliquo
631 2684 709 2744 libro
729 2683 895 2761 spirituali,
913 2701 972 2761 quo
990 2684 1083 2762 magis
1102 2685 1161 2748 ha-

146 2768 213 2828 beat
225 2765 389 2844 ingressum
405 2765 436 2826 in
451 2769 639 2843 orationem,
656 2769 908 2847 quemadmodum
931 2768 1026 2826 faeere
1041 2769 1162 2834 solebat

144 2855 177 2916 S.
197 2849 344 2915 rtet-esta.
366 2851 484 2912 Maneat
497 2873 635 2932 quoque,
651 2865 684 2915 ut
697 2855 801 2932 seligat
819 2853 975 2914 materiam
994 2854 1096 2927 illam,
1123 2859 1159 2918 in

144 2960 202 3020 qua
214 2940 311 3001 anima
326 2936 469 3016 majorem
484 2943 636 3019 experitur
648 2942 853 3014 devotionem,
868 2949 898 3000 et
910 2982 918 3012 ,
930 2940 962 3002 in
982 2940 1019 3000 iis
1033 2941 1106 3001 locis
1123 2945 1157 3006 iu

145 3025 253 3104 quibus
274 3024 371 3086 anima
395 3043 426 3084 se
445 3024 650 3086 vehementius
669 3026 744 3086 affici
766 3029 878 3098 sentit,
894 3035 925 3086 et
942 3029 1151 3103 commoveri,

145 3119 277 3169 rueretur
294 3110 500 3188 aliquantum,
514 3119 544 3170 et
557 3157 565 3184 ,
578 3111 679 3174 relicta
690 3112 903 3184 meditatione,
918 3119 1009 3170 totam
1025 3129 1057 3170 se
1068 3129 1157 3173 exer·

146 3201 210 3252 cest
227 3193 259 3251 ia
273 3195 384 3254 actibus
398 3195 557 3254 voluntatis
565 3237 575 3267 ,
592 3197 640 3256 vel
651 3198 805 3258 incumbat
812 3197 949 3274 petitioni
962 3237 971 3266 ‚
985 3203 1037 3255 aut
1049 3196 1157 3260 iacien-

146 3275 191 3334 dis
212 3275 378 3350 propositis.
396 3278 468 3338 Dico
479 3279 507 3338 l.
526 3297 557 3339 se
571 3291 703 3342 exerceat
719 3282 751 3341 in
763 3278 909 3360 facieqdis
923 3278 1053 3352 actites,
1071 3282 1154 3342 scili-

146 3365 192 3416 cet
206 3354 398 3448 humilitatis,
412 3362 534 3422 actionis
545 3366 726 3442 gratiarum,
740 3366 827 3438 fidei,
846 3367 929 3444 spei,
943 3373 974 3425 et
987 3367 1154 3442 presertim

148 3437 178 3494 in
192 3435 488 3532 repetendtsactibus
512 3450 723 3519 contritionis,
743 3461 773 3510 et
783 3450 933 3512 charitatis
952 3467 1022 3528 erga
1033 3449 1152 3522 Deum,

149 3515 298 3577 offerendo
312 3535 343 3576 εε
364 3519 407 3578 uti
423 3530 533 3598 totam,
557 3536 710 3611 totamque
725 3551 785 3595 suae
797 3535 986 3596 sanctissime
1006 3532 1153 3596 voluntati
