<?xml version="1.0" encoding="UTF-8"?>
<!DOCTYPE html PUBLIC "-//W3C//DTD XHTML 1.0 Transitional//EN"
    "http://www.w3.org/TR/xhtml1/DTD/xhtml1-transitional.dtd">
<html xmlns="http://www.w3.org/1999/xhtml" xml:lang="en" lang="en">
 <head>
  <title>
</title>
<meta http-equiv="Content-Type" content="text/html;charset=utf-8" />
  <meta name='ocr-system' content='tesseract 3.04.00' />
  <meta name='ocr-capabilities' content='ocr_page ocr_carea ocr_par ocr_line ocrx_word'/>
</head>
<body>
  <div class='ocr_page' id='page_1' title='image "./theologiamorali04heilgoog_0464.png"; bbox 0 0 2475 3975; ppageno 0'>
   <div class='ocr_carea' id='block_1_1' title="bbox 139 152 1158 2523">
    <p class='ocr_par' dir='ltr' id='par_1_1' title="bbox 139 152 1156 1939">
     <span class='ocr_line' id='line_1_1' title="bbox 153 152 960 239; baseline -0.005 -16"><span class='ocrx_word' id='word_1_1' title='bbox 153 158 214 223; x_wconf 69' lang='grc'><strong>1111</strong></span> <span class='ocrx_word' id='word_1_2' title='bbox 339 157 477 239; x_wconf 72' lang='lat' dir='ltr'><strong>Epitomc</strong></span> <span class='ocrx_word' id='word_1_3' title='bbox 489 152 630 218; x_wconf 80' lang='lat' dir='ltr'><strong>dmtrinoe</strong></span> <span class='ocrx_word' id='word_1_4' title='bbox 642 152 764 217; x_wconf 78' lang='lat' dir='ltr'><strong>merciis</strong></span> <span class='ocrx_word' id='word_1_5' title='bbox 776 155 960 219; x_wconf 77' lang='lat' dir='ltr'><strong>etrooom&#39;cre</strong></span> 
     </span>
     <span class='ocr_line' id='line_1_2' title="bbox 151 256 1156 338; baseline 0.005 -17"><span class='ocrx_word' id='word_1_6' title='bbox 151 258 229 338; x_wconf 66' lang='lat' dir='ltr'><strong>legio</strong></span> <span class='ocrx_word' id='word_1_7' title='bbox 246 258 423 338; x_wconf 85' lang='lat' dir='ltr'><strong>suscipiendi</strong></span> <span class='ocrx_word' id='word_1_8' title='bbox 448 257 567 325; x_wconf 82' lang='lat' dir='ltr'><strong>ordines</strong></span> <span class='ocrx_word' id='word_1_9' title='bbox 583 256 602 318; x_wconf 75' lang='lat' dir='ltr'><strong>a</strong></span> <span class='ocrx_word' id='word_1_10' title='bbox 621 274 824 335; x_wconf 83' lang='lat' dir='ltr'><strong>quocumque,</strong></span> <span class='ocrx_word' id='word_1_11' title='bbox 846 258 903 318; x_wconf 90' lang='lat' dir='ltr'><strong>nisi</strong></span> <span class='ocrx_word' id='word_1_12' title='bbox 921 258 996 319; x_wconf 88' lang='lat' dir='ltr'><strong>iilud</strong></span> <span class='ocrx_word' id='word_1_13' title='bbox 1019 258 1156 325; x_wconf 86' lang='lat' dir='ltr'><strong>obtinue-</strong></span> 
     </span>
     <span class='ocr_line' id='line_1_3' title="bbox 149 340 1156 422; baseline 0.004 -16"><span class='ocrx_word' id='word_1_14' title='bbox 149 343 213 406; x_wconf 86' lang='lat' dir='ltr'><strong>rint</strong></span> <span class='ocrx_word' id='word_1_15' title='bbox 233 353 299 422; x_wconf 89' lang='lat' dir='ltr'><strong>post</strong></span> <span class='ocrx_word' id='word_1_16' title='bbox 318 343 548 413; x_wconf 70' lang='lat' dir='ltr'>Tridentium,</span> <span class='ocrx_word' id='word_1_17' title='bbox 573 348 604 403; x_wconf 88' lang='lat' dir='ltr'><strong>et</strong></span> <span class='ocrx_word' id='word_1_18' title='bbox 625 340 663 401; x_wconf 92' lang='lat' dir='ltr'><strong>ad</strong></span> <span class='ocrx_word' id='word_1_19' title='bbox 685 341 752 402; x_wconf 89' lang='lat' dir='ltr'><strong>illos</strong></span> <span class='ocrx_word' id='word_1_20' title='bbox 778 343 947 419; x_wconf 77' lang='lat' dir='ltr'><strong>pervenerit</strong></span> <span class='ocrx_word' id='word_1_21' title='bbox 970 350 1156 410; x_wconf 83' lang='lat' dir='ltr'><strong>concessione</strong></span> 
     </span>
     <span class='ocr_line' id='line_1_4' title="bbox 149 426 1155 505; baseline 0.005 -16"><span class='ocrx_word' id='word_1_22' title='bbox 149 426 279 501; x_wconf 73' lang='lat' dir='ltr'><strong>direett,</strong></span> <span class='ocrx_word' id='word_1_23' title='bbox 299 444 360 489; x_wconf 87' lang='lat' dir='ltr'><strong>aon</strong></span> <span class='ocrx_word' id='word_1_24' title='bbox 382 426 454 490; x_wconf 79' lang='lat' dir='ltr'><strong>seed</strong></span> <span class='ocrx_word' id='word_1_25' title='bbox 476 427 688 487; x_wconf 85' lang='lat' dir='ltr'><strong>communione</strong></span> <span class='ocrx_word' id='word_1_26' title='bbox 717 426 943 505; x_wconf 75' lang='lat' dir='ltr'><strong>privilegiorum</strong></span> <span class='ocrx_word' id='word_1_27' title='bbox 973 427 1012 489; x_wconf 88' lang='lat' dir='ltr'><strong>de</strong></span> <span class='ocrx_word' id='word_1_28' title='bbox 1040 448 1104 493; x_wconf 89' lang='lat' dir='ltr'><strong>uno</strong></span> <span class='ocrx_word' id='word_1_29' title='bbox 1126 436 1155 495; x_wconf 90' lang='lat' dir='ltr'><strong>iu</strong></span> 
     </span>
     <span class='ocr_line' id='line_1_5' title="bbox 149 510 1154 590; baseline 0.006 -19"><span class='ocrx_word' id='word_1_30' title='bbox 149 511 242 573; x_wconf 88' lang='lat' dir='ltr'><strong>siium</strong></span> <span class='ocrx_word' id='word_1_31' title='bbox 261 512 408 573; x_wconf 76' lang='lat' dir='ltr'><strong>ordinem.</strong></span> <span class='ocrx_word' id='word_1_32' title='bbox 431 511 462 573; x_wconf 87' lang='lat' dir='ltr'><strong>Si</strong></span> <span class='ocrx_word' id='word_1_33' title='bbox 483 510 654 587; x_wconf 81' lang='lat' dir='ltr'><strong>hujusmodi</strong></span> <span class='ocrx_word' id='word_1_34' title='bbox 676 510 867 590; x_wconf 75' lang='lat' dir='ltr'><strong>privilegium</strong></span> <span class='ocrx_word' id='word_1_35' title='bbox 890 528 951 573; x_wconf 89' lang='lat' dir='ltr'><strong>non</strong></span> <span class='ocrx_word' id='word_1_36' title='bbox 975 511 1154 588; x_wconf 74' lang='lat' dir='ltr'>habuerint,</span> 
     </span>
     <span class='ocr_line' id='line_1_6' title="bbox 148 593 1154 675; baseline 0.005 -19"><span class='ocrx_word' id='word_1_37' title='bbox 148 595 280 656; x_wconf 87' lang='lat' dir='ltr'><strong>ordinari</strong></span> <span class='ocrx_word' id='word_1_38' title='bbox 294 596 403 658; x_wconf 85' lang='lat' dir='ltr'><strong>debent</strong></span> <span class='ocrx_word' id='word_1_39' title='bbox 410 595 448 657; x_wconf 90' lang='lat' dir='ltr'><strong>sb</strong></span> <span class='ocrx_word' id='word_1_40' title='bbox 460 594 617 656; x_wconf 71' lang='lat' dir='ltr'>Ordinatio</span> <span class='ocrx_word' id='word_1_41' title='bbox 629 595 686 656; x_wconf 91' lang='lat' dir='ltr'><strong>loci</strong></span> <span class='ocrx_word' id='word_1_42' title='bbox 696 638 704 665; x_wconf 90' lang='lat'>‚</span> <span class='ocrx_word' id='word_1_43' title='bbox 716 594 747 655; x_wconf 87' lang='lat' dir='ltr'><strong>in</strong></span> <span class='ocrx_word' id='word_1_44' title='bbox 759 612 818 673; x_wconf 87' lang='lat' dir='ltr'><strong>quo</strong></span> <span class='ocrx_word' id='word_1_45' title='bbox 831 593 943 675; x_wconf 75' lang='lat' dir='ltr'><strong>deguut</strong></span> <span class='ocrx_word' id='word_1_46' title='bbox 951 599 992 669; x_wconf 90' lang='lat' dir='ltr'><strong>‚si</strong></span> <span class='ocrx_word' id='word_1_47' title='bbox 1003 599 1055 659; x_wconf 90' lang='lat' dir='ltr'><strong>iiie</strong></span> <span class='ocrx_word' id='word_1_48' title='bbox 1063 618 1154 661; x_wconf 83' lang='lat' dir='ltr'><strong>sacras</strong></span> 
     </span>
     <span class='ocr_line' id='line_1_7' title="bbox 149 670 1153 751; baseline 0.003 -17"><span class='ocrx_word' id='word_1_49' title='bbox 149 672 349 735; x_wconf 71' lang='lat' dir='ltr'><strong>ordinationes</strong></span> <span class='ocrx_word' id='word_1_50' title='bbox 366 684 500 751; x_wconf 80' lang='lat' dir='ltr'><strong>tempore</strong></span> <span class='ocrx_word' id='word_1_51' title='bbox 511 672 643 751; x_wconf 71' lang='lat' dir='ltr'><strong>legitimo</strong></span> <span class='ocrx_word' id='word_1_52' title='bbox 661 672 701 731; x_wconf 87' lang='lat' dir='ltr'><strong>sit</strong></span> <span class='ocrx_word' id='word_1_53' title='bbox 714 670 881 733; x_wconf 86' lang='lat' dir='ltr'><strong>habiturus.</strong></span> <span class='ocrx_word' id='word_1_54' title='bbox 895 672 926 733; x_wconf 86' lang='lat' dir='ltr'><strong>si</strong></span> <span class='ocrx_word' id='word_1_55' title='bbox 947 675 1020 736; x_wconf 81' lang='lat' dir='ltr'><strong>seed</strong></span> <span class='ocrx_word' id='word_1_56' title='bbox 1037 676 1153 739; x_wconf 83' lang='lat' dir='ltr'><strong>hebitu-</strong></span> 
     </span>
     <span class='ocr_line' id='line_1_8' title="bbox 148 754 1152 836; baseline 0.004 -19"><span class='ocrx_word' id='word_1_57' title='bbox 148 774 201 817; x_wconf 88' lang='lat' dir='ltr'><strong>rus</strong></span> <span class='ocrx_word' id='word_1_58' title='bbox 220 774 280 819; x_wconf 93' lang='lat' dir='ltr'><strong>non</strong></span> <span class='ocrx_word' id='word_1_59' title='bbox 307 758 364 829; x_wconf 88' lang='lat' dir='ltr'><strong>sit,</strong></span> <span class='ocrx_word' id='word_1_60' title='bbox 390 765 513 835; x_wconf 78' lang='lat' dir='ltr'><strong>possunt</strong></span> <span class='ocrx_word' id='word_1_61' title='bbox 530 755 703 816; x_wconf 81' lang='lat' dir='ltr'><strong>dimissoriae</strong></span> <span class='ocrx_word' id='word_1_62' title='bbox 720 754 738 815; x_wconf 82' lang='lat' dir='ltr'><strong>ir</strong></span> <span class='ocrx_word' id='word_1_63' title='bbox 757 756 911 834; x_wconf 78' lang='lat' dir='ltr'><strong>superiore</strong></span> <span class='ocrx_word' id='word_1_64' title='bbox 931 761 1062 836; x_wconf 76' lang='lat' dir='ltr'><strong>regulari</strong></span> <span class='ocrx_word' id='word_1_65' title='bbox 1096 762 1152 821; x_wconf 89' lang='lat' dir='ltr'><strong>iilis</strong></span> 
     </span>
     <span class='ocr_line' id='line_1_9' title="bbox 148 838 1153 925; baseline 0.008 -24"><span class='ocrx_word' id='word_1_66' title='bbox 148 858 291 902; x_wconf 72' lang='lat' dir='ltr'><strong>roncmsrs</strong></span> <span class='ocrx_word' id='word_1_67' title='bbox 302 840 339 902; x_wconf 90' lang='lat' dir='ltr'><strong>ad</strong></span> <span class='ocrx_word' id='word_1_68' title='bbox 350 841 443 902; x_wconf 90' lang='lat' dir='ltr'><strong>aiiurn</strong></span> <span class='ocrx_word' id='word_1_69' title='bbox 460 839 550 919; x_wconf 72' lang='lat' dir='ltr'><strong>diripi</strong></span> <span class='ocrx_word' id='word_1_70' title='bbox 562 858 631 901; x_wconf 90' lang='lat' dir='ltr'><strong>eum</strong></span> <span class='ocrx_word' id='word_1_71' title='bbox 644 838 810 901; x_wconf 80' lang='lat' dir='ltr'><strong>authentici</strong></span> <span class='ocrx_word' id='word_1_72' title='bbox 825 843 1010 903; x_wconf 71' lang='lat' dir='ltr'><strong>ettesmione</strong></span> <span class='ocrx_word' id='word_1_73' title='bbox 1024 844 1153 925; x_wconf 82' lang='lat' dir='ltr'><strong>Episcopi</strong></span> 
     </span>
     <span class='ocr_line' id='line_1_10' title="bbox 149 924 1152 1005; baseline 0.007 -20"><span class='ocrx_word' id='word_1_74' title='bbox 149 924 323 1001; x_wconf 72' lang='lat' dir='ltr'><strong>dioecesani,</strong></span> <span class='ocrx_word' id='word_1_75' title='bbox 344 944 381 987; x_wconf 86' lang='lat' dir='ltr'><strong>ex</strong></span> <span class='ocrx_word' id='word_1_76' title='bbox 407 927 467 1005; x_wconf 80' lang='lat' dir='ltr'><strong>qui</strong></span> <span class='ocrx_word' id='word_1_77' title='bbox 488 935 620 1000; x_wconf 88' lang='lat' dir='ltr'><strong>constet,</strong></span> <span class='ocrx_word' id='word_1_78' title='bbox 642 924 738 1005; x_wconf 91' lang='lat' dir='ltr'><strong>ipsum</strong></span> <span class='ocrx_word' id='word_1_79' title='bbox 758 925 959 987; x_wconf 77' lang='lat' dir='ltr'><strong>ordinationes</strong></span> <span class='ocrx_word' id='word_1_80' title='bbox 983 927 1152 992; x_wconf 87' lang='lat' dir='ltr'><strong>habiturum</strong></span> 
     </span>
     <span class='ocr_line' id='line_1_11' title="bbox 148 1008 1153 1089; baseline 0.006 -18"><span class='ocrx_word' id='word_1_81' title='bbox 148 1026 212 1071; x_wconf 86' lang='lat' dir='ltr'><strong>non</strong></span> <span class='ocrx_word' id='word_1_82' title='bbox 227 1030 302 1073; x_wconf 85' lang='lat' dir='ltr'><strong>esse.</strong></span> <span class='ocrx_word' id='word_1_83' title='bbox 320 1014 560 1089; x_wconf 75' lang='lat' dir='ltr'><strong>&#39;transgressores</strong></span> <span class='ocrx_word' id='word_1_84' title='bbox 579 1008 667 1086; x_wconf 85' lang='lat' dir='ltr'><strong>hujus</strong></span> <span class='ocrx_word' id='word_1_85' title='bbox 684 1008 857 1083; x_wconf 77' lang='lat' dir='ltr'><strong>sanctionis,</strong></span> <span class='ocrx_word' id='word_1_86' title='bbox 869 1012 920 1089; x_wconf 83' lang='lat' dir='ltr'><strong>qui</strong></span> <span class='ocrx_word' id='word_1_87' title='bbox 937 1014 1153 1077; x_wconf 81' lang='lat' dir='ltr'><strong>ordinationem</strong></span> 
     </span>
     <span class='ocr_line' id='line_1_12' title="bbox 149 1094 1153 1179; baseline 0.006 -26"><span class='ocrx_word' id='word_1_88' title='bbox 149 1094 189 1155; x_wconf 84' lang='lat' dir='ltr'><strong>ab</strong></span> <span class='ocrx_word' id='word_1_89' title='bbox 206 1096 265 1157; x_wconf 90' lang='lat' dir='ltr'><strong>alio</strong></span> <span class='ocrx_word' id='word_1_90' title='bbox 284 1098 467 1175; x_wconf 79' lang='lat' dir='ltr'><strong>susceperint</strong></span> <span class='ocrx_word' id='word_1_91' title='bbox 479 1140 489 1168; x_wconf 91' lang='lat'><strong>,</strong></span> <span class='ocrx_word' id='word_1_92' title='bbox 501 1095 702 1173; x_wconf 88' lang='lat' dir='ltr'><strong>suspensionis</strong></span> <span class='ocrx_word' id='word_1_93' title='bbox 715 1112 869 1155; x_wconf 74' lang='lat' dir='ltr'><strong>censuram</strong></span> <span class='ocrx_word' id='word_1_94' title='bbox 883 1094 1053 1157; x_wconf 84' lang='lat' dir='ltr'><strong>incurrunt.</strong></span> <span class='ocrx_word' id='word_1_95' title='bbox 1064 1101 1153 1179; x_wconf 83' lang='lat' dir='ltr'><strong>Supe-</strong></span> 
     </span>
     <span class='ocr_line' id='line_1_13' title="bbox 150 1179 1153 1259; baseline 0.006 -20"><span class='ocrx_word' id='word_1_96' title='bbox 150 1179 245 1241; x_wconf 85' lang='lat' dir='ltr'><strong>riores</strong></span> <span class='ocrx_word' id='word_1_97' title='bbox 257 1181 426 1259; x_wconf 72' lang='lat' dir='ltr'><strong>regulares,</strong></span> <span class='ocrx_word' id='word_1_98' title='bbox 450 1180 502 1258; x_wconf 82' lang='lat' dir='ltr'><strong>qui</strong></span> <span class='ocrx_word' id='word_1_99' title='bbox 523 1180 704 1241; x_wconf 77' lang='lat' dir='ltr'><strong>dimissorias</strong></span> <span class='ocrx_word' id='word_1_100' title='bbox 726 1180 940 1257; x_wconf 82' lang='lat' dir='ltr'><strong>concesserint,</strong></span> <span class='ocrx_word' id='word_1_101' title='bbox 965 1198 1038 1241; x_wconf 88' lang='lat' dir='ltr'><strong>voce</strong></span> <span class='ocrx_word' id='word_1_102' title='bbox 1063 1185 1153 1245; x_wconf 78' lang='lat' dir='ltr'><strong>activi</strong></span> 
     </span>
     <span class='ocr_line' id='line_1_14' title="bbox 139 1262 1152 1344; baseline 0.005 -20"><span class='ocrx_word' id='word_1_103' title='bbox 139 1271 181 1325; x_wconf 84' lang='lat' dir='ltr'><strong>et</strong></span> <span class='ocrx_word' id='word_1_104' title='bbox 200 1266 314 1341; x_wconf 76' lang='lat' dir='ltr'><strong>passivi</strong></span> <span class='ocrx_word' id='word_1_105' title='bbox 327 1265 519 1325; x_wconf 84' lang='lat' dir='ltr'><strong>mulctentur.</strong></span> <span class='ocrx_word' id='word_1_106' title='bbox 533 1267 577 1327; x_wconf 86' lang='lat' dir='ltr'><strong>lta</strong></span> <span class='ocrx_word' id='word_1_107' title='bbox 590 1264 723 1324; x_wconf 87' lang='lat' dir='ltr'><strong>Pontiiex</strong></span> <span class='ocrx_word' id='word_1_108' title='bbox 744 1262 776 1323; x_wconf 90' lang='lat' dir='ltr'><strong>in</strong></span> <span class='ocrx_word' id='word_1_109' title='bbox 799 1264 880 1324; x_wconf 83' lang='lat' dir='ltr'><strong>buiid</strong></span> <span class='ocrx_word' id='word_1_110' title='bbox 900 1266 1041 1344; x_wconf 81' lang='lat' dir='ltr'><strong>Impositi</strong></span> <span class='ocrx_word' id='word_1_111' title='bbox 1061 1266 1152 1329; x_wconf 67' lang='lat' dir='ltr'><strong>nobs.</strong></span> 
     </span>
     <span class='ocr_line' id='line_1_15' title="bbox 188 1348 1154 1429; baseline 0.006 -21"><span class='ocrx_word' id='word_1_112' title='bbox 188 1350 221 1409; x_wconf 84' lang='lat' dir='ltr'><strong>si</strong></span> <span class='ocrx_word' id='word_1_113' title='bbox 239 1348 310 1410; x_wconf 87' lang='lat' dir='ltr'><strong>rerd</strong></span> <span class='ocrx_word' id='word_1_114' title='bbox 330 1352 477 1429; x_wconf 78' lang='lat' dir='ltr'><strong>regulares</strong></span> <span class='ocrx_word' id='word_1_115' title='bbox 499 1360 633 1429; x_wconf 90' lang='lat' dir='ltr'><strong>ternpore</strong></span> <span class='ocrx_word' id='word_1_116' title='bbox 652 1349 889 1410; x_wconf 87' lang='lat' dir='ltr'><strong>ordinationibus</strong></span> <span class='ocrx_word' id='word_1_117' title='bbox 913 1351 1154 1427; x_wconf 82' lang='lat' dir='ltr'><strong>proximotrans·</strong></span> 
     </span>
     <span class='ocr_line' id='line_1_16' title="bbox 149 1435 1154 1513; baseline 0.003 -18"><span class='ocrx_word' id='word_1_118' title='bbox 149 1441 220 1495; x_wconf 87' lang='lat' dir='ltr'><strong>eant</strong></span> <span class='ocrx_word' id='word_1_119' title='bbox 231 1435 267 1495; x_wconf 91' lang='lat' dir='ltr'><strong>sd</strong></span> <span class='ocrx_word' id='word_1_120' title='bbox 280 1435 402 1495; x_wconf 86' lang='lat' dir='ltr'><strong>alterius</strong></span> <span class='ocrx_word' id='word_1_121' title='bbox 422 1435 478 1496; x_wconf 92' lang='lat' dir='ltr'><strong>ioci</strong></span> <span class='ocrx_word' id='word_1_122' title='bbox 493 1435 724 1505; x_wconf 86' lang='lat' dir='ltr'><strong>monasterium,</strong></span> <span class='ocrx_word' id='word_1_123' title='bbox 738 1441 847 1513; x_wconf 87' lang='lat' dir='ltr'><strong>etpost</strong></span> <span class='ocrx_word' id='word_1_124' title='bbox 863 1442 1012 1513; x_wconf 86' lang='lat' dir='ltr'><strong>receptam</strong></span> <span class='ocrx_word' id='word_1_125' title='bbox 1037 1438 1154 1498; x_wconf 88' lang='lat' dir='ltr'><strong>ordina-</strong></span> 
     </span>
     <span class='ocr_line' id='line_1_17' title="bbox 150 1518 1154 1597; baseline 0.009 -20"><span class='ocrx_word' id='word_1_126' title='bbox 150 1520 262 1579; x_wconf 87' lang='lat' dir='ltr'><strong>tionem</strong></span> <span class='ocrx_word' id='word_1_127' title='bbox 282 1520 320 1579; x_wconf 88' lang='lat' dir='ltr'><strong>ab</strong></span> <span class='ocrx_word' id='word_1_128' title='bbox 339 1521 482 1597; x_wconf 82' lang='lat' dir='ltr'><strong>Episcopo</strong></span> <span class='ocrx_word' id='word_1_129' title='bbox 499 1522 581 1581; x_wconf 90' lang='lat' dir='ltr'><strong>iliius</strong></span> <span class='ocrx_word' id='word_1_130' title='bbox 600 1521 676 1595; x_wconf 91' lang='lat' dir='ltr'><strong>ioci,</strong></span> <span class='ocrx_word' id='word_1_131' title='bbox 694 1538 753 1597; x_wconf 86' lang='lat' dir='ltr'><strong>quo</strong></span> <span class='ocrx_word' id='word_1_132' title='bbox 772 1518 971 1592; x_wconf 85' lang='lat' dir='ltr'><strong>transierunt,</strong></span> <span class='ocrx_word' id='word_1_133' title='bbox 984 1520 1107 1585; x_wconf 89' lang='lat' dir='ltr'><strong>redeant</strong></span> <span class='ocrx_word' id='word_1_134' title='bbox 1119 1526 1154 1585; x_wconf 87' lang='lat' dir='ltr'><strong>sd</strong></span> 
     </span>
     <span class='ocr_line' id='line_1_18' title="bbox 150 1602 1154 1683; baseline 0.014 -24"><span class='ocrx_word' id='word_1_135' title='bbox 150 1603 309 1681; x_wconf 88' lang='lat' dir='ltr'><strong>pristinum</strong></span> <span class='ocrx_word' id='word_1_136' title='bbox 332 1606 566 1677; x_wconf 83' lang='lat' dir='ltr'><strong>monasterium,</strong></span> <span class='ocrx_word' id='word_1_137' title='bbox 594 1603 736 1663; x_wconf 87' lang='lat' dir='ltr'><strong>videntur</strong></span> <span class='ocrx_word' id='word_1_138' title='bbox 768 1602 824 1665; x_wconf 90' lang='lat' dir='ltr'><strong>hoo</strong></span> <span class='ocrx_word' id='word_1_139' title='bbox 852 1606 972 1683; x_wconf 86' lang='lat' dir='ltr'><strong>quidem</strong></span> <span class='ocrx_word' id='word_1_140' title='bbox 995 1608 1099 1671; x_wconf 82' lang='lat' dir='ltr'><strong>iecisse</strong></span> <span class='ocrx_word' id='word_1_141' title='bbox 1124 1613 1154 1673; x_wconf 89' lang='lat' dir='ltr'><strong>in</strong></span> 
     </span>
     <span class='ocr_line' id='line_1_19' title="bbox 141 1686 1155 1775; baseline 0.009 -28"><span class='ocrx_word' id='word_1_142' title='bbox 141 1686 300 1759; x_wconf 71' lang='lat' dir='ltr'><strong>troadem,</strong></span> <span class='ocrx_word' id='word_1_143' title='bbox 314 1686 509 1749; x_wconf 76' lang='lat' dir='ltr'><strong>nihilominus</strong></span> <span class='ocrx_word' id='word_1_144' title='bbox 532 1686 608 1747; x_wconf 82' lang='lat' dir='ltr'><strong>nihii</strong></span> <span class='ocrx_word' id='word_1_145' title='bbox 627 1696 723 1766; x_wconf 86' lang='lat' dir='ltr'><strong>potest</strong></span> <span class='ocrx_word' id='word_1_146' title='bbox 741 1691 911 1751; x_wconf 84' lang='lat' dir='ltr'><strong>contrahes</strong></span> <span class='ocrx_word' id='word_1_147' title='bbox 931 1690 1070 1765; x_wconf 81' lang='lat' dir='ltr'><strong>decerni,-</strong></span> <span class='ocrx_word' id='word_1_148' title='bbox 1089 1699 1155 1775; x_wconf 84' lang='lat' dir='ltr'><strong>qnia</strong></span> 
     </span>
     <span class='ocr_line' id='line_1_20' title="bbox 148 1773 1156 1855; baseline 0.013 -24"><span class='ocrx_word' id='word_1_149' title='bbox 148 1773 247 1851; x_wconf 90' lang='lat' dir='ltr'><strong>potuit</strong></span> <span class='ocrx_word' id='word_1_150' title='bbox 265 1791 314 1833; x_wconf 89' lang='lat' dir='ltr'><strong>res</strong></span> <span class='ocrx_word' id='word_1_151' title='bbox 331 1774 397 1835; x_wconf 90' lang='lat' dir='ltr'><strong>iieri</strong></span> <span class='ocrx_word' id='word_1_152' title='bbox 420 1774 494 1833; x_wconf 89' lang='lat' dir='ltr'><strong>citra</strong></span> <span class='ocrx_word' id='word_1_153' title='bbox 510 1773 655 1834; x_wconf 75' lang='lat' dir='ltr'><strong>fraudem.</strong></span> <span class='ocrx_word' id='word_1_154' title='bbox 678 1774 738 1855; x_wconf 88' lang='lat' dir='ltr'><strong>ipsi</strong></span> <span class='ocrx_word' id='word_1_155' title='bbox 759 1774 829 1854; x_wconf 80' lang='lat' dir='ltr'><strong>ergd</strong></span> <span class='ocrx_word' id='word_1_156' title='bbox 850 1776 907 1837; x_wconf 84' lang='lat' dir='ltr'><strong>sibi</strong></span> <span class='ocrx_word' id='word_1_157' title='bbox 923 1777 1092 1840; x_wconf 75' lang='lat' dir='ltr'><strong>consulunt.</strong></span> <span class='ocrx_word' id='word_1_158' title='bbox 1112 1784 1156 1844; x_wconf 82' lang='lat' dir='ltr'><strong>uc</strong></span> 
     </span>
     <span class='ocr_line' id='line_1_21' title="bbox 150 1858 631 1939; baseline -0.004 -19"><span class='ocrx_word' id='word_1_159' title='bbox 150 1860 223 1939; x_wconf 87' lang='lat' dir='ltr'><strong>Syn.</strong></span> <span class='ocrx_word' id='word_1_160' title='bbox 237 1858 324 1921; x_wconf 75' lang='lat' dir='ltr'><strong>disee.</strong></span> <span class='ocrx_word' id='word_1_161' title='bbox 339 1862 361 1922; x_wconf 91' lang='lat'><strong>1.</strong></span> <span class='ocrx_word' id='word_1_162' title='bbox 377 1863 408 1921; x_wconf 99' lang='grc'><strong>9.</strong></span> <span class='ocrx_word' id='word_1_163' title='bbox 422 1880 449 1921; x_wconf 87' lang='lat' dir='ltr'><strong>c.</strong></span> <span class='ocrx_word' id='word_1_164' title='bbox 463 1859 513 1919; x_wconf 85' lang='grc'><strong>17.</strong></span> <span class='ocrx_word' id='word_1_165' title='bbox 526 1878 559 1919; x_wconf 89' lang='lat' dir='ltr'><strong>rr.</strong></span> <span class='ocrx_word' id='word_1_166' title='bbox 573 1860 605 1919; x_wconf 79' lang='grc'><strong>1.</strong></span> <span class='ocrx_word' id='word_1_167' title='bbox 627 1878 631 1884; x_wconf 93' lang='grc'><em>·</em></span> 
     </span>
    </p>

    <p class='ocr_par' dir='ltr' id='par_1_2' title="bbox 148 1943 1158 2523">
     <span class='ocr_line' id='line_1_22' title="bbox 188 1943 1158 2026; baseline 0.003 -19"><span class='ocrx_word' id='word_1_168' title='bbox 188 1946 219 2007; x_wconf 81' lang='lat' dir='ltr'><strong>Si</strong></span> <span class='ocrx_word' id='word_1_169' title='bbox 228 1948 392 2026; x_wconf 84' lang='lat' dir='ltr'><strong>superiores</strong></span> <span class='ocrx_word' id='word_1_170' title='bbox 405 1946 586 2006; x_wconf 84' lang='lat' dir='ltr'><strong>dimissorias</strong></span> <span class='ocrx_word' id='word_1_171' title='bbox 598 1943 725 2005; x_wconf 88' lang='lat' dir='ltr'><strong>subditis</strong></span> <span class='ocrx_word' id='word_1_172' title='bbox 735 1944 797 2006; x_wconf 86' lang='lat' dir='ltr'><strong>suis</strong></span> <span class='ocrx_word' id='word_1_173' title='bbox 809 1944 961 2023; x_wconf 88' lang='lat' dir='ltr'><strong>dederint,</strong></span> <span class='ocrx_word' id='word_1_174' title='bbox 975 1955 1009 2008; x_wconf 89' lang='lat' dir='ltr'><strong>ut</strong></span> <span class='ocrx_word' id='word_1_175' title='bbox 1020 1948 1058 2010; x_wconf 87' lang='lat' dir='ltr'><strong>ab</strong></span> <span class='ocrx_word' id='word_1_176' title='bbox 1070 1950 1158 2012; x_wconf 87' lang='lat' dir='ltr'><strong>Ordi-</strong></span> 
     </span>
     <span class='ocr_line' id='line_1_23' title="bbox 149 2030 1156 2114; baseline 0.005 -21"><span class='ocrx_word' id='word_1_177' title='bbox 149 2032 234 2093; x_wconf 87' lang='lat' dir='ltr'><strong>nario</strong></span> <span class='ocrx_word' id='word_1_178' title='bbox 257 2049 446 2110; x_wconf 79' lang='lat' dir='ltr'><strong>quorumque</strong></span> <span class='ocrx_word' id='word_1_179' title='bbox 467 2030 585 2090; x_wconf 85' lang='lat' dir='ltr'><strong>ordines</strong></span> <span class='ocrx_word' id='word_1_180' title='bbox 611 2031 776 2110; x_wconf 85' lang='lat' dir='ltr'><strong>recipiant,</strong></span> <span class='ocrx_word' id='word_1_181' title='bbox 798 2031 855 2090; x_wconf 89' lang='lat' dir='ltr'><strong>nisi</strong></span> <span class='ocrx_word' id='word_1_182' title='bbox 879 2033 911 2090; x_wconf 87' lang='lat' dir='ltr'><strong>in</strong></span> <span class='ocrx_word' id='word_1_183' title='bbox 932 2033 1046 2094; x_wconf 82' lang='lat' dir='ltr'><strong>casibus</strong></span> <span class='ocrx_word' id='word_1_184' title='bbox 1069 2037 1156 2114; x_wconf 78' lang='lat' dir='ltr'><strong>snprt</strong></span> 
     </span>
     <span class='ocr_line' id='line_1_24' title="bbox 148 2115 1157 2198; baseline 0.003 -21"><span class='ocrx_word' id='word_1_185' title='bbox 148 2115 307 2193; x_wconf 83' lang='lat' dir='ltr'><strong>expressis,</strong></span> <span class='ocrx_word' id='word_1_186' title='bbox 318 2118 474 2194; x_wconf 85' lang='lat' dir='ltr'><strong>prirentur</strong></span> <span class='ocrx_word' id='word_1_187' title='bbox 494 2131 550 2174; x_wconf 85' lang='lat' dir='ltr'><strong>usu</strong></span> <span class='ocrx_word' id='word_1_188' title='bbox 574 2115 655 2175; x_wconf 84' lang='lat' dir='ltr'><strong>rosis</strong></span> <span class='ocrx_word' id='word_1_189' title='bbox 674 2117 776 2176; x_wconf 81' lang='lat' dir='ltr'><strong>actium</strong></span> <span class='ocrx_word' id='word_1_190' title='bbox 796 2123 826 2175; x_wconf 89' lang='lat' dir='ltr'><strong>et</strong></span> <span class='ocrx_word' id='word_1_191' title='bbox 845 2115 987 2192; x_wconf 83' lang='lat' dir='ltr'><strong>passirm,</strong></span> <span class='ocrx_word' id='word_1_192' title='bbox 1004 2127 1035 2179; x_wconf 91' lang='lat' dir='ltr'><strong>et</strong></span> <span class='ocrx_word' id='word_1_193' title='bbox 1058 2119 1157 2198; x_wconf 79' lang='lat' dir='ltr'><strong>digni-</strong></span> 
     </span>
     <span class='ocr_line' id='line_1_25' title="bbox 149 2200 1156 2278; baseline 0.007 -20"><span class='ocrx_word' id='word_1_194' title='bbox 149 2201 284 2277; x_wconf 76' lang='lat' dir='ltr'><strong>tuteque</strong></span> <span class='ocrx_word' id='word_1_195' title='bbox 306 2202 472 2278; x_wconf 81' lang='lat' dir='ltr'><strong>potiuntur.</strong></span> <span class='ocrx_word' id='word_1_196' title='bbox 494 2201 537 2260; x_wconf 81' lang='lat' dir='ltr'><strong>Ex</strong></span> <span class='ocrx_word' id='word_1_197' title='bbox 554 2200 673 2260; x_wconf 87' lang='lat' dir='ltr'><strong>decreto</strong></span> <span class='ocrx_word' id='word_1_198' title='bbox 698 2201 787 2260; x_wconf 83' lang='lat' dir='ltr'><strong>ciem.</strong></span> <span class='ocrx_word' id='word_1_199' title='bbox 816 2200 905 2260; x_wconf 79' lang='lat' dir='ltr'><strong><em>VIII.</em></strong></span> <span class='ocrx_word' id='word_1_200' title='bbox 925 2201 975 2260; x_wconf 89' lang='lat' dir='ltr'><strong>die</strong></span> <span class='ocrx_word' id='word_1_201' title='bbox 996 2205 1034 2263; x_wconf 79' lang='lat' dir='ltr'><strong>rs</strong></span> <span class='ocrx_word' id='word_1_202' title='bbox 1057 2206 1156 2266; x_wconf 89' lang='lat' dir='ltr'><strong>martii</strong></span> 
     </span>
     <span class='ocr_line' id='line_1_26' title="bbox 149 2283 1155 2362; baseline 0.003 -17"><span class='ocrx_word' id='word_1_203' title='bbox 149 2286 236 2345; x_wconf 75' lang='grc'><strong>1596.</strong></span> <span class='ocrx_word' id='word_1_204' title='bbox 252 2283 337 2358; x_wconf 83' lang='lat' dir='ltr'><strong>Quod</strong></span> <span class='ocrx_word' id='word_1_205' title='bbox 354 2285 505 2345; x_wconf 85' lang='lat' dir='ltr'><strong>decretum</strong></span> <span class='ocrx_word' id='word_1_206' title='bbox 524 2302 585 2344; x_wconf 89' lang='lat' dir='ltr'><strong>non</strong></span> <span class='ocrx_word' id='word_1_207' title='bbox 608 2285 649 2346; x_wconf 87' lang='lat' dir='ltr'><strong>its</strong></span> <span class='ocrx_word' id='word_1_208' title='bbox 671 2286 797 2362; x_wconf 83' lang='lat' dir='ltr'><strong>iegitur,</strong></span> <span class='ocrx_word' id='word_1_209' title='bbox 818 2284 903 2346; x_wconf 86' lang='lat' dir='ltr'><strong>utin</strong></span> <span class='ocrx_word' id='word_1_210' title='bbox 925 2287 1027 2345; x_wconf 82' lang='lat' dir='ltr'><strong>struitis</strong></span> <span class='ocrx_word' id='word_1_211' title='bbox 1048 2289 1155 2362; x_wconf 89' lang='lat' dir='ltr'><strong>editis,</strong></span> 
     </span>
     <span class='ocr_line' id='line_1_27' title="bbox 148 2367 1157 2450; baseline 0.007 -22"><span class='ocrx_word' id='word_1_212' title='bbox 148 2386 251 2448; x_wconf 75' lang='lat' dir='ltr'><strong>pernas</strong></span> <span class='ocrx_word' id='word_1_213' title='bbox 270 2370 439 2442; x_wconf 77' lang='lat' dir='ltr'><strong>incurrent,</strong></span> <span class='ocrx_word' id='word_1_214' title='bbox 452 2368 504 2428; x_wconf 89' lang='lat' dir='ltr'><strong>sed</strong></span> <span class='ocrx_word' id='word_1_215' title='bbox 517 2387 621 2448; x_wconf 81' lang='lat' dir='ltr'><strong>perstas</strong></span> <span class='ocrx_word' id='word_1_216' title='bbox 640 2367 819 2440; x_wconf 71' lang='lat' dir='ltr'><strong>discurrunt,</strong></span> <span class='ocrx_word' id='word_1_217' title='bbox 840 2369 919 2446; x_wconf 88' lang='lat' dir='ltr'><strong>quod</strong></span> <span class='ocrx_word' id='word_1_218' title='bbox 934 2371 1022 2430; x_wconf 81' lang='lat' dir='ltr'><strong>insert</strong></span> <span class='ocrx_word' id='word_1_219' title='bbox 1036 2389 1157 2450; x_wconf 84' lang='lat' dir='ltr'><strong>poenam</strong></span> 
     </span>
     <span class='ocr_line' id='line_1_28' title="bbox 148 2451 1158 2523; baseline 0.005 -11"><span class='ocrx_word' id='word_1_220' title='bbox 148 2453 254 2523; x_wconf 90' lang='lat' dir='ltr'><strong>iatam,</strong></span> <span class='ocrx_word' id='word_1_221' title='bbox 267 2458 298 2511; x_wconf 88' lang='lat' dir='ltr'><strong>et</strong></span> <span class='ocrx_word' id='word_1_222' title='bbox 311 2469 371 2512; x_wconf 91' lang='lat' dir='ltr'><strong>non</strong></span> <span class='ocrx_word' id='word_1_223' title='bbox 388 2453 550 2512; x_wconf 84' lang='lat' dir='ltr'><strong>serendam.</strong></span> <span class='ocrx_word' id='word_1_224' title='bbox 561 2455 635 2512; x_wconf 88' lang='lat' dir='ltr'><strong>lust.</strong></span> <span class='ocrx_word' id='word_1_225' title='bbox 646 2454 753 2514; x_wconf 79' lang='lat' dir='ltr'><strong>scetes.</strong></span> <span class='ocrx_word' id='word_1_226' title='bbox 762 2453 811 2514; x_wconf 75' lang='grc'><strong>95.</strong></span> <span class='ocrx_word' id='word_1_227' title='bbox 826 2455 916 2512; x_wconf 67' lang='grc'><strong>1119.</strong></span> <span class='ocrx_word' id='word_1_228' title='bbox 927 2451 1006 2514; x_wconf 80' lang='lat' dir='ltr'><strong>Nism</strong></span> <span class='ocrx_word' id='word_1_229' title='bbox 1017 2455 1158 2517; x_wconf 82' lang='lat' dir='ltr'><strong>fruantur</strong></span> 
     </span>
    </p>
   </div>
   <div class='ocr_carea' id='block_1_2' title="bbox 24 2537 1157 2617">
    <p class='ocr_par' dir='ltr' id='par_1_3' title="bbox 24 2537 1157 2617">
     <span class='ocr_line' id='line_1_29' title="bbox 24 2537 1157 2617; baseline 0.007 -22"><span class='ocrx_word' id='word_1_230' title='bbox 24 2567 35 2586; x_wconf 84' lang='lat'><strong>·</strong></span> <span class='ocrx_word' id='word_1_231' title='bbox 148 2537 305 2617; x_wconf 74' lang='lat' dir='ltr'><strong>privilegio</strong></span> <span class='ocrx_word' id='word_1_232' title='bbox 330 2537 552 2598; x_wconf 88' lang='lat' dir='ltr'><strong>ordinationum</strong></span> <span class='ocrx_word' id='word_1_233' title='bbox 580 2547 663 2598; x_wconf 80' lang='lat' dir='ltr'><strong>extra</strong></span> <span class='ocrx_word' id='word_1_234' title='bbox 685 2547 837 2616; x_wconf 82' lang='lat' dir='ltr'><strong>tempore,</strong></span> <span class='ocrx_word' id='word_1_235' title='bbox 863 2537 1071 2600; x_wconf 82' lang='lat' dir='ltr'><strong>affirmandum</strong></span> <span class='ocrx_word' id='word_1_236' title='bbox 1092 2559 1157 2603; x_wconf 77' lang='lat' dir='ltr'><strong>esso</strong></span> 
     </span>
    </p>
   </div>
   <div class='ocr_carea' id='block_1_3' title="bbox 147 2619 1181 3464">
    <p class='ocr_par' dir='ltr' id='par_1_4' title="bbox 147 2619 1181 3464">
     <span class='ocr_line' id='line_1_30' title="bbox 148 2619 1156 2688; baseline 0.008 -8"><span class='ocrx_word' id='word_1_237' title='bbox 148 2621 268 2682; x_wconf 83' lang='lat' dir='ltr'><strong>videtur</strong></span> <span class='ocrx_word' id='word_1_238' title='bbox 280 2639 317 2682; x_wconf 84' lang='lat' dir='ltr'><strong>ex</strong></span> <span class='ocrx_word' id='word_1_239' title='bbox 335 2622 508 2684; x_wconf 82' lang='lat' dir='ltr'><strong>auctoritate</strong></span> <span class='ocrx_word' id='word_1_240' title='bbox 525 2623 646 2684; x_wconf 84' lang='lat' dir='ltr'><strong>Consilii</strong></span> <span class='ocrx_word' id='word_1_241' title='bbox 657 2620 783 2685; x_wconf 84' lang='lat' dir='ltr'><strong>Romani</strong></span> <span class='ocrx_word' id='word_1_242' title='bbox 803 2621 858 2681; x_wconf 81' lang='lat' dir='ltr'><strong>suit</strong></span> <span class='ocrx_word' id='word_1_243' title='bbox 880 2619 1036 2684; x_wconf 74' lang='lat' dir='ltr'><strong>Benedicta</strong></span> <span class='ocrx_word' id='word_1_244' title='bbox 1055 2624 1156 2688; x_wconf 83' lang='lat' dir='ltr'><em>XIII.</em></span> 
     </span>
     <span class='ocr_line' id='line_1_31' title="bbox 149 2705 1181 2784; baseline -0.003 -16"><span class='ocrx_word' id='word_1_245' title='bbox 149 2705 242 2768; x_wconf 86' lang='lat' dir='ltr'><strong>Titui.</strong></span> <span class='ocrx_word' id='word_1_246' title='bbox 253 2708 282 2766; x_wconf 78' lang='lat' dir='ltr'><strong>d.</strong></span> <span class='ocrx_word' id='word_1_247' title='bbox 293 2723 358 2784; x_wconf 89' lang='lat' dir='ltr'><strong>cap.</strong></span> <span class='ocrx_word' id='word_1_248' title='bbox 372 2710 402 2766; x_wconf 74' lang='grc'><strong>9.</strong></span> <span class='ocrx_word' id='word_1_249' title='bbox 415 2707 460 2767; x_wconf 89' lang='lat' dir='ltr'><strong>ib.</strong></span> <span class='ocrx_word' id='word_1_250' title='bbox 1172 2705 1181 2753; x_wconf 69' lang='lat' dir='ltr'><strong>t&#39;</strong></span> 
     </span>
     <span class='ocr_line' id='line_1_32' title="bbox 187 2788 1153 2869; baseline 0.002 -17"><span class='ocrx_word' id='word_1_251' title='bbox 187 2791 345 2869; x_wconf 73' lang='lat' dir='ltr'><strong>lieguiares</strong></span> <span class='ocrx_word' id='word_1_252' title='bbox 365 2790 507 2851; x_wconf 85' lang='lat' dir='ltr'><strong>habentes</strong></span> <span class='ocrx_word' id='word_1_253' title='bbox 525 2788 715 2869; x_wconf 76' lang='lat' dir='ltr'><strong>privilegium</strong></span> <span class='ocrx_word' id='word_1_254' title='bbox 733 2789 878 2868; x_wconf 90' lang='lat' dir='ltr'><strong>posterius</strong></span> <span class='ocrx_word' id='word_1_255' title='bbox 898 2789 1096 2864; x_wconf 82' lang='lat' dir='ltr'><strong>Tridentino,</strong></span> <span class='ocrx_word' id='word_1_256' title='bbox 1118 2798 1153 2854; x_wconf 82' lang='lat' dir='ltr'><strong>ut</strong></span> 
     </span>
     <span class='ocr_line' id='line_1_33' title="bbox 149 2874 1156 2956; baseline -0.003 -17"><span class='ocrx_word' id='word_1_257' title='bbox 149 2876 277 2956; x_wconf 81' lang='lat' dir='ltr'><strong>exempti</strong></span> <span class='ocrx_word' id='word_1_258' title='bbox 294 2875 400 2936; x_wconf 86' lang='lat' dir='ltr'><strong>sintab</strong></span> <span class='ocrx_word' id='word_1_259' title='bbox 412 2875 594 2951; x_wconf 87' lang='lat' dir='ltr'><strong>interstitiis,</strong></span> <span class='ocrx_word' id='word_1_260' title='bbox 606 2875 666 2934; x_wconf 87' lang='lat' dir='ltr'><strong>irai</strong></span> <span class='ocrx_word' id='word_1_261' title='bbox 677 2875 728 2935; x_wconf 91' lang='lat' dir='ltr'><strong>iilo</strong></span> <span class='ocrx_word' id='word_1_262' title='bbox 741 2874 867 2948; x_wconf 88' lang='lat' dir='ltr'><strong>debent,</strong></span> <span class='ocrx_word' id='word_1_263' title='bbox 881 2891 934 2934; x_wconf 88' lang='lat' dir='ltr'><strong>neo</strong></span> <span class='ocrx_word' id='word_1_264' title='bbox 948 2882 1072 2952; x_wconf 86' lang='lat' dir='ltr'><strong>possunt</strong></span> <span class='ocrx_word' id='word_1_265' title='bbox 1083 2875 1156 2954; x_wconf 87' lang='lat' dir='ltr'><strong>Epi·</strong></span> 
     </span>
     <span class='ocr_line' id='line_1_34' title="bbox 148 2958 1153 3043; baseline -0.005 -18"><span class='ocrx_word' id='word_1_266' title='bbox 148 2964 229 3042; x_wconf 88' lang='lat' dir='ltr'><strong>scopi</strong></span> <span class='ocrx_word' id='word_1_267' title='bbox 246 2963 311 3022; x_wconf 91' lang='lat' dir='ltr'><strong>illos</strong></span> <span class='ocrx_word' id='word_1_268' title='bbox 328 2979 364 3021; x_wconf 87' lang='lat' dir='ltr'><strong>eo</strong></span> <span class='ocrx_word' id='word_1_269' title='bbox 382 2961 503 3022; x_wconf 83' lang='lat' dir='ltr'><strong>nornine</strong></span> <span class='ocrx_word' id='word_1_270' title='bbox 519 2959 557 3020; x_wconf 88' lang='lat' dir='ltr'><strong>ab</strong></span> <span class='ocrx_word' id='word_1_271' title='bbox 581 2958 769 3043; x_wconf 73' lang='lat' dir='ltr'><strong>ordinatione</strong></span> <span class='ocrx_word' id='word_1_272' title='bbox 792 2959 925 3038; x_wconf 85' lang='lat' dir='ltr'><strong>rejicere.</strong></span> <span class='ocrx_word' id='word_1_273' title='bbox 948 2961 994 3020; x_wconf 88' lang='lat' dir='ltr'><strong>its</strong></span> <span class='ocrx_word' id='word_1_274' title='bbox 1010 2977 1047 3019; x_wconf 85' lang='lat' dir='ltr'><strong>ex</strong></span> <span class='ocrx_word' id='word_1_275' title='bbox 1069 2958 1153 3020; x_wconf 85' lang='lat' dir='ltr'><strong>decr.</strong></span> 
     </span>
     <span class='ocr_line' id='line_1_35' title="bbox 149 3043 1153 3126; baseline -0.006 -16"><span class='ocrx_word' id='word_1_276' title='bbox 149 3049 181 3109; x_wconf 84' lang='lat' dir='ltr'><strong>S.</strong></span> <span class='ocrx_word' id='word_1_277' title='bbox 198 3047 366 3126; x_wconf 65' lang='lat' dir='ltr'><strong>congruis</strong></span> <span class='ocrx_word' id='word_1_278' title='bbox 379 3044 867 3124; x_wconf 74' lang='lat' dir='ltr'><strong>utaugustittttt.1)e8yn.dioec.</strong></span> <span class='ocrx_word' id='word_1_279' title='bbox 882 3043 933 3103; x_wconf 90' lang='lat' dir='ltr'><strong>iib.</strong></span> <span class='ocrx_word' id='word_1_280' title='bbox 947 3044 1110 3104; x_wconf 82' lang='lat' dir='ltr'><strong>9.o.id.n.</strong></span> <span class='ocrx_word' id='word_1_281' title='bbox 1122 3046 1153 3105; x_wconf 85' lang='grc'><strong>6.</strong></span> 
     </span>
     <span class='ocr_line' id='line_1_36' title="bbox 187 3131 1153 3212; baseline 0.001 -19"><span class='ocrx_word' id='word_1_282' title='bbox 187 3134 345 3212; x_wconf 77' lang='lat' dir='ltr'><strong>Regulares</strong></span> <span class='ocrx_word' id='word_1_283' title='bbox 357 3133 445 3192; x_wconf 88' lang='lat' dir='ltr'><strong>etiem</strong></span> <span class='ocrx_word' id='word_1_284' title='bbox 461 3131 590 3209; x_wconf 75' lang='lat' dir='ltr'><strong>exempti</strong></span> <span class='ocrx_word' id='word_1_285' title='bbox 608 3139 760 3208; x_wconf 88' lang='lat' dir='ltr'><strong>nequeunt</strong></span> <span class='ocrx_word' id='word_1_286' title='bbox 775 3145 922 3210; x_wconf 84' lang='lat' dir='ltr'><strong>expauere</strong></span> <span class='ocrx_word' id='word_1_287' title='bbox 937 3139 1153 3194; x_wconf 78' lang='lat' dir='ltr'><strong>sacramentum</strong></span> 
     </span>
     <span class='ocr_line' id='line_1_37' title="bbox 149 3214 1152 3294; baseline -0.003 -15"><span class='ocrx_word' id='word_1_288' title='bbox 149 3217 337 3280; x_wconf 80' lang='lat' dir='ltr'><strong>Eucheristiae</strong></span> <span class='ocrx_word' id='word_1_289' title='bbox 349 3217 413 3276; x_wconf 90' lang='lat' dir='ltr'><strong>sine</strong></span> <span class='ocrx_word' id='word_1_290' title='bbox 431 3216 577 3276; x_wconf 80' lang='lat' dir='ltr'><strong>velimine</strong></span> <span class='ocrx_word' id='word_1_291' title='bbox 589 3217 621 3275; x_wconf 92' lang='lat' dir='ltr'><strong>in</strong></span> <span class='ocrx_word' id='word_1_292' title='bbox 635 3215 695 3284; x_wconf 83' lang='lat' dir='ltr'><strong>suis</strong></span> <span class='ocrx_word' id='word_1_293' title='bbox 709 3215 863 3289; x_wconf 70' lang='lat' dir='ltr'><strong>ecclesiis,</strong></span> <span class='ocrx_word' id='word_1_294' title='bbox 877 3215 981 3278; x_wconf 77' lang='lat' dir='ltr'><strong>nisiex</strong></span> <span class='ocrx_word' id='word_1_295' title='bbox 999 3214 1085 3276; x_wconf 77' lang='lat' dir='ltr'><strong>nost</strong></span> <span class='ocrx_word' id='word_1_296' title='bbox 1096 3234 1152 3294; x_wconf 90' lang='lat' dir='ltr'><strong>pu-</strong></span> 
     </span>
     <span class='ocr_line' id='line_1_38' title="bbox 147 3297 1151 3377; baseline 0.001 -16"><span class='ocrx_word' id='word_1_297' title='bbox 147 3303 223 3362; x_wconf 77' lang='lat' dir='ltr'><strong>blice</strong></span> <span class='ocrx_word' id='word_1_298' title='bbox 242 3301 279 3359; x_wconf 88' lang='lat' dir='ltr'><strong>ab</strong></span> <span class='ocrx_word' id='word_1_299' title='bbox 293 3299 449 3361; x_wconf 88' lang='lat' dir='ltr'><strong>Ordinario</strong></span> <span class='ocrx_word' id='word_1_300' title='bbox 464 3299 596 3377; x_wconf 75' lang='lat' dir='ltr'><strong>probuti.</strong></span> <span class='ocrx_word' id='word_1_301' title='bbox 609 3301 664 3358; x_wconf 80' lang='lat' dir='ltr'><strong>Fas</strong></span> <span class='ocrx_word' id='word_1_302' title='bbox 677 3307 721 3359; x_wconf 85' lang='lat' dir='ltr'><strong>est</strong></span> <span class='ocrx_word' id='word_1_303' title='bbox 737 3299 905 3362; x_wconf 80' lang='lat' dir='ltr'><strong>temeniliis</strong></span> <span class='ocrx_word' id='word_1_304' title='bbox 915 3318 951 3362; x_wconf 82' lang='lat' dir='ltr'><strong>ex</strong></span> <span class='ocrx_word' id='word_1_305' title='bbox 964 3299 1049 3360; x_wconf 72' lang='lat' dir='ltr'><strong>cause</strong></span> <span class='ocrx_word' id='word_1_306' title='bbox 1060 3297 1151 3366; x_wconf 84' lang='lat' dir='ltr'><strong>etiam</strong></span> 
     </span>
     <span class='ocr_line' id='line_1_39' title="bbox 148 3383 1153 3464; baseline 0.001 -21"><span class='ocrx_word' id='word_1_307' title='bbox 148 3385 260 3460; x_wconf 73' lang='lat' dir='ltr'><strong>privati</strong></span> <span class='ocrx_word' id='word_1_308' title='bbox 268 3387 487 3445; x_wconf 86' lang='lat' dir='ltr'><strong>Sacramentum</strong></span> <span class='ocrx_word' id='word_1_309' title='bbox 497 3385 625 3444; x_wconf 84' lang='lat' dir='ltr'><strong>velatum</strong></span> <span class='ocrx_word' id='word_1_310' title='bbox 635 3391 782 3462; x_wconf 81' lang='lat' dir='ltr'><strong>exponere</strong></span> <span class='ocrx_word' id='word_1_311' title='bbox 791 3387 823 3446; x_wconf 90' lang='lat' dir='ltr'><strong>in</strong></span> <span class='ocrx_word' id='word_1_312' title='bbox 835 3383 1023 3446; x_wconf 85' lang='lat' dir='ltr'><strong>tabernaculo</strong></span> <span class='ocrx_word' id='word_1_313' title='bbox 1033 3393 1153 3464; x_wconf 82' lang='lat' dir='ltr'><strong>aperto;</strong></span> 
     </span>
    </p>
   </div>
   <div class='ocr_carea' id='block_1_4' title="bbox 143 3464 1152 3632">
    <p class='ocr_par' dir='ltr' id='par_1_5' title="bbox 143 3464 1152 3632">
     <span class='ocr_line' id='line_1_40' title="bbox 145 3464 1152 3546; baseline 0.011 -27"><span class='ocrx_word' id='word_1_314' title='bbox 145 3464 306 3524; x_wconf 90' lang='lat' dir='ltr'><strong>dammodo</strong></span> <span class='ocrx_word' id='word_1_315' title='bbox 319 3474 417 3529; x_wconf 83' lang='lat' dir='ltr'><strong>tamen</strong></span> <span class='ocrx_word' id='word_1_316' title='bbox 429 3467 467 3525; x_wconf 92' lang='lat' dir='ltr'><strong>ab</strong></span> <span class='ocrx_word' id='word_1_317' title='bbox 479 3467 532 3527; x_wconf 90' lang='lat' dir='ltr'><strong>iilo</strong></span> <span class='ocrx_word' id='word_1_318' title='bbox 544 3486 604 3529; x_wconf 91' lang='lat' dir='ltr'><strong>non</strong></span> <span class='ocrx_word' id='word_1_319' title='bbox 616 3465 805 3546; x_wconf 81' lang='lat' dir='ltr'><strong>extrahetur,</strong></span> <span class='ocrx_word' id='word_1_320' title='bbox 817 3475 851 3530; x_wconf 87' lang='lat' dir='ltr'><strong>ut</strong></span> <span class='ocrx_word' id='word_1_321' title='bbox 863 3485 900 3530; x_wconf 84' lang='lat' dir='ltr'><strong>ex</strong></span> <span class='ocrx_word' id='word_1_322' title='bbox 908 3467 1031 3531; x_wconf 54' lang='lat' dir='ltr'><strong>decess.</strong></span> <span class='ocrx_word' id='word_1_323' title='bbox 1040 3471 1152 3545; x_wconf 77' lang='lat' dir='ltr'><strong>Cougr.</strong></span> 
     </span>
     <span class='ocr_line' id='line_1_41' title="bbox 143 3541 651 3632; baseline 0.022 -33"><span class='ocrx_word' id='word_1_324' title='bbox 143 3541 189 3599; x_wconf 80' lang='lat' dir='ltr'><strong>Dc</strong></span> <span class='ocrx_word' id='word_1_325' title='bbox 201 3546 273 3618; x_wconf 77' lang='lat' dir='ltr'><strong>Spu.</strong></span> <span class='ocrx_word' id='word_1_326' title='bbox 285 3546 370 3612; x_wconf 85' lang='lat' dir='ltr'><strong>dioec.</strong></span> <span class='ocrx_word' id='word_1_327' title='bbox 387 3549 411 3610; x_wconf 92' lang='grc'><strong>1.</strong></span> <span class='ocrx_word' id='word_1_328' title='bbox 425 3549 456 3612; x_wconf 88' lang='grc'><strong>9.</strong></span> <span class='ocrx_word' id='word_1_329' title='bbox 468 3567 495 3610; x_wconf 85' lang='lat' dir='ltr'><strong>e.</strong></span> <span class='ocrx_word' id='word_1_330' title='bbox 507 3553 556 3610; x_wconf 80' lang='lat'><strong>15.</strong></span> <span class='ocrx_word' id='word_1_331' title='bbox 573 3568 605 3612; x_wconf 88' lang='lat' dir='ltr'><strong>n.</strong></span> <span class='ocrx_word' id='word_1_332' title='bbox 617 3551 651 3632; x_wconf 67' lang='grc'><strong>1.</strong></span> 
     </span>
    </p>
   </div>
   <div class='ocr_carea' id='block_1_5' title="bbox 1198 10 1214 327">
    <p class='ocr_par' dir='ltr' id='par_1_6' title="bbox 1198 10 1214 327">
     <span class='ocr_line' id='line_1_42' title="bbox 1198 10 1214 327; baseline 0 0"><span class='ocrx_word' id='word_1_333' title='bbox 1198 10 1214 327; x_wconf 86' lang='grc'><strong>1</strong></span> 
     </span>
    </p>
   </div>
   <div class='ocr_carea' id='block_1_6' title="bbox 0 0 1242 3975">
    <p class='ocr_par' dir='ltr' id='par_1_7' title="bbox 0 0 1242 3975">
     <span class='ocr_line' id='line_1_43' title="bbox 0 0 1242 3975; baseline 0 0"><span class='ocrx_word' id='word_1_334' title='bbox 0 0 1242 3975; x_wconf 95' lang='lat' dir='ltr'><strong> </strong></span> 
     </span>
    </p>
   </div>
  </div>
 </body>
</html>
