2475 3975
98 183 161 248 977
354 176 831 258 Επαιηεηονάἰηαηιὶοινηι.θαρ.
846 179 876 239 5.

99 288 122 359 ς.
132 292 177 344 tu.
189 292 229 344 lie
246 288 633 356 amarissimarum
650 290 691 341 so.
704 289 729 356 5.
742 285 788 338 li'.
800 287 839 340 lii
850 286 1014 340 amicitiis
1024 285 1114 354 spreti

134 369 159 417 et
171 366 194 414 1.
210 360 552 416 Daesoouiiiiaiitruttoiis.
574 365 617 416 ei.
629 362 668 415 od
684 365 726 414 88.
743 361 780 412 ti.
802 362 840 412 uc
859 360 1048 429 suspensione.
1069 361 1114 411 84.

135 439 187 489 ill.
197 439 236 491 De
246 436 428 505 depositione,
438 439 487 488 rte.
500 436 541 486 85.
556 439 602 488 W.
618 433 820 488 Diiuterdiiti.
829 437 870 488 88.
884 438 914 486 l'.
925 431 1116 499 nitriipiita·

133 501 227 556 ritate.
238 505 280 555 87.
294 499 521 568 insputaritatir
532 514 567 554 es
579 499 689 554 delicto.
700 501 741 554 88.
751 505 838 568 irrep.
848 515 883 554 aa
892 500 1007 568 defecto.
1020 501 1063 550 89.

142 741 242 802 tt„-
256 675 508 804 Sunoiiconiras
530 743 575 796 est
602 735 697 812 ordo,
750 737 791 800 iio'
813 737 947 812 traditur
963 744 1114 818 potestas,

102 841 259 906 perquam
268 821 427 884 ordiantur
446 828 542 903 potest
563 820 676 901 desiisse
696 757 814 884 codrior
829 822 871 884 ad
887 819 1001 893 altore,
1023 820 1118 880 uiiiii'·

102 915 197 970 strare
213 906 356 982 diacono,
378 915 408 968 et
426 902 517 988 lepore
532 903 686 988 epistolam
708 906 739 968 iii
751 906 855 969 missa.
871 909 992 968 Materia
1005 913 1120 966 remoto

103 1001 148 1056 cst
160 993 292 1074 duplex,
316 1009 423 1072 nempe
439 993 514 1052 celir
527 1008 636 1052 vacuus
655 1009 722 1054 cuni
741 1001 844 1072 patena
865 1011 979 1063 vacua,
1000 1007 1118 1051 necnon

104 1078 181 1142 liber
196 1080 398 1158 epistularum.
421 1077 540 1138 Materia
555 1075 694 1156 proximo
707 1085 750 1140 ost
765 1077 874 1140 horum
888 1078 1018 1138 traditio.
1035 1075 1121 1135 Calix

104 1173 204 1226 autem
224 1165 417 1244 probabiliter
440 1162 528 1222 delict
549 1179 612 1221 csse
638 1172 842 1240 consecratus,
862 1172 897 1224 ut
925 1165 1024 1242 pluras
1049 1163 1117 1220 Dl).

104 1252 262 1326 sentiunt3
291 1247 372 1308 unde
400 1248 532 1325 ipsoram
558 1249 704 1308 sententia
729 1249 760 1308 in
786 1249 869 1326 praxi
895 1245 1043 1326 sequenda
1073 1253 1119 1304 cst

105 1333 181 1413 (tib.
194 1336 225 1394 o.
246 1333 554 1410 antisticium
576 1333 701 1394 omuinb
722 1334 887 1412 requiritur
904 1333 1022 1393 traditio
1047 1331 1118 1391 libri

105 1419 295 1497 epistolarum
309 1416 342 1494 (l.
362 1435 432 1479 aii.
444 1419 513 1478 lib.
531 1416 682 1494 Duilli.
701 1419 806 1479 Forma
826 1429 926 1480 autem
943 1427 1012 1478 sunt
1027 1417 1120 1478 rerba

105 1504 257 1581 Episcopi:
273 1501 372 1564 Videte
381 1503 466 1581 cnjus
478 1502 677 1562 ministerium
690 1503 769 1565 uobis
780 1503 919 1581 traditor,
932 1511 982 1564 eto.
995 1505 1093 1563 Etalia
1109 1524 1118 1560 :

105 1584 207 1663 decipe
220 1583 330 1644 tibiam
347 1582 561 1663 epistolarum,
585 1593 617 1644 et
641 1585 714 1648 liobe
733 1594 904 1666 potestatem
926 1586 1040 1668 dependi
1051 1605 1121 1660 eos,

105 1675 158 1729 ete.
175 1668 291 1746 Duplici
313 1669 392 1728 enim
407 1669 539 1728 materiae
551 1669 662 1747 duplex
685 1669 842 1733 adhibetur
861 1674 956 1734 torma
976 1673 1120 1751 partialis.

106 1751 242 1812 Officium
268 1751 438 1813 subdiaconi
461 1751 550 1832 (ultra
580 1753 719 1832 praedicta
752 1756 784 1816 in
813 1757 910 1834 altari)
936 1766 980 1818 est
1005 1757 1122 1816 dcicrre

107 1853 241 1910 erucem,
267 1846 296 1898 et
316 1838 413 1898 lavare
432 1839 608 1916 corporalia.
623 1841 759 1900 Pecoaret
775 1841 990 1913 subdiaconus,
1011 1841 1036 1901 si
1054 1841 1122 1900 alis·

107 1939 166 2000 que
179 1923 330 2005 manipulo
356 1923 526 1984 solemniter
542 1924 726 1986 ministraret
746 1927 777 1986 in
801 1928 911 1998 missa,
929 1927 986 1986 nisi
1002 1933 1123 2005 urgeret

106 2011 279 2084 necessitas,
290 2020 324 2071 ut
335 2010 407 2070 dicit
419 2011 456 2069 P.
470 2011 559 2069 Scor.
573 2011 629 2087 (De
645 2012 766 2071 Ceiisur.
778 2010 856 2089 di'sp.
870 2010 944 2088 42).
962 2013 1007 2069 Au
1020 2022 1122 2070 eutem

106 2094 239 2170 graviter
264 2105 364 2175 peccet
395 2094 592 2161 subdiaconus
617 2094 788 2156 ministrans
821 2095 853 2154 iii
881 2094 1023 2154 mortalit
1045 2095 1122 2156 Vide

77 2184 82 2190 '
105 2176 184 2239 dicta
203 2181 291 2261 supra
304 2201 338 2243 ii.
363 2182 412 2242 ii.
432 2180 563 2241 Clericus
575 2179 633 2259 (vel
654 2180 743 2241 etiam
761 2177 968 2257 subdiaconus)
982 2196 1123 2239 exercens

106 2262 240 2327 cilicium
259 2266 430 2328 subdiaconi
448 2267 513 2325 sine
533 2264 706 2343 manipulo,
727 2266 774 2326 rel
793 2284 862 2325 cuin
883 2264 1035 2343 manipulo
1047 2307 1057 2335 ,
1069 2263 1123 2323 sed

107 2362 168 2405 uon
186 2348 342 2407 intendens
355 2368 392 2408 ex
413 2350 510 2410 alticio
524 2360 622 2410 actum
639 2351 725 2411 illum
739 2351 893 2423 exercere,
914 2368 975 2411 nou
994 2350 1124 2409 incurrit

106 2428 374 2507 irregularitatem
388 2434 457 2508 quin
471 2442 542 2492 tunc
552 2433 596 2510 (tit
610 2434 657 2493 ait
673 2436 799 2514 Bonae.)
810 2444 925 2497 exercet
948 2432 1065 2495 tautum
1077 2433 1123 2492 oi-

107 2512 208 2574 licium
230 2516 368 2577 cantaris.
390 2514 478 2576 Sociis
497 2518 521 2575 si
537 2536 604 2577 cum
623 2519 777 2598 manipulo
797 2520 964 2581 intcnderet
983 2517 1123 2579 exercerc

107 2597 236 2661 officium
248 2602 404 2681 proprium
420 2600 591 2662 subdiaconi
608 2601 693 2681 (Vid.
706 2601 729 2663 l.
751 2606 780 2665 7.
797 2625 829 2665 ri.
847 2603 941 2683 558).

147 2686 197 2747 ts.
220 2718 259 2731 -
280 2689 320 2748 Ut
334 2688 402 2765 quis
417 2688 454 2747 ad
473 2687 716 2749 subdiaconatum
739 2692 832 2769 possit
853 2690 1024 2769 promoveri
1043 2732 1051 2761 ,
1073 2705 1123 2747 re-

110 2772 240 2851 quiritur
254 2774 283 2830 l.
298 2781 332 2833 ut
342 2773 542 2836 sitordinatus
554 2775 586 2833 in
601 2775 778 2835 minoribus.
791 2778 820 2835 2.
832 2777 909 2833 AEtas
924 2776 957 2833 27
974 2790 1123 2832 annorum

110 2858 335 2937 completorum.
359 2857 388 2916 5.
406 2856 525 2916 'litulus
545 2858 765 2919 sustentationis
793 2859 841 2936 (dc
860 2874 920 2933 qua
945 2856 1013 2914 vide
1035 2856 1126 2933 siiprii

111 2942 189 3003 dicta
203 2961 235 3003 ii.
248 2943 297 3003 57.
315 2938 355 3003 ad
371 2939 443 3017 59.)
457 2942 487 3001 l.
501 2942 539 3000 Ut
553 2940 631 3001 benis
645 2943 716 3001 sciat
732 2960 797 3018 quie
808 2942 960 3019 pertinent
976 2939 1014 2997 ad
1033 2956 1124 3002 snum

111 3048 231 3091 munus.
253 3032 282 3091 b.
306 3031 457 3099 Examen,
474 3026 553 3104 quod
573 3026 661 3087 debet
687 3025 807 3105 quidem
821 3024 982 3102 rigorosius
1003 3041 1066 3085 esse
1091 3026 1127 3087 in

109 3113 313 3192 subdiaconis,
335 3123 369 3175 ut
383 3111 462 3174 recti
474 3112 600 3172 advertit
617 3109 807 3173 Hoiiioboiiiis
826 3108 1078 3188 (Poenitentiarius
1090 3110 1123 3173 iu

110 3198 234 3259 Ecclesia
254 3199 381 3280 Borion.)
396 3245 404 3272 ‚
422 3208 451 3261 ct
471 3198 621 3276 signanter
634 3198 710 3258 circa
721 3194 894 3257 subdiaconi
908 3195 1123 3274 obligationes,

110 3298 218 3356 nempe
237 3286 372 3345 servandi
393 3285 580 3358 castitatem,
597 3281 741 3346 recitandi
762 3281 917 3352 officium,
938 3278 1065 3342 habendi
1085 3281 1124 3340 ti·

110 3365 207 3421 tulum
225 3370 445 3429 sustentationis
455 3393 468 3444 ‚·
489 3388 605 3431 necnon
632 3370 722 3429 rciert
741 3366 935 3428 subdiaconos
957 3366 1123 3426 examinaro

109 3444 370 3538 sirmiensium,
392 3460 423 3510 et
452 3454 706 3534 irregularitatis,
736 3472 862 3534 quarum
890 3451 1058 3530 singulatim
1074 3448 1122 3510 liic

109 3527 313 3598 principaliora
329 3528 499 3595 rudimenta
512 3558 582 3608 mox
599 3538 675 3602 iniri
691 3539 821 3601 breviter
836 3536 1061 3597 recensebimus.
