<?xml version="1.0" encoding="UTF-8"?>
<!DOCTYPE html PUBLIC "-//W3C//DTD XHTML 1.0 Transitional//EN"
    "http://www.w3.org/TR/xhtml1/DTD/xhtml1-transitional.dtd">
<html xmlns="http://www.w3.org/1999/xhtml" xml:lang="en" lang="en">
 <head>
  <title>
</title>
<meta http-equiv="Content-Type" content="text/html;charset=utf-8" />
  <meta name='ocr-system' content='tesseract 3.04.00' />
  <meta name='ocr-capabilities' content='ocr_page ocr_carea ocr_par ocr_line ocrx_word'/>
</head>
<body>
  <div class='ocr_page' id='page_1' title='image "./theologiamorali04heilgoog_0327.png"; bbox 0 0 2475 3975; ppageno 0'>
   <div class='ocr_carea' id='block_1_1' title="bbox 379 141 1110 230">
    <p class='ocr_par' dir='ltr' id='par_1_1' title="bbox 379 141 1110 230">
     <span class='ocr_line' id='line_1_1' title="bbox 379 141 1110 230; baseline 0.008 -20"><span class='ocrx_word' id='word_1_1' title='bbox 379 147 429 210; x_wconf 82' lang='lat' dir='ltr'><strong>Ea</strong></span> <span class='ocrx_word' id='word_1_2' title='bbox 441 141 576 230; x_wconf 79' lang='lat' dir='ltr'><strong>operibus</strong></span> <span class='ocrx_word' id='word_1_3' title='bbox 587 145 740 210; x_wconf 80' lang='lat' dir='ltr'><strong>Benedicti</strong></span> <span class='ocrx_word' id='word_1_4' title='bbox 750 148 841 212; x_wconf 80' lang='lat' dir='ltr'><strong>XIV.</strong></span> <span class='ocrx_word' id='word_1_5' title='bbox 1056 153 1110 216; x_wconf 81' lang='lat' dir='ltr'><strong>&#39;o&#39;dl</strong></span> 
     </span>
    </p>
   </div>
   <div class='ocr_carea' id='block_1_2' title="bbox 104 248 1115 646">
    <p class='ocr_par' dir='ltr' id='par_1_2' title="bbox 104 248 1115 646">
     <span class='ocr_line' id='line_1_2' title="bbox 144 248 1114 332; baseline 0.006 -24"><span class='ocrx_word' id='word_1_6' title='bbox 144 248 283 320; x_wconf 83' lang='lat' dir='ltr'><strong>Moniales</strong></span> <span class='ocrx_word' id='word_1_7' title='bbox 303 257 369 328; x_wconf 88' lang='lat' dir='ltr'><strong>post</strong></span> <span class='ocrx_word' id='word_1_8' title='bbox 386 248 596 329; x_wconf 77' lang='lat' dir='ltr'><strong>professionem</strong></span> <span class='ocrx_word' id='word_1_9' title='bbox 608 266 706 328; x_wconf 88' lang='lat' dir='ltr'><strong>neque</strong></span> <span class='ocrx_word' id='word_1_10' title='bbox 726 250 817 310; x_wconf 91' lang='lat' dir='ltr'><strong>etiam</strong></span> <span class='ocrx_word' id='word_1_11' title='bbox 837 248 874 310; x_wconf 90' lang='lat' dir='ltr'><strong>ad</strong></span> <span class='ocrx_word' id='word_1_12' title='bbox 890 248 981 311; x_wconf 85' lang='lat' dir='ltr'><strong>breve</strong></span> <span class='ocrx_word' id='word_1_13' title='bbox 996 259 1114 332; x_wconf 90' lang='lat' dir='ltr'><strong>tempus</strong></span> 
     </span>
     <span class='ocr_line' id='line_1_3' title="bbox 105 331 1114 412; baseline 0.005 -19"><span class='ocrx_word' id='word_1_14' title='bbox 105 332 186 393; x_wconf 81' lang='lat' dir='ltr'><strong>exire</strong></span> <span class='ocrx_word' id='word_1_15' title='bbox 208 341 331 412; x_wconf 76' lang='lat' dir='ltr'>possunt</span> <span class='ocrx_word' id='word_1_16' title='bbox 346 331 375 394; x_wconf 81' lang='grc'><strong>-1</strong></span> <span class='ocrx_word' id='word_1_17' title='bbox 401 335 604 405; x_wconf 90' lang='lat' dir='ltr'><strong>monasterio,</strong></span> <span class='ocrx_word' id='word_1_18' title='bbox 634 334 691 394; x_wconf 89' lang='lat' dir='ltr'><strong>nisi</strong></span> <span class='ocrx_word' id='word_1_19' title='bbox 712 351 749 394; x_wconf 85' lang='lat' dir='ltr'><strong>ex</strong></span> <span class='ocrx_word' id='word_1_20' title='bbox 767 333 865 412; x_wconf 82' lang='lat' dir='ltr'><strong>eliquat</strong></span> <span class='ocrx_word' id='word_1_21' title='bbox 882 333 1013 410; x_wconf 75' lang='lat' dir='ltr'><strong>legitimo</strong></span> <span class='ocrx_word' id='word_1_22' title='bbox 1029 340 1114 398; x_wconf 75' lang='lat' dir='ltr'><strong>causi</strong></span> 
     </span>
     <span class='ocr_line' id='line_1_4' title="bbox 104 415 1115 497; baseline 0.005 -21"><span class='ocrx_word' id='word_1_23' title='bbox 104 417 142 476; x_wconf 93' lang='lat' dir='ltr'><strong>ab</strong></span> <span class='ocrx_word' id='word_1_24' title='bbox 164 417 303 497; x_wconf 82' lang='lat' dir='ltr'><strong>Episcopo</strong></span> <span class='ocrx_word' id='word_1_25' title='bbox 316 415 517 496; x_wconf 74' lang='lat' dir='ltr'><strong>approbandi.</strong></span> <span class='ocrx_word' id='word_1_26' title='bbox 536 417 635 478; x_wconf 84' lang='lat' dir='ltr'><strong>Causae</strong></span> <span class='ocrx_word' id='word_1_27' title='bbox 656 424 757 478; x_wconf 89' lang='lat' dir='ltr'><strong>autem</strong></span> <span class='ocrx_word' id='word_1_28' title='bbox 781 425 851 477; x_wconf 90' lang='lat' dir='ltr'><strong>sunt</strong></span> <span class='ocrx_word' id='word_1_29' title='bbox 869 434 906 478; x_wconf 85' lang='lat' dir='ltr'><strong>ex</strong></span> <span class='ocrx_word' id='word_1_30' title='bbox 929 418 1047 478; x_wconf 71' lang='lat' dir='ltr'><strong>Exta-av.</strong></span> <span class='ocrx_word' id='word_1_31' title='bbox 1062 419 1115 482; x_wconf 85' lang='lat' dir='ltr'><strong>Pii</strong></span> 
     </span>
     <span class='ocr_line' id='line_1_5' title="bbox 108 498 1111 582; baseline 0.003 -20"><span class='ocrx_word' id='word_1_32' title='bbox 108 502 144 562; x_wconf 86' lang='lat' dir='ltr'><strong>V.</strong></span> <span class='ocrx_word' id='word_1_33' title='bbox 165 501 255 580; x_wconf 83' lang='lat' dir='ltr'><strong>incip.</strong></span> <span class='ocrx_word' id='word_1_34' title='bbox 272 498 380 562; x_wconf 82' lang='lat' dir='ltr'><strong>Dacorc&#39;</strong></span> <span class='ocrx_word' id='word_1_35' title='bbox 394 509 451 563; x_wconf 87' lang='lat' dir='ltr'><strong>etc.</strong></span> <span class='ocrx_word' id='word_1_36' title='bbox 474 500 665 576; x_wconf 83' lang='lat' dir='ltr'><strong>incendium,</strong></span> <span class='ocrx_word' id='word_1_37' title='bbox 688 503 770 582; x_wconf 89' lang='lat' dir='ltr'><strong>lepra</strong></span> <span class='ocrx_word' id='word_1_38' title='bbox 792 509 833 573; x_wconf 81' lang='lat' dir='ltr'><strong>ct⁴</strong></span> <span class='ocrx_word' id='word_1_39' title='bbox 852 499 1013 580; x_wconf 90' lang='lat' dir='ltr'><strong>epidemia.</strong></span> <span class='ocrx_word' id='word_1_40' title='bbox 1039 504 1111 565; x_wconf 91' lang='lat' dir='ltr'><strong>lust.</strong></span> 
     </span>
     <span class='ocr_line' id='line_1_6' title="bbox 104 585 385 646; baseline 0.007 -2"><span class='ocrx_word' id='word_1_41' title='bbox 104 585 212 646; x_wconf 89' lang='lat' dir='ltr'><strong>Eeclcs.</strong></span> <span class='ocrx_word' id='word_1_42' title='bbox 227 587 275 646; x_wconf 82' lang='grc'>811.</span> <span class='ocrx_word' id='word_1_43' title='bbox 289 603 321 646; x_wconf 92' lang='lat' dir='ltr'><strong>n.</strong></span> <span class='ocrx_word' id='word_1_44' title='bbox 336 587 385 646; x_wconf 81' lang='grc'><strong>11.</strong></span> 
     </span>
    </p>
   </div>
   <div class='ocr_carea' id='block_1_3' title="bbox 143 671 1113 751">
    <p class='ocr_par' dir='ltr' id='par_1_3' title="bbox 143 671 1113 751">
     <span class='ocr_line' id='line_1_7' title="bbox 143 671 1113 751; baseline 0.007 -23"><span class='ocrx_word' id='word_1_45' title='bbox 143 671 179 729; x_wconf 89' lang='lat' dir='ltr'><strong>ln</strong></span> <span class='ocrx_word' id='word_1_46' title='bbox 203 672 419 733; x_wconf 85' lang='lat' dir='ltr'><strong>consecratione</strong></span> <span class='ocrx_word' id='word_1_47' title='bbox 434 671 533 734; x_wconf 84' lang='lat' dir='ltr'><strong>tamen</strong></span> <span class='ocrx_word' id='word_1_48' title='bbox 551 687 587 733; x_wconf 87' lang='lat' dir='ltr'><strong>cx</strong></span> <span class='ocrx_word' id='word_1_49' title='bbox 603 671 775 751; x_wconf 81' lang='lat' dir='ltr'><strong>praescripto</strong></span> <span class='ocrx_word' id='word_1_50' title='bbox 789 671 969 734; x_wconf 83' lang='lat' dir='ltr'><strong>Pontificalis</strong></span> <span class='ocrx_word' id='word_1_51' title='bbox 987 674 1113 736; x_wconf 88' lang='lat' dir='ltr'><strong>Romani</strong></span> 
     </span>
    </p>
   </div>
   <div class='ocr_carea' id='block_1_4' title="bbox 6 753 1114 835">
    <p class='ocr_par' dir='ltr' id='par_1_4' title="bbox 6 753 1114 835">
     <span class='ocr_line' id='line_1_8' title="bbox 6 753 1114 835; baseline 0.005 -21"><span class='ocrx_word' id='word_1_52' title='bbox 6 781 7 784; x_wconf 38' lang='lat'>¹</span> <span class='ocrx_word' id='word_1_53' title='bbox 104 755 187 815; x_wconf 86' lang='lat' dir='ltr'><strong>exire</strong></span> <span class='ocrx_word' id='word_1_54' title='bbox 201 753 310 814; x_wconf 91' lang='lat' dir='ltr'><strong>debent</strong></span> <span class='ocrx_word' id='word_1_55' title='bbox 326 753 344 815; x_wconf 82' lang='grc'><strong>1</strong></span> <span class='ocrx_word' id='word_1_56' title='bbox 361 756 513 829; x_wconf 74' lang='lat' dir='ltr'><strong>clausum,</strong></span> <span class='ocrx_word' id='word_1_57' title='bbox 532 764 562 818; x_wconf 89' lang='grc'><strong>11</strong></span> <span class='ocrx_word' id='word_1_58' title='bbox 582 756 698 835; x_wconf 78' lang='lat' dir='ltr'><strong>ingredi</strong></span> <span class='ocrx_word' id='word_1_59' title='bbox 719 758 751 816; x_wconf 96' lang='lat' dir='ltr'><strong>in</strong></span> <span class='ocrx_word' id='word_1_60' title='bbox 771 758 928 818; x_wconf 82' lang='lat' dir='ltr'><strong>Ecclesiam</strong></span> <span class='ocrx_word' id='word_1_61' title='bbox 948 757 1114 819; x_wconf 90' lang='lat' dir='ltr'><strong>senioribus</strong></span> 
     </span>
    </p>
   </div>
   <div class='ocr_carea' id='block_1_5' title="bbox 48 837 1114 1511">
    <p class='ocr_par' dir='ltr' id='par_1_5' title="bbox 103 837 1111 986">
     <span class='ocr_line' id='line_1_9' title="bbox 103 837 1111 918; baseline 0.004 -18"><span class='ocrx_word' id='word_1_62' title='bbox 103 838 249 902; x_wconf 89' lang='lat' dir='ltr'><strong>matronis</strong></span> <span class='ocrx_word' id='word_1_63' title='bbox 265 837 314 901; x_wconf 90' lang='lat' dir='ltr'><strong>eas</strong></span> <span class='ocrx_word' id='word_1_64' title='bbox 331 840 540 918; x_wconf 75' lang='lat' dir='ltr'><strong>comitantibus</strong></span> <span class='ocrx_word' id='word_1_65' title='bbox 556 883 565 914; x_wconf 93' lang='lat'>‚</span> <span class='ocrx_word' id='word_1_66' title='bbox 584 848 614 900; x_wconf 90' lang='lat' dir='ltr'><strong>et</strong></span> <span class='ocrx_word' id='word_1_67' title='bbox 628 840 728 900; x_wconf 78' lang='lat' dir='ltr'><strong>statim</strong></span> <span class='ocrx_word' id='word_1_68' title='bbox 752 839 791 900; x_wconf 86' lang='lat' dir='ltr'><strong>ad</strong></span> <span class='ocrx_word' id='word_1_69' title='bbox 812 841 977 904; x_wconf 71' lang='lat' dir='ltr'><strong>clausuram</strong></span> <span class='ocrx_word' id='word_1_70' title='bbox 1002 844 1111 904; x_wconf 91' lang='lat' dir='ltr'><strong>redire.</strong></span> 
     </span>
     <span class='ocr_line' id='line_1_10' title="bbox 105 923 307 986; baseline 0 -2"><span class='ocrx_word' id='word_1_71' title='bbox 105 923 307 986; x_wconf 73' lang='grc'>1111111110.</span> 
     </span>
    </p>

    <p class='ocr_par' dir='ltr' id='par_1_6' title="bbox 48 1007 1114 1344">
     <span class='ocr_line' id='line_1_11' title="bbox 143 1007 1113 1087; baseline 0.005 -19"><span class='ocrx_word' id='word_1_72' title='bbox 143 1009 277 1087; x_wconf 83' lang='lat' dir='ltr'><strong>Denique</strong></span> <span class='ocrx_word' id='word_1_73' title='bbox 304 1010 455 1072; x_wconf 82' lang='lat' dir='ltr'><strong>occasione</strong></span> <span class='ocrx_word' id='word_1_74' title='bbox 482 1007 709 1071; x_wconf 88' lang='lat' dir='ltr'><strong>consecrationis</strong></span> <span class='ocrx_word' id='word_1_75' title='bbox 738 1008 910 1070; x_wconf 89' lang='lat' dir='ltr'><strong>earumdem</strong></span> <span class='ocrx_word' id='word_1_76' title='bbox 939 1013 1113 1073; x_wconf 85' lang='lat' dir='ltr'><strong>monialium</strong></span> 
     </span>
     <span class='ocr_line' id='line_1_12' title="bbox 48 1093 1114 1176; baseline 0.005 -24"><span class='ocrx_word' id='word_1_77' title='bbox 48 1103 50 1106; x_wconf 82' lang='grc'><strong>’</strong></span> <span class='ocrx_word' id='word_1_78' title='bbox 104 1110 166 1153; x_wconf 88' lang='lat' dir='ltr'><strong>non</strong></span> <span class='ocrx_word' id='word_1_79' title='bbox 186 1093 256 1154; x_wconf 87' lang='grc'>11111</span> <span class='ocrx_word' id='word_1_80' title='bbox 267 1094 409 1173; x_wconf 86' lang='lat' dir='ltr'><strong>Episcopo</strong></span> <span class='ocrx_word' id='word_1_81' title='bbox 427 1095 544 1174; x_wconf 79' lang='lat' dir='ltr'><strong>ingredi</strong></span> <span class='ocrx_word' id='word_1_82' title='bbox 563 1095 595 1154; x_wconf 90' lang='lat' dir='ltr'><strong>in</strong></span> <span class='ocrx_word' id='word_1_83' title='bbox 617 1094 808 1167; x_wconf 87' lang='lat' dir='ltr'><strong>clausuram,</strong></span> <span class='ocrx_word' id='word_1_84' title='bbox 829 1113 883 1155; x_wconf 89' lang='lat' dir='ltr'><strong>nec</strong></span> <span class='ocrx_word' id='word_1_85' title='bbox 902 1094 998 1156; x_wconf 86' lang='lat' dir='ltr'><strong>multd</strong></span> <span class='ocrx_word' id='word_1_86' title='bbox 1022 1099 1114 1176; x_wconf 83' lang='lat' dir='ltr'><strong>magis</strong></span> 
     </span>
     <span class='ocr_line' id='line_1_13' title="bbox 104 1177 1114 1258; baseline 0.005 -20"><span class='ocrx_word' id='word_1_87' title='bbox 104 1177 175 1238; x_wconf 86' lang='lat' dir='ltr'><strong>licet</strong></span> <span class='ocrx_word' id='word_1_88' title='bbox 187 1177 217 1238; x_wconf 95' lang='lat' dir='ltr'><strong>id</strong></span> <span class='ocrx_word' id='word_1_89' title='bbox 229 1195 315 1256; x_wconf 80' lang='lat' dir='ltr'><strong>agere</strong></span> <span class='ocrx_word' id='word_1_90' title='bbox 326 1181 467 1258; x_wconf 84' lang='lat' dir='ltr'><strong>magistro</strong></span> <span class='ocrx_word' id='word_1_91' title='bbox 484 1178 745 1254; x_wconf 79' lang='lat' dir='ltr'><strong>ceremoniarum,</strong></span> <span class='ocrx_word' id='word_1_92' title='bbox 763 1188 793 1240; x_wconf 89' lang='lat' dir='ltr'><strong>ct</strong></span> <span class='ocrx_word' id='word_1_93' title='bbox 806 1180 1030 1258; x_wconf 79' lang='lat' dir='ltr'><strong>consanguineis</strong></span> <span class='ocrx_word' id='word_1_94' title='bbox 1044 1200 1114 1243; x_wconf 89' lang='lat' dir='ltr'><strong>eon·</strong></span> 
     </span>
     <span class='ocr_line' id='line_1_14' title="bbox 103 1263 1065 1344; baseline 0.006 -23"><span class='ocrx_word' id='word_1_95' title='bbox 103 1263 482 1344; x_wconf 81' lang='lat' dir='ltr'><strong>sacrandorunlvirginnm.</strong></span> <span class='ocrx_word' id='word_1_96' title='bbox 498 1266 541 1325; x_wconf 91' lang='lat' dir='ltr'><strong>lta</strong></span> <span class='ocrx_word' id='word_1_97' title='bbox 555 1283 591 1324; x_wconf 85' lang='lat' dir='ltr'><strong>ex</strong></span> <span class='ocrx_word' id='word_1_98' title='bbox 604 1263 710 1324; x_wconf 89' lang='lat' dir='ltr'><strong>eodem</strong></span> <span class='ocrx_word' id='word_1_99' title='bbox 720 1265 851 1324; x_wconf 86' lang='lat' dir='ltr'><strong>decreto.</strong></span> <span class='ocrx_word' id='word_1_100' title='bbox 872 1265 948 1325; x_wconf 88' lang='lat' dir='ltr'><strong>ibid.</strong></span> <span class='ocrx_word' id='word_1_101' title='bbox 963 1264 1065 1327; x_wconf 66' lang='grc'>1111.</span> 
     </span>
    </p>

    <p class='ocr_par' dir='ltr' id='par_1_7' title="bbox 102 1347 1114 1511">
     <span class='ocr_line' id='line_1_15' title="bbox 143 1347 1113 1423; baseline 0.007 -16"><span class='ocrx_word' id='word_1_102' title='bbox 143 1347 296 1410; x_wconf 83' lang='lat' dir='ltr'><strong>violantes</strong></span> <span class='ocrx_word' id='word_1_103' title='bbox 322 1350 488 1410; x_wconf 89' lang='lat' dir='ltr'><strong>clausuram</strong></span> <span class='ocrx_word' id='word_1_104' title='bbox 511 1348 687 1409; x_wconf 90' lang='lat' dir='ltr'><strong>monialium</strong></span> <span class='ocrx_word' id='word_1_105' title='bbox 713 1349 749 1408; x_wconf 92' lang='lat' dir='ltr'><strong>ad</strong></span> <span class='ocrx_word' id='word_1_106' title='bbox 771 1349 885 1409; x_wconf 92' lang='lat' dir='ltr'><strong>malum</strong></span> <span class='ocrx_word' id='word_1_107' title='bbox 908 1348 1024 1423; x_wconf 89' lang='lat' dir='ltr'><strong>finem,</strong></span> <span class='ocrx_word' id='word_1_108' title='bbox 1051 1369 1113 1414; x_wconf 90' lang='lat' dir='ltr'><strong>nou</strong></span> 
     </span>
     <span class='ocr_line' id='line_1_16' title="bbox 102 1433 1114 1511; baseline 0.004 -18"><span class='ocrx_word' id='word_1_109' title='bbox 102 1439 204 1493; x_wconf 86' lang='lat' dir='ltr'><strong>lamen</strong></span> <span class='ocrx_word' id='word_1_110' title='bbox 217 1437 361 1511; x_wconf 78' lang='lat' dir='ltr'><strong>praetextu</strong></span> <span class='ocrx_word' id='word_1_111' title='bbox 380 1434 550 1495; x_wconf 79' lang='lat' dir='ltr'><strong>facultatum</strong></span> <span class='ocrx_word' id='word_1_112' title='bbox 570 1433 776 1506; x_wconf 85' lang='lat' dir='ltr'><strong>obtentarum,</strong></span> <span class='ocrx_word' id='word_1_113' title='bbox 790 1451 850 1493; x_wconf 94' lang='lat' dir='ltr'><strong>non</strong></span> <span class='ocrx_word' id='word_1_114' title='bbox 866 1433 977 1495; x_wconf 68' lang='lat' dir='ltr'><strong>cv&#39;itant</strong></span> <span class='ocrx_word' id='word_1_115' title='bbox 996 1453 1114 1497; x_wconf 86' lang='lat' dir='ltr'><strong>excom·</strong></span> 
     </span>
    </p>
   </div>
   <div class='ocr_carea' id='block_1_6' title="bbox 17 1516 1113 1596">
    <p class='ocr_par' dir='ltr' id='par_1_8' title="bbox 17 1516 1113 1596">
     <span class='ocr_line' id='line_1_17' title="bbox 17 1516 1113 1596; baseline 0.002 -20"><span class='ocrx_word' id='word_1_116' title='bbox 17 1549 27 1564; x_wconf 84' lang='lat'><strong>·</strong></span> <span class='ocrx_word' id='word_1_117' title='bbox 103 1517 333 1578; x_wconf 83' lang='lat' dir='ltr'><strong>manicationem</strong></span> <span class='ocrx_word' id='word_1_118' title='bbox 359 1525 536 1578; x_wconf 86' lang='lat' dir='ltr'><strong>reservatam</strong></span> <span class='ocrx_word' id='word_1_119' title='bbox 565 1516 721 1594; x_wconf 80' lang='lat' dir='ltr'><strong>Pontifici3</strong></span> <span class='ocrx_word' id='word_1_120' title='bbox 736 1535 827 1596; x_wconf 91' lang='lat' dir='ltr'><strong>quam</strong></span> <span class='ocrx_word' id='word_1_121' title='bbox 844 1519 935 1578; x_wconf 91' lang='lat' dir='ltr'><strong>etiam</strong></span> <span class='ocrx_word' id='word_1_122' title='bbox 954 1520 1113 1580; x_wconf 87' lang='lat' dir='ltr'><strong>incurrunt</strong></span> 
     </span>
    </p>
   </div>
   <div class='ocr_carea' id='block_1_7' title="bbox 82 1601 1134 2427">
    <p class='ocr_par' dir='ltr' id='par_1_9' title="bbox 102 1601 1112 1850">
     <span class='ocr_line' id='line_1_18' title="bbox 103 1601 1112 1680; baseline 0.006 -20"><span class='ocrx_word' id='word_1_123' title='bbox 103 1602 292 1663; x_wconf 86' lang='lat' dir='ltr'><strong>admittentes</strong></span> <span class='ocrx_word' id='word_1_124' title='bbox 303 1601 471 1679; x_wconf 88' lang='lat' dir='ltr'><strong>hujusmodi</strong></span> <span class='ocrx_word' id='word_1_125' title='bbox 484 1603 640 1664; x_wconf 85' lang='lat' dir='ltr'><strong>violatores</strong></span> <span class='ocrx_word' id='word_1_126' title='bbox 654 1650 663 1672; x_wconf 88' lang='lat'><strong>‚</strong></span> <span class='ocrx_word' id='word_1_127' title='bbox 677 1602 784 1680; x_wconf 89' lang='lat' dir='ltr'><strong>neque</strong></span> <span class='ocrx_word' id='word_1_128' title='bbox 796 1614 975 1664; x_wconf 84' lang='lat' dir='ltr'><strong>excusantur</strong></span> <span class='ocrx_word' id='word_1_129' title='bbox 992 1622 1028 1665; x_wconf 86' lang='lat' dir='ltr'><strong>ex</strong></span> <span class='ocrx_word' id='word_1_130' title='bbox 1038 1610 1112 1667; x_wconf 80' lang='lat' dir='ltr'><strong>‘con-</strong></span> 
     </span>
     <span class='ocr_line' id='line_1_19' title="bbox 103 1687 1112 1767; baseline 0.005 -21"><span class='ocrx_word' id='word_1_131' title='bbox 103 1687 416 1748; x_wconf 78' lang='lat' dir='ltr'><strong>traridconsuetudine</strong></span> <span class='ocrx_word' id='word_1_132' title='bbox 437 1689 525 1748; x_wconf 87' lang='lat' dir='ltr'><strong>ctiam</strong></span> <span class='ocrx_word' id='word_1_133' title='bbox 543 1697 609 1767; x_wconf 85' lang='lat' dir='ltr'><strong>post</strong></span> <span class='ocrx_word' id='word_1_134' title='bbox 621 1689 786 1749; x_wconf 86' lang='lat' dir='ltr'><strong>Concilium</strong></span> <span class='ocrx_word' id='word_1_135' title='bbox 807 1689 988 1750; x_wconf 78' lang='lat' dir='ltr'><strong>introductt.</strong></span> <span class='ocrx_word' id='word_1_136' title='bbox 1012 1691 1057 1750; x_wconf 90' lang='lat' dir='ltr'><strong>lta</strong></span> <span class='ocrx_word' id='word_1_137' title='bbox 1075 1708 1112 1752; x_wconf 86' lang='lat' dir='ltr'><strong>ex</strong></span> 
     </span>
     <span class='ocr_line' id='line_1_20' title="bbox 102 1771 695 1850; baseline -0.002 -21"><span class='ocrx_word' id='word_1_138' title='bbox 102 1771 161 1831; x_wconf 91' lang='lat' dir='ltr'><strong>alio</strong></span> <span class='ocrx_word' id='word_1_139' title='bbox 178 1772 258 1832; x_wconf 89' lang='lat' dir='ltr'><strong>decr.</strong></span> <span class='ocrx_word' id='word_1_140' title='bbox 276 1787 349 1832; x_wconf 90' lang='lat' dir='ltr'><strong>sacr.</strong></span> <span class='ocrx_word' id='word_1_141' title='bbox 366 1773 481 1850; x_wconf 73' lang='lat' dir='ltr'><strong>Gongr.</strong></span> <span class='ocrx_word' id='word_1_142' title='bbox 499 1771 576 1831; x_wconf 90' lang='lat' dir='ltr'><strong>ibid.</strong></span> <span class='ocrx_word' id='word_1_143' title='bbox 598 1789 632 1829; x_wconf 93' lang='lat' dir='ltr'><strong>n.</strong></span> <span class='ocrx_word' id='word_1_144' title='bbox 644 1773 695 1830; x_wconf 78' lang='lat' dir='ltr'><strong>al.</strong></span> 
     </span>
    </p>

    <p class='ocr_par' dir='ltr' id='par_1_10' title="bbox 101 1854 1134 2358">
     <span class='ocr_line' id='line_1_21' title="bbox 143 1854 1111 1932; baseline 0.006 -18"><span class='ocrx_word' id='word_1_145' title='bbox 143 1854 314 1916; x_wconf 84' lang='lat' dir='ltr'><strong>Educendas</strong></span> <span class='ocrx_word' id='word_1_146' title='bbox 338 1855 449 1932; x_wconf 90' lang='lat' dir='ltr'><strong>puellas</strong></span> <span class='ocrx_word' id='word_1_147' title='bbox 475 1864 507 1914; x_wconf 89' lang='lat' dir='ltr'><strong>et</strong></span> <span class='ocrx_word' id='word_1_148' title='bbox 531 1855 656 1914; x_wconf 83' lang='lat' dir='ltr'><strong>famulas</strong></span> <span class='ocrx_word' id='word_1_149' title='bbox 682 1855 714 1914; x_wconf 91' lang='lat' dir='ltr'><strong>in</strong></span> <span class='ocrx_word' id='word_1_150' title='bbox 747 1855 912 1914; x_wconf 88' lang='lat' dir='ltr'><strong>clausuram</strong></span> <span class='ocrx_word' id='word_1_151' title='bbox 936 1857 1111 1920; x_wconf 89' lang='lat' dir='ltr'><strong>monialium</strong></span> 
     </span>
     <span class='ocr_line' id='line_1_22' title="bbox 102 1937 1112 2019; baseline 0.003 -18"><span class='ocrx_word' id='word_1_152' title='bbox 102 1939 252 2002; x_wconf 87' lang='lat' dir='ltr'><strong>introduci</strong></span> <span class='ocrx_word' id='word_1_153' title='bbox 274 1939 461 2019; x_wconf 78' lang='lat' dir='ltr'><strong>quicumque</strong></span> <span class='ocrx_word' id='word_1_154' title='bbox 476 1940 611 2000; x_wconf 76' lang='lat' dir='ltr'><strong>excausa</strong></span> <span class='ocrx_word' id='word_1_155' title='bbox 626 1946 705 1999; x_wconf 85' lang='lat' dir='ltr'><strong>vctat</strong></span> <span class='ocrx_word' id='word_1_156' title='bbox 719 1939 852 1999; x_wconf 82' lang='lat' dir='ltr'><strong>Pontifex</strong></span> <span class='ocrx_word' id='word_1_157' title='bbox 863 1938 927 1999; x_wconf 91' lang='lat' dir='ltr'><strong>sinc</strong></span> <span class='ocrx_word' id='word_1_158' title='bbox 944 1937 1112 2005; x_wconf 74' lang='lat' dir='ltr'><strong>authentica</strong></span> 
     </span>
     <span class='ocr_line' id='line_1_23' title="bbox 101 2024 1134 2105; baseline -0.003 -20"><span class='ocrx_word' id='word_1_159' title='bbox 101 2026 276 2103; x_wconf 79' lang='lat' dir='ltr'><strong>Apostolicae</strong></span> <span class='ocrx_word' id='word_1_160' title='bbox 289 2026 371 2085; x_wconf 90' lang='lat' dir='ltr'><strong>Sedis</strong></span> <span class='ocrx_word' id='word_1_161' title='bbox 383 2026 501 2087; x_wconf 82' lang='lat' dir='ltr'><strong>licentii</strong></span> <span class='ocrx_word' id='word_1_162' title='bbox 515 2026 602 2087; x_wconf 87' lang='lat' dir='ltr'><strong>toties</strong></span> <span class='ocrx_word' id='word_1_163' title='bbox 617 2024 732 2103; x_wconf 88' lang='lat' dir='ltr'><strong>quoties</strong></span> <span class='ocrx_word' id='word_1_164' title='bbox 744 2024 947 2103; x_wconf 79' lang='lat' dir='ltr'><strong>impetrando,</strong></span> <span class='ocrx_word' id='word_1_165' title='bbox 962 2033 992 2085; x_wconf 90' lang='grc'><strong>11</strong></span> <span class='ocrx_word' id='word_1_166' title='bbox 1003 2030 1112 2105; x_wconf 78' lang='lat' dir='ltr'><strong>pravio</strong></span> <span class='ocrx_word' id='word_1_167' title='bbox 1132 2079 1134 2082; x_wconf 84' lang='lat'><strong>.</strong></span> 
     </span>
     <span class='ocr_line' id='line_1_24' title="bbox 103 2107 1112 2189; baseline 0.004 -21"><span class='ocrx_word' id='word_1_168' title='bbox 103 2110 237 2169; x_wconf 76' lang='lat' dir='ltr'><strong>examine</strong></span> <span class='ocrx_word' id='word_1_169' title='bbox 250 2110 477 2170; x_wconf 90' lang='lat' dir='ltr'><strong>Ordinariorum</strong></span> <span class='ocrx_word' id='word_1_170' title='bbox 498 2111 555 2171; x_wconf 92' lang='lat' dir='ltr'><strong>loci</strong></span> <span class='ocrx_word' id='word_1_171' title='bbox 567 2154 575 2183; x_wconf 87' lang='lat'>‚</span> <span class='ocrx_word' id='word_1_172' title='bbox 587 2110 639 2169; x_wconf 90' lang='lat' dir='ltr'><strong>ubi</strong></span> <span class='ocrx_word' id='word_1_173' title='bbox 653 2110 708 2169; x_wconf 86' lang='lat' dir='ltr'><strong>sita</strong></span> <span class='ocrx_word' id='word_1_174' title='bbox 724 2107 1007 2185; x_wconf 88' lang='lat' dir='ltr'><strong>sunt-monasteria,</strong></span> <span class='ocrx_word' id='word_1_175' title='bbox 1022 2128 1112 2189; x_wconf 89' lang='lat' dir='ltr'><strong>super</strong></span> 
     </span>
     <span class='ocr_line' id='line_1_25' title="bbox 103 2192 1110 2270; baseline 0.002 -17"><span class='ocrx_word' id='word_1_176' title='bbox 103 2192 239 2253; x_wconf 85' lang='lat' dir='ltr'><strong>rnoribus</strong></span> <span class='ocrx_word' id='word_1_177' title='bbox 251 2236 259 2265; x_wconf 90' lang='lat'><strong>,</strong></span> <span class='ocrx_word' id='word_1_178' title='bbox 273 2193 375 2266; x_wconf 78' lang='lat' dir='ltr'><strong>lami,</strong></span> <span class='ocrx_word' id='word_1_179' title='bbox 397 2192 566 2266; x_wconf 89' lang='lat' dir='ltr'><strong>habilitate,</strong></span> <span class='ocrx_word' id='word_1_180' title='bbox 587 2194 775 2264; x_wconf 87' lang='lat' dir='ltr'><strong>necessitate,</strong></span> <span class='ocrx_word' id='word_1_181' title='bbox 797 2192 926 2270; x_wconf 87' lang='lat' dir='ltr'><strong>ipsarum</strong></span> <span class='ocrx_word' id='word_1_182' title='bbox 944 2192 1110 2255; x_wconf 91' lang='lat' dir='ltr'><strong>educanda·</strong></span> 
     </span>
     <span class='ocr_line' id='line_1_26' title="bbox 101 2276 1110 2358; baseline 0.004 -21"><span class='ocrx_word' id='word_1_183' title='bbox 101 2294 174 2337; x_wconf 89' lang='lat' dir='ltr'><strong>rum</strong></span> <span class='ocrx_word' id='word_1_184' title='bbox 190 2294 242 2337; x_wconf 89' lang='lat' dir='ltr'><strong>scu</strong></span> <span class='ocrx_word' id='word_1_185' title='bbox 260 2276 448 2339; x_wconf 83' lang='lat' dir='ltr'><strong>famularum.</strong></span> <span class='ocrx_word' id='word_1_186' title='bbox 472 2279 517 2339; x_wconf 86' lang='lat' dir='ltr'><strong>lta</strong></span> <span class='ocrx_word' id='word_1_187' title='bbox 539 2279 570 2339; x_wconf 95' lang='lat' dir='ltr'><strong>in</strong></span> <span class='ocrx_word' id='word_1_188' title='bbox 588 2277 696 2338; x_wconf 85' lang='lat' dir='ltr'><strong>litteris</strong></span> <span class='ocrx_word' id='word_1_189' title='bbox 715 2276 752 2338; x_wconf 91' lang='lat' dir='ltr'><strong>ad</strong></span> <span class='ocrx_word' id='word_1_190' title='bbox 774 2276 950 2355; x_wconf 84' lang='lat' dir='ltr'><strong>Episcopum</strong></span> <span class='ocrx_word' id='word_1_191' title='bbox 973 2286 1110 2358; x_wconf 80' lang='lat' dir='ltr'><strong>portuga-</strong></span> 
     </span>
    </p>

    <p class='ocr_par' dir='ltr' id='par_1_11' title="bbox 82 2363 635 2427">
     <span class='ocr_line' id='line_1_27' title="bbox 82 2363 635 2427; baseline 0.004 -6"><span class='ocrx_word' id='word_1_192' title='bbox 82 2363 240 2427; x_wconf 85' lang='lat' dir='ltr'><strong>llensem.</strong></span> <span class='ocrx_word' id='word_1_193' title='bbox 633 2363 635 2366; x_wconf 78' lang='grc'><strong>’</strong></span> 
     </span>
    </p>
   </div>
   <div class='ocr_carea' id='block_1_8' title="bbox 532 2536 689 2599">
    <p class='ocr_par' dir='ltr' id='par_1_12' title="bbox 532 2536 689 2599">
     <span class='ocr_line' id='line_1_28' title="bbox 532 2536 689 2599; baseline -0.013 0"><span class='ocrx_word' id='word_1_194' title='bbox 532 2536 689 2599; x_wconf 77' lang='lat' dir='ltr'><strong>eueniet.</strong></span> 
     </span>
    </p>
   </div>
   <div class='ocr_carea' id='block_1_9' title="bbox 99 2703 1116 3694">
    <p class='ocr_par' dir='ltr' id='par_1_13' title="bbox 101 2703 1113 3187">
     <span class='ocr_line' id='line_1_29' title="bbox 144 2703 1110 2783; baseline 0.003 -17"><span class='ocrx_word' id='word_1_195' title='bbox 144 2704 264 2766; x_wconf 77' lang='lat' dir='ltr'><strong>clericis</strong></span> <span class='ocrx_word' id='word_1_196' title='bbox 288 2703 427 2765; x_wconf 85' lang='lat' dir='ltr'><strong>omnibns</strong></span> <span class='ocrx_word' id='word_1_197' title='bbox 452 2704 544 2765; x_wconf 88' lang='lat' dir='ltr'><strong>vetari</strong></span> <span class='ocrx_word' id='word_1_198' title='bbox 567 2704 604 2765; x_wconf 93' lang='lat' dir='ltr'><strong>ab</strong></span> <span class='ocrx_word' id='word_1_199' title='bbox 625 2704 768 2783; x_wconf 85' lang='lat' dir='ltr'><strong>Episcopo</strong></span> <span class='ocrx_word' id='word_1_200' title='bbox 786 2710 884 2782; x_wconf 87' lang='lat' dir='ltr'><strong>potest</strong></span> <span class='ocrx_word' id='word_1_201' title='bbox 904 2706 1025 2783; x_wconf 75' lang='lat' dir='ltr'><strong>gestatio</strong></span> <span class='ocrx_word' id='word_1_202' title='bbox 1048 2706 1110 2769; x_wconf 83' lang='lat' dir='ltr'><strong>ticli</strong></span> 
     </span>
     <span class='ocr_line' id='line_1_30' title="bbox 103 2786 1110 2869; baseline 0.002 -18"><span class='ocrx_word' id='word_1_203' title='bbox 103 2789 261 2869; x_wconf 88' lang='lat' dir='ltr'><strong>capillitii;</strong></span> <span class='ocrx_word' id='word_1_204' title='bbox 280 2788 462 2851; x_wconf 85' lang='lat' dir='ltr'><strong>beneficiatis</strong></span> <span class='ocrx_word' id='word_1_205' title='bbox 479 2786 551 2849; x_wconf 84' lang='lat' dir='ltr'><strong>verb</strong></span> <span class='ocrx_word' id='word_1_206' title='bbox 568 2790 657 2849; x_wconf 87' lang='lat' dir='ltr'><strong>etiam</strong></span> <span class='ocrx_word' id='word_1_207' title='bbox 680 2789 712 2848; x_wconf 92' lang='lat' dir='ltr'><strong>in</strong></span> <span class='ocrx_word' id='word_1_208' title='bbox 734 2790 823 2849; x_wconf 86' lang='lat' dir='ltr'><strong>sacris</strong></span> <span class='ocrx_word' id='word_1_209' title='bbox 842 2806 902 2849; x_wconf 88' lang='lat' dir='ltr'><strong>non</strong></span> <span class='ocrx_word' id='word_1_210' title='bbox 924 2792 1110 2864; x_wconf 86' lang='lat' dir='ltr'><strong>constitutis,</strong></span> 
     </span>
     <span class='ocr_line' id='line_1_31' title="bbox 104 2872 1113 2953; baseline 0.003 -20"><span class='ocrx_word' id='word_1_211' title='bbox 104 2875 182 2934; x_wconf 87' lang='lat' dir='ltr'><strong>sicut</strong></span> <span class='ocrx_word' id='word_1_212' title='bbox 198 2874 286 2935; x_wconf 89' lang='lat' dir='ltr'><strong>etiam</strong></span> <span class='ocrx_word' id='word_1_213' title='bbox 303 2872 414 2935; x_wconf 89' lang='lat' dir='ltr'><strong>coeteris</strong></span> <span class='ocrx_word' id='word_1_214' title='bbox 433 2874 521 2933; x_wconf 88' lang='lat' dir='ltr'><strong>sacris</strong></span> <span class='ocrx_word' id='word_1_215' title='bbox 546 2874 690 2945; x_wconf 84' lang='lat' dir='ltr'><strong>initiatis,</strong></span> <span class='ocrx_word' id='word_1_216' title='bbox 704 2874 747 2933; x_wconf 86' lang='lat' dir='ltr'><strong>ias</strong></span> <span class='ocrx_word' id='word_1_217' title='bbox 764 2879 810 2933; x_wconf 84' lang='lat' dir='ltr'><strong>est</strong></span> <span class='ocrx_word' id='word_1_218' title='bbox 831 2875 973 2952; x_wconf 87' lang='lat' dir='ltr'><strong>Episcopo</strong></span> <span class='ocrx_word' id='word_1_219' title='bbox 990 2876 1022 2935; x_wconf 95' lang='lat' dir='ltr'><strong>id</strong></span> <span class='ocrx_word' id='word_1_220' title='bbox 1041 2877 1113 2953; x_wconf 69' lang='lat' dir='ltr'><strong>pro-‘</strong></span> 
     </span>
     <span class='ocr_line' id='line_1_32' title="bbox 103 2955 1111 3035; baseline 0.002 -18"><span class='ocrx_word' id='word_1_221' title='bbox 103 2956 208 3018; x_wconf 81' lang='lat' dir='ltr'><strong>lribdre</strong></span> <span class='ocrx_word' id='word_1_222' title='bbox 227 2960 315 3018; x_wconf 89' lang='lat' dir='ltr'><strong>etiam</strong></span> <span class='ocrx_word' id='word_1_223' title='bbox 340 2958 395 3018; x_wconf 91' lang='lat' dir='ltr'><strong>sub</strong></span> <span class='ocrx_word' id='word_1_224' title='bbox 414 2958 742 3030; x_wconf 86' lang='lat' dir='ltr'><strong>excommunicatione,</strong></span> <span class='ocrx_word' id='word_1_225' title='bbox 771 2955 816 3018; x_wconf 87' lang='lat' dir='ltr'><strong>uti</strong></span> <span class='ocrx_word' id='word_1_226' title='bbox 838 2974 874 3017; x_wconf 87' lang='lat' dir='ltr'><strong>ex</strong></span> <span class='ocrx_word' id='word_1_227' title='bbox 897 2958 1033 3035; x_wconf 88' lang='lat' dir='ltr'><strong>pluribus</strong></span> <span class='ocrx_word' id='word_1_228' title='bbox 1058 2959 1111 3020; x_wconf 92' lang='lat' dir='ltr'><strong>de·</strong></span> 
     </span>
     <span class='ocr_line' id='line_1_33' title="bbox 102 3042 1109 3121; baseline 0.004 -21"><span class='ocrx_word' id='word_1_229' title='bbox 102 3043 192 3101; x_wconf 89' lang='lat' dir='ltr'><strong>cretis</strong></span> <span class='ocrx_word' id='word_1_230' title='bbox 213 3042 243 3102; x_wconf 88' lang='lat' dir='ltr'><strong>S.</strong></span> <span class='ocrx_word' id='word_1_231' title='bbox 261 3044 371 3120; x_wconf 84' lang='lat' dir='ltr'><strong>Congr.</strong></span> <span class='ocrx_word' id='word_1_232' title='bbox 391 3043 435 3101; x_wconf 90' lang='lat' dir='ltr'><strong>Dc</strong></span> <span class='ocrx_word' id='word_1_233' title='bbox 451 3042 523 3121; x_wconf 80' lang='lat' dir='ltr'><strong>Spu.</strong></span> <span class='ocrx_word' id='word_1_234' title='bbox 545 3043 631 3105; x_wconf 84' lang='lat' dir='ltr'><strong>dioec.</strong></span> <span class='ocrx_word' id='word_1_235' title='bbox 659 3043 682 3103; x_wconf 90' lang='lat' dir='ltr'><strong>l.</strong></span> <span class='ocrx_word' id='word_1_236' title='bbox 704 3044 754 3103; x_wconf 89' lang='grc'><strong>11.</strong></span> <span class='ocrx_word' id='word_1_237' title='bbox 771 3060 800 3103; x_wconf 87' lang='grc'><strong>1.</strong></span> <span class='ocrx_word' id='word_1_238' title='bbox 821 3043 852 3101; x_wconf 86' lang='grc'><strong>9.</strong></span> <span class='ocrx_word' id='word_1_239' title='bbox 877 3060 909 3101; x_wconf 87' lang='lat' dir='ltr'><strong>n.</strong></span> <span class='ocrx_word' id='word_1_240' title='bbox 928 3044 959 3104; x_wconf 77' lang='grc'><strong>4.</strong></span> <span class='ocrx_word' id='word_1_241' title='bbox 982 3050 1013 3101; x_wconf 85' lang='grc'><strong>11</strong></span> <span class='ocrx_word' id='word_1_242' title='bbox 1036 3043 1109 3104; x_wconf 87' lang='lat' dir='ltr'><strong>lust.</strong></span> 
     </span>
     <span class='ocr_line' id='line_1_34' title="bbox 101 3124 440 3187; baseline 0.003 -3"><span class='ocrx_word' id='word_1_243' title='bbox 101 3124 211 3186; x_wconf 88' lang='lat' dir='ltr'><strong>Ecclcs.</strong></span> <span class='ocrx_word' id='word_1_244' title='bbox 228 3126 324 3187; x_wconf 73' lang='lat' dir='ltr'><strong>soa</strong></span> <span class='ocrx_word' id='word_1_245' title='bbox 341 3128 374 3185; x_wconf 83' lang='lat'><strong>5.</strong></span> <span class='ocrx_word' id='word_1_246' title='bbox 437 3136 440 3141; x_wconf 80' lang='grc'><strong>’</strong></span> 
     </span>
    </p>

    <p class='ocr_par' dir='ltr' id='par_1_14' title="bbox 99 3204 1116 3609">
     <span class='ocr_line' id='line_1_35' title="bbox 140 3204 1112 3291; baseline 0.003 -21"><span class='ocrx_word' id='word_1_247' title='bbox 140 3210 346 3272; x_wconf 85' lang='lat' dir='ltr'><strong>Sacerdotibus</strong></span> <span class='ocrx_word' id='word_1_248' title='bbox 356 3209 428 3271; x_wconf 85' lang='lat' dir='ltr'><strong>verb</strong></span> <span class='ocrx_word' id='word_1_249' title='bbox 441 3204 555 3272; x_wconf 84' lang='lat' dir='ltr'><strong>sacrum</strong></span> <span class='ocrx_word' id='word_1_250' title='bbox 567 3212 760 3291; x_wconf 86' lang='lat' dir='ltr'><strong>operantibus</strong></span> <span class='ocrx_word' id='word_1_251' title='bbox 788 3228 951 3289; x_wconf 89' lang='lat' dir='ltr'><strong>numquam</strong></span> <span class='ocrx_word' id='word_1_252' title='bbox 973 3214 1019 3274; x_wconf 90' lang='lat' dir='ltr'><strong>uti</strong></span> <span class='ocrx_word' id='word_1_253' title='bbox 1042 3214 1112 3273; x_wconf 83' lang='lat' dir='ltr'><strong>lieet</strong></span> 
     </span>
     <span class='ocr_line' id='line_1_36' title="bbox 100 3295 1110 3375; baseline -0.001 -20"><span class='ocrx_word' id='word_1_254' title='bbox 100 3312 138 3355; x_wconf 90' lang='lat' dir='ltr'><strong>eo</strong></span> <span class='ocrx_word' id='word_1_255' title='bbox 166 3295 330 3375; x_wconf 88' lang='lat' dir='ltr'><strong>capillitio,</strong></span> <span class='ocrx_word' id='word_1_256' title='bbox 355 3296 411 3355; x_wconf 89' lang='lat' dir='ltr'><strong>nisi</strong></span> <span class='ocrx_word' id='word_1_257' title='bbox 436 3295 473 3356; x_wconf 92' lang='lat' dir='ltr'><strong>de</strong></span> <span class='ocrx_word' id='word_1_258' title='bbox 495 3297 614 3357; x_wconf 77' lang='lat' dir='ltr'><strong>licentia</strong></span> <span class='ocrx_word' id='word_1_259' title='bbox 641 3316 731 3359; x_wconf 84' lang='lat' dir='ltr'><strong>sacrae</strong></span> <span class='ocrx_word' id='word_1_260' title='bbox 762 3298 1031 3375; x_wconf 76' lang='lat' dir='ltr'><strong>Congregationi53</strong></span> <span class='ocrx_word' id='word_1_261' title='bbox 1056 3314 1110 3355; x_wconf 90' lang='lat' dir='ltr'><strong>nec</strong></span> 
     </span>
     <span class='ocr_line' id='line_1_37' title="bbox 100 3377 1116 3459; baseline -0.003 -20"><span class='ocrx_word' id='word_1_262' title='bbox 100 3378 191 3439; x_wconf 87' lang='lat' dir='ltr'><strong>ctiam</strong></span> <span class='ocrx_word' id='word_1_263' title='bbox 217 3378 323 3439; x_wconf 84' lang='lat' dir='ltr'><strong>sufficit</strong></span> <span class='ocrx_word' id='word_1_264' title='bbox 345 3379 725 3459; x_wconf 85' lang='lat' dir='ltr'><strong>episcopalispermissio,</strong></span> <span class='ocrx_word' id='word_1_265' title='bbox 752 3377 797 3439; x_wconf 90' lang='lat' dir='ltr'><strong>uti</strong></span> <span class='ocrx_word' id='word_1_266' title='bbox 826 3398 862 3439; x_wconf 87' lang='lat' dir='ltr'><strong>ex</strong></span> <span class='ocrx_word' id='word_1_267' title='bbox 893 3382 988 3443; x_wconf 88' lang='lat' dir='ltr'><strong>literis</strong></span> <span class='ocrx_word' id='word_1_268' title='bbox 1017 3380 1116 3439; x_wconf 38' lang='lat' dir='ltr'><strong>lana-¹</strong></span> 
     </span>
     <span class='ocr_line' id='line_1_38' title="bbox 100 3461 1108 3546; baseline -0.005 -23"><span class='ocrx_word' id='word_1_269' title='bbox 100 3462 192 3525; x_wconf 79' lang='lat' dir='ltr'><strong>ceratii</strong></span> <span class='ocrx_word' id='word_1_270' title='bbox 201 3463 279 3525; x_wconf 81' lang='grc' dir='ltr'><strong>ΧΠ.</strong></span> <span class='ocrx_word' id='word_1_271' title='bbox 291 3464 328 3523; x_wconf 88' lang='lat' dir='ltr'><strong>ad</strong></span> <span class='ocrx_word' id='word_1_272' title='bbox 339 3464 465 3526; x_wconf 87' lang='lat' dir='ltr'><strong>Nuntios</strong></span> <span class='ocrx_word' id='word_1_273' title='bbox 479 3465 655 3545; x_wconf 88' lang='lat' dir='ltr'><strong>apostolicos</strong></span> <span class='ocrx_word' id='word_1_274' title='bbox 665 3472 696 3525; x_wconf 91' lang='grc'><strong>11</strong></span> <span class='ocrx_word' id='word_1_275' title='bbox 710 3464 867 3546; x_wconf 85' lang='lat' dir='ltr'><strong>Episcopus</strong></span> <span class='ocrx_word' id='word_1_276' title='bbox 879 3462 965 3526; x_wconf 88' lang='lat' dir='ltr'><strong>datis.</strong></span> <span class='ocrx_word' id='word_1_277' title='bbox 979 3465 1024 3521; x_wconf 90' lang='lat' dir='ltr'><strong>De</strong></span> <span class='ocrx_word' id='word_1_278' title='bbox 1036 3461 1108 3539; x_wconf 90' lang='lat' dir='ltr'><strong>Syn.</strong></span> 
     </span>
     <span class='ocr_line' id='line_1_39' title="bbox 99 3546 370 3609; baseline 0.007 -2"><span class='ocrx_word' id='word_1_279' title='bbox 99 3546 186 3607; x_wconf 87' lang='lat' dir='ltr'><strong>dioec.</strong></span> <span class='ocrx_word' id='word_1_280' title='bbox 202 3548 278 3607; x_wconf 93' lang='lat' dir='ltr'><strong>lbid.</strong></span> <span class='ocrx_word' id='word_1_281' title='bbox 295 3566 327 3608; x_wconf 89' lang='lat' dir='ltr'><strong>n.</strong></span> <span class='ocrx_word' id='word_1_282' title='bbox 342 3548 370 3609; x_wconf 83' lang='grc'><strong>5.</strong></span> 
     </span>
    </p>

    <p class='ocr_par' dir='ltr' id='par_1_15' title="bbox 143 3623 964 3694">
     <span class='ocr_line' id='line_1_40' title="bbox 143 3623 964 3694; baseline -0.009 0"><span class='ocrx_word' id='word_1_283' title='bbox 143 3632 227 3694; x_wconf 79' lang='lat' dir='ltr'><strong>Tora.</strong></span> <span class='ocrx_word' id='word_1_284' title='bbox 243 3634 303 3694; x_wconf 82' lang='grc' dir='ltr'><strong>ΙΧ.</strong></span> <span class='ocrx_word' id='word_1_285' title='bbox 923 3623 964 3687; x_wconf 72' lang='lat' dir='ltr'><strong>ao</strong></span> 
     </span>
    </p>
   </div>
   <div class='ocr_carea' id='block_1_10' title="bbox 0 0 1242 3975">
    <p class='ocr_par' dir='ltr' id='par_1_16' title="bbox 0 0 1242 3975">
     <span class='ocr_line' id='line_1_41' title="bbox 0 0 1242 3975; baseline 0 1"><span class='ocrx_word' id='word_1_286' title='bbox 0 0 1242 3975; x_wconf 95' lang='lat' dir='ltr'><strong> </strong></span> 
     </span>
    </p>
   </div>
  </div>
 </body>
</html>
