2475 3975
380 197 433 260 d’e
444 194 578 277 operabam
590 191 742 257 Beocdicti
753 193 803 257 Xi
808 195 843 259 V.
874 208 876 214 '
1057 194 1116 258 lob

104 303 192 364 cendi
208 301 311 362 missas
328 298 359 359 in
371 299 423 359 sud
439 298 556 359 dioecesi
569 342 577 370 ‚
591 304 687 377 potest
699 296 787 357 etiam
801 293 942 357 reducere
957 310 1012 373 pro
1026 312 1115 373 regu·

104 390 238 459 laribus,
259 396 295 448 ut
317 386 469 465 delegatus
489 385 572 445 Sedis
592 383 779 463 apostolica,
802 383 826 444 si
848 381 885 443 ad
906 382 992 443 iilum
1013 401 1115 445 rceur·

105 483 185 537 rant.
206 471 283 534 ibid.

144 562 189 619 Ne
201 575 288 619 novae
303 563 354 616 aut
369 554 515 617 inusitatae
528 555 674 616 orationes
688 554 719 615 in
731 552 819 615 missd
834 554 1020 627 recitentur,
1037 556 1113 615 veti·

103 650 173 705 tum
189 651 233 703 est
252 644 283 702 in
301 640 382 701 bulla
402 638 656 716 Queoaodmodcioa
676 656 783 718 preces.

143 730 210 788 Non
228 726 357 805 promoti
371 725 408 784 ad
423 726 678 803 presbyteratum,
695 723 720 781 si
738 722 855 783 missam
869 723 1038 796 celebrent,
1054 730 1113 784 tra·

103 811 194 873 dandi
210 818 280 871 sunt
293 808 310 869 b
325 809 475 887 judicibus
490 811 522 869 S.
537 808 740 886 inquisitionis
758 810 855 869 Curiae
875 809 1005 869 saeculari
1026 810 1112 887 puni·

104 896 175 958 endi
199 914 236 957 ex
260 893 520 955 constitutionibus
543 888 639 953 Pauli
661 894 681 952 1
684 893 721 954 V
741 890 823 952 steca·
848 895 882 955 V.
905 903 935 954 et
960 892 1113 954 Clementis

110 982 200 1042 VIII.
220 980 296 1041 item
313 978 383 1040 Uria.
401 977 520 1040 VIIL‘
511 996 544 1037 rn
564 976 720 1037 constitut.
743 974 934 1055 Apostolotals
958 974 1110 1057 officium,

103 1064 247 1149 iispoenis
259 1062 378 1140 subjicit
398 1062 490 1123 etiam
512 1062 644 1122 minores
664 1063 750 1121 annis
763 1063 823 1133 25,
838 1062 1000 1123 dummodo
1013 1066 1053 1123 20
1067 1080 1113 1123 cx

104 1141 262 1226 plev'crint.
276 1149 334 1207 iias
353 1146 579 1209 constitutiones
598 1146 720 1207 innovat
739 1106 850 1205 Beued.
865 1146 957 1209 XIV.
980 1146 1012 1205 in
1033 1144 1112 1206 bulld

103 1230 279 1294 Sacerdos
265 1252 300 1293 ao
318 1241 481 1304 (etonem,
502 1238 533 1291 et
551 1230 651 1304 addit,
671 1230 800 1307 singulas
813 1232 933 1291 testium
953 1230 1113 1308 depositio·

103 1334 179 1388 nes,
196 1334 304 1396 nempe
324 1316 444 1394 quando
465 1324 553 1376 testes
572 1316 605 1374 in
629 1316 689 1375 suis
713 1314 946 1394 depositionibus
962 1322 1032 1375 sunt
1051 1315 1112 1383 sin·

101 1400 241 1477 guieres,
261 1401 360 1463 valere
381 1400 417 1461 ad
437 1417 559 1460 reorum
581 1398 976 1460 torturam.Va1dreautem
997 1400 1034 1459 ad
1055 1419 1113 1477 poe·

102 1502 193 1561 nam,
207 1486 232 1545 si
249 1486 424 1546 ordinarius
441 1484 635 1545 declaraverit
651 1501 706 1562 per
721 1484 866 1562 simplices
879 1484 991 1547 litteras
1004 1530 1012 1556 ,
1026 1504 1112 1545 reum

101 1566 165 1629 ase
180 1587 241 1630 non
259 1588 321 1630 esse
337 1578 520 1649 promotum.
534 1572 568 1627 in
586 1567 689 1627 eidem
708 1568 787 1627 bulla
806 1568 910 1627 iisdem
926 1570 1112 1629 constitutio-

102 1653 193 1714 nibus
212 1654 331 1731 snbjicit
348 1653 403 1715 bos
416 1672 483 1715 reos
501 1654 681 1713 celebrantes
699 1670 789 1712 unam
803 1651 919 1713 tantiam
934 1654 1029 1713 missae
1045 1672 1111 1733 par-

101 1746 188 1809 tem,
205 1736 368 1799 dummodo
391 1738 585 1797 elevationem
608 1738 789 1813 peregerint.
809 1736 839 1793 Si
861 1753 929 1795 rens
954 1735 1006 1795 bas
1028 1756 1111 1798 crec-

101 1823 238 1901 ptiones,
254 1822 296 1881 sic
312 1821 328 1880 ia
348 1820 490 1880 Pontifice
507 1819 653 1891 sublatae,
676 1817 883 1896 praetenderit,
895 1820 956 1877 sive
971 1821 1030 1881 iliae
1042 1840 1112 1882 con·

99 1906 229 1983 junctim
246 1905 489 1981 considerentur,
508 1904 570 1963 sive
581 1903 752 1982 singulatim
765 1946 773 1977 ,
788 1919 848 1961 non
869 1910 968 1962 tamen
987 1906 1055 1964 satis
1068 1912 1113 1965 est

102 1990 177 2064 boc,
192 1989 352 2073 quominus
365 1990 520 2052 tradantur
538 1988 659 2050 brachio
678 1989 809 2049 saeculari
824 1989 848 2047 si
864 1988 924 2048 sint
940 1989 1005 2048 laici
1014 2035 1024 2065 ,
1041 1998 1071 2051 et
1086 1992 1110 2051 si

102 2077 201 2138 cleriei
212 2074 372 2156 quominus
384 2075 560 2154 procedatur
572 2073 609 2134 ad
622 2073 863 2152 degradationem
876 2080 907 2133 et
922 2071 1111 2136 traditionem

101 2160 224 2223 brachio
244 2161 387 2222 saeculari.
411 2160 545 2220 Declarat
565 2161 688 2237 insuper
711 2159 866 2230 Pontifex,
887 2157 997 2221 eisdem
1016 2159 1112 2236 poenis
1176 2183 1183 2200 =

101 2246 237 2307 submitti
256 2262 457 2325 quoscumque
476 2263 538 2306 non
557 2244 721 2304 sacerdotes
739 2244 978 2304 sacramentalem
1001 2243 1113 2304 confes-

101 2331 217 2392 sionem
233 2331 384 2390 audientes
398 2339 428 2390 et
438 2329 654 2390 absolutionem
669 2328 881 2408 impertientes.
895 2328 925 2388 Si
939 2337 1038 2387 tamen
1050 2345 1111 2388 non

101 2417 143 2476 sit
159 2417 271 2495 prolata
291 2415 454 2490 absolutio,
469 2425 541 2476 tune
560 2413 692 2494 djudice
704 2415 895 2480 ecclesiastico
912 2415 1011 2478 minor
1025 2432 1110 2494 poeua

102 2512 148 2569 est
166 2500 357 2580 injungenda.
375 2501 449 2562 ibid.
463 2500 536 2581 §.8

79 2660 84 2668 ι
141 2584 317 2647 Benedictus
327 2587 418 2648 XIV
430 2587 563 2648 concedit
575 2586 756 2666 presbyteris
775 2584 860 2646 latini
874 2583 949 2644 riuis
966 2553 1111 2646 inRussid

102 2669 240 2731 Polonicd
257 2669 433 2766 degentibus
450 2673 553 2732 missas
569 2670 814 2732 celebrantibus'
807 2688 838 2728 1n
853 2668 986 2728 Ecclesiis
999 2669 1112 2730 liuthe-

103 2773 213 2816 norum
234 2755 410 2828 unitorum,
435 2761 469 2815 ut
493 2755 698 2816 deficientibus
720 2753 861 2815 altaribus
886 2770 936 2813 seu
964 2752 1110 2832 lapidibus

102 2840 297 2912 consecratis,
316 2850 346 2901 et
366 2840 505 2902 calicibus
523 2843 620 2902 aureis
641 2841 689 2900 vei
712 2840 876 2919 argenteis,
894 2839 1012 2898 missam
1035 2841 1111 2900 eele-

102 2924 191 2985 brare
207 2924 318 3002 possint
338 2944 428 3006 super
449 2927 623 2988 antimensia
641 2927 816 2987 eorumdem
826 2922 1031 2988 Rutbenorum
1042 2967 1050 2999 ‚
1061 2925 1110 2984 La·

101 3007 168 3082 tino
188 3016 288 3070 umen
306 3008 378 3071 ritu.
394 3011 478 3071 Bulla
496 3013 639 3093 lrnpoeito
657 3009 752 3073 nobo.

504 3180 702 3243 moniales.

143 3347 317 3410 ttionlalium
336 3349 477 3428 proiessio
492 3350 626 3429 religiosa
641 3357 711 3411 ante
723 3348 871 3410 decimum
887 3356 1002 3408 sextum
1015 3347 1108 3409 aetatis

102 3450 216 3496 annum
226 3433 395 3512 expletum,
406 3443 436 3494 et
449 3444 581 3494 exactum
592 3452 703 3494 annum
717 3431 875 3497 novitiatais
887 3434 1009 3502 emissa,
1023 3430 1108 3492 irritu

104 3529 201 3578 estex
219 3517 303 3577 Trid.
323 3536 392 3578 sess.
412 3520 462 3580 db.
477 3536 504 3576 c.
522 3519 570 3578 tt.
583 3520 627 3576 Dc
637 3518 708 3596 Syn.
723 3516 808 3575 dioec.
822 3515 845 3574 i.
860 3517 907 3574 ld.
923 3533 948 3572 c.
968 3515 1017 3573 te.
1031 3529 1063 3570 n.
1079 3515 1106 3572 l.

106 3603 303 3683 Excipiuntur
323 3611 422 3665 tamen
438 3602 596 3677 mulieres,
610 3619 676 3679 quac
697 3600 891 3674 poenitentes,
909 3603 961 3657 aut
979 3597 1107 3659 Conver-
