2475 3975
106 181 167 248 936
340 184 473 246 Erotttea
487 183 731 246 ordinandomtm.
751 186 823 266 Cap.
837 187 866 246 3.

109 283 277 356 venialem,
303 285 485 366 probabilitis
506 297 604 347 tamen
628 297 750 349 estesse
770 287 940 358 mortalem,
958 288 983 348 si
999 288 1037 347 sit
1060 289 1117 352 lra-

110 387 224 445 ouens,
241 389 310 432 eum
325 373 476 450 proposito
492 372 664 449 frequentor
674 391 741 433 eum
756 391 790 433 eo
805 372 1060 433 communicandi.

456 551 495 610 ll.
510 552 556 611 De
565 551 765 634 suspensione.

148 733 197 795 et.
209 764 248 778 -
264 669 439 796 Sasima
456 736 501 790 est
514 745 655 804 censura,
669 733 730 811 qud
744 729 864 793 εἱενίεεε
880 729 1048 814 functiones
1061 731 1117 796 oli·
1214 795 1216 824 4

110 813 397 898 qunaeoeksiosticas
406 816 535 876 exercere
543 814 723 896 proltalietur.
734 818 1040 894 Multiplieitarautem
1049 818 1119 878 divi·
1215 824 1217 900 l

110 904 191 964 ditor
199 903 361 980 suspensio.
374 902 475 965 tullia
490 899 557 962 esta
568 900 652 979 jure:
668 903 723 963 alio
732 902 768 963 ab
777 901 908 963 homine.
920 903 1014 964 tatia
1026 902 1121 964 sartor

111 987 149 1048 ad
167 995 434 1064 castamserram,
449 987 618 1065 quoelapso
635 989 749 1067 expirat
766 1010 773 1048 ε
788 989 843 1047 alia
863 989 957 1047 fertur
971 986 1120 1060 absolute,
1191 1033 1194 1042 .
1218 1054 1219 1090 1

111 1092 178 1152 quse
207 1079 306 1132 monet
327 1071 421 1131 donee
447 1090 502 1150 per
522 1071 737 1133 ahsolutionem
758 1071 917 1132 auferatur.
947 1073 975 1130 5.
996 1071 1061 1130 Alia
1078 1079 1122 1130 est
1218 1111 1219 1114 η

112 1160 150 1219 ab
162 1157 278 1229 officio,
291 1175 397 1233 nempe
410 1156 523 1216 ordinis
536 1199 545 1228 ‚
557 1157 603 1216 vel
614 1157 829 1234 jurisdictionis
840 1179 848 1233 3
859 1159 914 1216 alia
927 1155 943 1215 a
957 1156 1122 1232 benefieio;
1219 1168 1220 1212 t

113 1253 144 1304 et
160 1244 216 1302 alia
238 1241 275 1302 ab
292 1249 438 1318 utroque,
457 1249 518 1301 tam
534 1241 571 1301 ab
592 1241 711 1315 officio,
729 1241 817 1320 quam
836 1240 853 1301 d
876 1239 1125 1306 beneficio.Vide
1220 1282 1221 1296 .

113 1329 290 1408 quaestiones
303 1345 391 1406 snper
403 1325 458 1388 hac
468 1345 591 1389 censura
599 1327 633 1389 in
644 1325 768 1390 Morali.
781 1326 802 1389 l.
814 1329 844 1390 7.
861 1346 894 1387 n.
908 1329 975 1388 512.
993 1333 1095 1406 etseq.

456 1511 509 1570 lll.
526 1513 571 1571 De
590 1509 779 1593 depositione.

150 1679 199 1740 83.
214 1711 254 1724 -
266 1619 446 1743 Βεεοειτιο
458 1685 502 1737 est
520 1694 587 1757 quer
603 1679 705 1759 privat
723 1677 897 1762 simpliciter
908 1682 991 1744 omni
1005 1699 1063 1743 uste
1077 1684 1126 1763 of·
1223 1691 1224 1698 ’

110 1761 268 1844 fieiorrtm,
282 1773 311 1826 et
334 1761 548 1842 beneficiorum.
570 1765 721 1843 Depositio
740 1775 841 1826 antem
858 1767 913 1826 alia
938 1777 981 1828 est
1006 1763 1097 1826 realis
1116 1812 1125 1836 ,

112 1869 178 1930 quae
197 1847 307 1909 dicitur
329 1850 419 1909 etiam
438 1848 621 1927 degradatio.
644 1851 708 1910 Alia
732 1849 880 1924 verbalis,
906 1871 971 1930 quae
992 1849 1127 1912 absolate

110 1935 180 1997 dien
194 1953 221 1995 tr
231 1935 385 2015 depositio.
401 1936 500 1995 Prima
513 1934 548 1999 iit
567 1953 635 1996 cum
651 1937 855 2008 solemnitate,
877 1947 905 1997 et
920 1938 1016 2014 privat
1032 1937 1125 2014 privi·
1226 1970 1227 1989 .

114 2022 192 2101 legio
212 2028 275 2083 taam
294 2021 365 2097 lori,
387 2017 476 2097 quim
493 2020 631 2091 canonis,
648 2022 758 2096 absque
773 2039 824 2097 spe
844 2021 1049 2079 restitutionis.
1072 2023 1127 2081 Se·

114 2104 209 2166 cunda
221 2105 293 2167 vero
303 2106 337 2167 lit
349 2106 413 2166 sine
422 2103 627 2178 solemnitate,
641 2112 671 2165 et
684 2113 809 2183 utroque
823 2102 975 2183 privilegio
988 2112 1128 2183 ratent03

113 2188 179 2252 aide
191 2186 213 2251 i.
229 2192 260 2251 7.
275 2210 307 2253 rt.
319 2192 386 2253 525.
923 2200 925 2209 '

472 2375 524 2432 tv.
537 2374 583 2434 De
600 2373 765 2437 interdicto.

153 2555 201 2616 86.
217 2586 254 2599 -
269 2493 861 2617 lsraamerutrastoensureaeelesiostiea
872 2552 1027 2635 prohibens
1040 2570 1127 2615 usitata

115 2650 177 2704 tom
198 2638 368 2702 divinorum
382 2633 566 2718 officioram,
587 2640 679 2717 quim
691 2636 822 2701 oliorum
843 2644 1101 2703 sacramentorum
1117 2684 1126 2711 ‚

115 2736 144 2789 et
153 2725 243 2787 etiem
254 2722 452 2786 ecclesiastieae
464 2719 624 2803 sepulture·
647 2742 735 2786 asam
748 2770 756 2798 ‚
769 2725 916 2807 quaternis
929 2722 1059 2787 tulisset.
1074 2726 1129 2785 Di·

116 2816 212 2885 oitur,
229 2809 376 2893 quomoda
393 2806 463 2869 telis
481 2817 542 2885 est,
563 2812 634 2889 quia
647 2812 910 2873 excommunicatio
926 2814 1016 2871 etiam
1031 2812 1130 2887 privat

116 2901 220 2961 eodem
245 2914 322 2964 usu.
347 2894 398 2954 sed
422 2893 568 2972 quatends
586 2905 630 2956 est
645 2898 871 2957 communicatio
884 2914 952 2954 enm
972 2894 1129 2971 fidelibus3
1159 2948 1172 2959 ,

116 2985 267 3063 suspensio
284 2990 382 3043 autem
409 2998 470 3041 non
487 2980 612 3058 impedit
625 2978 742 3058 proprie
759 2998 843 3039 nsum
858 3023 867 3050 ,
882 2979 932 3038 sed
952 2978 1129 3039 exercitium

117 3071 269 3147 potestatis
294 3067 502 3129 aeclesiastica.
530 3067 725 3127 interdictum
751 3063 830 3127 aliud
850 3073 893 3123 est
912 3060 1021 3134 locale,
1047 3065 1129 3142 quod

117 3152 287 3214 immediate
304 3153 393 3213 afficit
405 3153 518 3222 locum,
539 3150 619 3210 aliud
630 3147 800 3229 personale,
815 3148 923 3209 immed
929 3148 985 3209 iate
998 3148 1129 3209 alliciens

117 3253 267 3312 personas.
294 3240 392 3297 Potest
411 3255 473 3297 esse
491 3236 580 3295 etiam
608 3235 764 3308 mixtum,
786 3233 866 3311 quod
893 3232 1000 3294 alliciat
1023 3234 1131 3293 imme·

117 3315 195 3375 diatd
222 3326 281 3373 tam
304 3320 403 3379 locum
426 3320 515 3398 quim
540 3319 660 3379 incolas.
689 3317 759 3381 Vide
777 3316 840 3381 alio
859 3314 881 3379 l.
904 3316 934 3378 7.
956 3337 988 3379 rt.
1012 3319 1082 3379 528.
1101 3324 1131 3377 et

118 3415 178 3475 seq.
192 3398 282 3457 Adest
291 3404 380 3459 etiam
393 3404 516 3465 cessatio
528 3406 547 3464 d
560 3402 684 3481 divinis,
700 3422 767 3481 quaa
781 3405 924 3465 definitur
938 3424 946 3463 a
961 3401 1129 3465 Prohibitio

117 3476 228 3567 clerico
250 3478 350 3558 saeta,
374 3492 410 3541 at
429 3487 601 3551 obstineant
622 3488 660 3552 nb
680 3488 786 3571 officiis
799 3489 926 3563 divitus,
948 3496 977 3551 et
994 3487 1031 3550 ab
1043 3485 1128 3548 ecele-

118 3561 237 3619 siasttca
270 3559 433 3636 sepulture.
457 3570 526 3632 iloec
555 3584 682 3638 nonest
713 3594 855 3654 censura,
887 3592 940 3637 noo
964 3573 1128 3653 imponitur
