2475 3975
354 158 852 245 Deinlettupatiambussora‘enrlis.
1065 168 1107 234 stt

95 265 232 351 quesibi
248 282 356 343 magno
375 264 495 337 rubori,
508 275 539 325 ct
549 263 735 327 contumeliae
746 263 857 325 babent
869 280 901 326 se
912 264 951 327 tle
962 265 999 329 iis
1011 266 1106 331 inter·

95 352 199 433 rogari
210 396 218 426 ,
231 352 272 412 sit
290 348 396 411 decere
411 349 619 411 confessarium
632 392 641 421 ,
655 357 690 410 nt
706 349 778 429 ipsis
795 350 837 410 sie
854 348 1030 431 dimersio
1050 350 1104 416 etr·

93 438 209 501 ciamus
221 436 284 497 uno
297 430 391 496 simol
402 440 483 495 actes
492 432 685 508 christianos,
700 432 747 495 (lic
759 452 893 497 mecum.-
906 436 1102 513 Deus'naeaer,

91 524 171 667 ἵυία
182 539 211 583 es
224 518 334 581 emtas
349 514 539 599 infallibilis,
550 524 580 579 et
597 518 672 598 quio
689 526 799 581 sunctae
809 516 947 581 Ecclesiae
968 526 1002 581 tu
1022 539 1103 583 reos·

109 606 172 668 uata'
180 649 190 679 ‚
208 602 290 666 credo
302 600 451 684 quidquid
461 599 711 664 sunctuBccleaiu
728 600 1007 680 medoeetcrealese3
1020 603 1105 669 eredo

94 692 245 777 proempul
258 700 284 753 te
292 708 352 753 esse
363 708 459 751 onum
471 691 569 750 neam
581 733 590 763 ,
600 696 630 751 et
640 696 699 751 tres
707 690 871 767 Personam
882 688 967 751 eredo
977 688 1103 769 Filium,

93 780 164 841 cim
176 779 257 839 Deus
267 783 358 851 esset,
371 793 401 838 se
418 768 520 855 scurae
536 773 866 848 hominembonum
884 792 944 838 esse
955 774 1101 851 tame,

93 864 304 935 recensuisse,
323 868 352 921 et
372 857 413 921 orl
429 856 514 921 celos
531 858 714 932 ascendisse,
731 866 760 919 et
771 856 856 920 illine
872 866 1030 923 acutarum
1041 877 1103 923 esse

93 944 426 1028 mauerjeaticotorcm,
438 943 556 1005 utboni
563 940 805 1025 parodisiqlorio
816 941 980 1022 seruetur,
991 942 1105 1008 ermuli

92 1034 129 1095 s'aa
153 1040 263 1095 murno
282 1026 349 1112 iprae
366 1030 544 1092 crucientur.
565 1027 710 1091 Preterel
727 1028 941 1090 advertendum
958 1028 1009 1101 id,
1021 1029 1102 1109 qnod

93 1117 169 1180 dicit
184 1114 294 1177 Becco.
307 1116 358 1177 XI
362 1116 399 1177 V.
413 1116 445 1176 in
467 1114 591 1177 constit.
610 1116 661 1175 tr.
675 1112 711 1175 de
724 1112 861 1175 doemon
880 1111 989 1176 christ.
1002 1112 1031 1193 ς.
1052 1116 1100 1175 te.

87 1202 175 1283 (aide
192 1202 225 1261 in
239 1197 373 1279 Bullrr.)
385 1219 492 1279 nempe
512 1200 750 1279 negandamesse
770 1198 985 1260 absolutionem
1006 1199 1102 1279 preni-

91 1286 190 1361 teuti‚
206 1284 457 1363 quiculpabiliter
471 1284 599 1365 neglexit
612 1285 760 1346 addiscere
771 1302 821 1345 res
836 1284 906 1344 fidei
920 1284 995 1345 scitu
1006 1300 1102 1347 neess-

85 1372 183 1436 socias
204 1370 243 1431 de
262 1370 433 1431 necessitate
450 1377 514 1430 tam
538 1368 651 1440 medii,
666 1368 757 1447 quim
776 1367 927 1446 precepti.
948 1368 1006 1429 Sed
1024 1370 1102 1431 circu

90 1474 140 1519 res
159 1453 317 1535 praecepti,
331 1455 373 1515 uit
386 1472 469 1533 posse
485 1454 597 1515 sbsolvi
614 1453 818 1533 ignorantem,
828 1453 853 1514 si
863 1450 934 1513 vere
946 1455 1103 1531 promittat

89 1540 260 1612 addiscere,
275 1536 321 1599 bis
339 1538 457 1600 verbis:
474 1540 519 1600 Eo
541 1536 717 1619 quaterque
734 1555 806 1598 casu
823 1535 968 1617 penitens
990 1535 1104 1600 ubsolm

90 1630 205 1706 potest,
218 1640 276 1701 quo
293 1638 323 1683 se
340 1620 487 1685 vineibilis
505 1621 596 1705 brejas
610 1623 790 1703 pronuntias
807 1639 890 1682 reum
902 1620 1052 1702 renoscis,
1071 1627 1103 1683 el

87 1706 241 1791 prescierit
253 1724 375 1789 operum
391 1724 422 1769 se
439 1706 582 1769 dameam
601 1706 748 1768 uddbcem
760 1706 924 1769 marmoree
934 1704 1102 1769 necessitato

81 1791 239 1876 praecepti.
254 1794 284 1853 2.
298 1792 345 1853 aln
365 1793 589 1871 superstitiones
605 1792 788 1861 exercuerit,
800 1799 853 1851 aut
867 1792 940 1852 ulios
952 1792 1099 1864 docuerit,

88 1887 121 1941 et
145 1877 171 1937 si
197 1876 230 1937 in
248 1877 320 1956 ipsis
334 1878 462 1939 eliorum
482 1876 647 1937 ministerio
670 1893 742 1936 usus
764 1875 872 1947 luerit,
894 1894 969 1954 quos
985 1876 1024 1937 ud
1044 1893 1100 1937 suo

80 1966 210 2044 peceato
222 1961 441 2040 eobpcrundum
455 1960 628 2039 induxerit3
645 1958 781 2040 quocircrl
798 1959 886 2022 debet
899 1962 988 2024 rudes
998 1960 1101 2024 admo·

88 2046 164 2108 nere
175 2089 185 2120 ‚
198 2047 423 2126 superstitiones
443 2065 597 2126 uunquam
614 2065 677 2108 csso
698 2047 812 2120 licitus,
825 2049 962 2125 quumvis
975 2066 1014 2108 ex
1030 2045 1100 2108 cha-

87 2133 197 2204 ritate,
212 2138 263 2191 aut
286 2131 319 2191 iu
338 2132 510 2193 necessitate
526 2131 609 2192 fiant.
623 2131 696 2205 Quoe
706 2141 805 2192 autem
821 2133 951 2191 actiones
966 2131 1026 2191 sint
1045 2147 1100 2191 nec

90 2233 129 2276 no
145 2213 382 2294 superstitiones,
396 2215 467 2278 vido
484 2216 517 2276 in
526 2215 625 2292 Opere
643 2211 678 2291 (l.
693 2215 724 2274 l.
737 2231 768 2272 n.
788 2213 845 2287 5.).
859 2214 889 2272 5.
905 2215 951 2274 An
967 2231 1100 2292 unquam

89 2300 163 2363 olim
178 2291 289 2360 rubore
305 2299 443 2360 suffectus
462 2299 495 2360 in
515 2293 697 2360 coniemione
713 2297 834 2374 uliquod
852 2306 1003 2377 peccatum
1026 2301 1101 2360 reti-

87 2384 208 2446 cuerit?
221 2385 260 2444 Et
283 2382 338 2445 hle
363 2385 597 2464 interrogatione
615 2381 833 2462 utplurimum
859 2391 943 2444 curet
957 2384 1098 2446 sciscitari

79 2467 199 2540 rudes,
222 2475 253 2530 et
274 2469 481 2540 mulierculas,
505 2469 557 2548 qui
583 2467 653 2530 rsrb
678 2469 870 2546 frequentant
894 2480 1096 2544 sacramento,

86 2551 212 2614 dicendo
223 2551 266 2614 eis
278 2573 287 2611 r
301 2556 416 2615 Forsan
432 2550 544 2634 uliquis
562 2553 632 2616 aitte
649 2560 792 2613 urenmtae
811 2549 969 2632 scrupulus
986 2561 1012 2615 tc
1024 2571 1099 2616 mor·

83 2635 150 2714 det‚·
162 2654 325 2698 caraunus
338 2636 407 2698 beni
417 2635 551 2716 confiteri
558 2682 568 2714 ‚
583 2636 631 2699 dic
642 2637 744 2699 amasia
755 2632 895 2713 libenter,
909 2635 974 2698 coli
985 2640 1096 2713 umbe,

84 2738 204 2784 omnem
214 2721 389 2802 scrupulum
403 2721 442 2785 ub
455 2721 559 2784 animo
571 2729 625 2782 tato
642 2719 771 2801 depone,
784 2728 838 2782 etr.
859 2723 920 2782 tlte
933 2722 1098 2802 interrogat·

84 2807 188 2878 bone,
199 2803 295 2884 ojebst
307 2808 428 2886 quidum
442 2807 568 2886 diligens
586 2807 757 2886 operarius,
773 2806 790 2866 o
807 2823 838 2868 se
854 2808 965 2868 multus
982 2809 1097 2870 unimus

84 2891 103 2952 b
122 2891 356 2953 confessionibus
368 2893 517 2966 sacrilegis
529 2893 618 2955 luisse
633 2893 784 2953 buccatas.
797 2893 828 2953 si
844 2903 944 2954 autem
967 2895 1098 2973 reperiat

1 3039 2 3046 ,
84 2974 148 3054 jum
161 2973 333 3052 hujusmodi
352 2978 501 3058 sacrilegio
514 2977 602 3040 inisse
615 2984 749 3058 patrata,
767 2984 801 3040 ut
810 2977 848 3038 de
860 2996 985 3039 numero
1000 2987 1097 3042 certus

85 3060 157 3132 fist,
176 3059 340 3140 interroget
358 3063 493 3140 quoties,
514 3063 592 3126 intro
611 3063 668 3124 hoo
690 3071 827 3141 tempus,
848 3059 866 3122 b
891 3080 951 3141 quo
977 3081 1097 3141 peceare

1 3207 3 3221 ‚
86 3143 227 3217 cesserit,
240 3147 388 3208 consessus
397 3149 456 3226 sit,
470 3157 502 3210 et
517 3147 801 3210 communicaverit?
813 3153 844 3206 et
859 3147 884 3208 si
897 3149 1097 3225 quotiescum-

87 3243 146 3304 que
160 3225 376 3305 confitebatur,
389 3234 438 3294 vel
457 3232 712 3305 communicabat,
734 3231 772 3291 ad
791 3232 976 3312 sacrilegium
990 3233 1097 3297 edver-

87 3309 192 3370 tebot‘l
202 3313 356 3396 Contingit
372 3317 453 3380 enim
465 3317 612 3396 aliquibus
626 3315 778 3378 interdum
790 3317 930 3397 sacrilege
941 3317 1095 3397 confiteri,

49 3409 53 3416 ’
87 3394 238 3474 precipue
252 3398 286 3460 in
303 3403 451 3479 pueritie,
475 3410 506 3464 et
526 3411 627 3482 postea
645 3400 761 3462 ‘borum
785 3401 938 3479 oblivisci3
962 3401 996 3462 bi
1014 3403 1096 3464 enim

87 3495 149 3540 uon
163 3487 307 3545 tenentur
322 3485 360 3546 ad
380 3485 552 3568 repetendas
571 3484 767 3550 confossiones
787 3485 945 3548 oblivionis
962 3494 1097 3564 tempore

87 3565 189 3629 lactus.
205 3567 281 3632 tum
301 3570 481 3656 interroget,
494 3571 599 3640 utrum
610 3571 892 3638 succurrentibus
907 3571 1098 3634 consessioni-
