2475 3975
279 137 307 216 ς.
321 138 396 198 vlt.
405 138 593 198 imminentis
608 137 714 202 mortis
727 142 824 222 seyne.
1002 147 1059 208 185

55 265 96 309 eas
119 251 170 305 aut
191 241 347 320 lanugines
362 241 521 321 eolligere3
541 241 687 321 frigiditas
710 244 742 306 in
761 247 900 308 extremis
921 248 1059 309 omnibus

72 331 194 393 artibus.

54 352 152 477 p282.
176 415 265 492 Signa
287 419 388 473 tamen
412 412 595 490 proximiora
617 413 795 492 expirationi
818 423 888 477 sunt
903 417 1057 496 respiratio

52 499 245 562 intermittens
257 506 309 558 aut
323 497 462 576 languida
476 518 487 574 3
502 496 627 558 deiectio
640 499 760 577 pulsris3
773 500 911 563 dentiam
927 509 1058 563 eormre-

53 584 230 656 tie,stridor
251 604 260 642 ε
284 581 439 644 distillatio
459 583 493 642 in
515 583 600 660 gela,
619 585 687 644 lene
706 585 855 662 quoddam
874 586 1058 666 suspirium,

54 678 98 730 aut
108 668 254 748 gemitus,
269 667 399 747 lacryma
414 684 469 745 per
482 683 514 728 se
527 666 623 730 fluens
633 688 643 746 3
653 669 714 731 oris
724 713 732 744 ‚
741 671 914 747 oculorum,
927 679 959 734 et
970 671 1059 734 totius

55 755 179 832 eorporis
190 752 294 814 tersio.

83 839 150 900 285.
172 837 351 898 advertatur
366 837 397 899 t.
410 835 491 915 qudd
499 837 669 899 laborantes
683 837 857 916 hydropisi,
870 841 959 904 eetiea
972 841 1059 909 labri.

51 925 92 984 rel
108 923 250 995 vulnere,
274 921 437 992 asthmata,
455 922 636 1000 pleuritide,
649 923 893 1000 sanguinislluxu
904 969 912 997 ,
923 928 1057 997 vomitu,

51 1009 149 1088 angina
163 1053 172 1080 ‚
186 1016 217 1068 et
235 1007 447 1083 reumatismo,
463 1005 616 1067 interdum
638 1025 706 1068 eum
727 1008 828 1086 paneis
840 1011 1060 1070 nominatorum

50 1093 217 1172 signorum.
244 1100 274 1152 et
308 1109 378 1152 eum
407 1091 495 1171 pulsu
526 1090 651 1164 valido,
681 1110 715 1152 ae
748 1093 902 1170 loquentes
926 1095 1060 1170 expirare

50 1179 147 1238 solent.
171 1176 352 1237 Advertstur
375 1177 407 1236 2.
430 1176 581 1254 proximos
601 1176 692 1237 morti
719 1193 800 1248 esse,
827 1178 880 1255 qui
901 1177 1060 1256 pleuritide

53 1261 202 1334 laborant,
222 1260 294 1321 dum
318 1261 523 1337 respirationis
543 1261 725 1334 difficultas,
748 1261 898 1322 anhelitus
919 1281 1060 1342 augmen-

52 1352 133 1419 tum,
150 1354 184 1408 et
204 1345 281 1406 labia
302 1343 394 1405 livida
419 1352 573 1424 apparent.
598 1347 757 1408 vulnerati
783 1347 880 1424 eapite
909 1347 1059 1408 interdum

50 1431 197 1494 subitaneo
214 1429 349 1506 deliquio
371 1431 556 1490 moriuntur.
584 1430 770 1510 Hydropiei‚
796 1429 870 1492 dum
892 1431 994 1509 pulsus
1014 1433 1060 1494 de

49 1514 124 1589 ficit,
146 1526 180 1576 et
204 1513 354 1576 anhelitus
373 1515 499 1590 ereseit,
522 1533 556 1576 ae
579 1515 612 1576 in
631 1533 683 1578 ore
714 1534 820 1594 spuma
843 1525 975 1595 apparet.
1001 1517 1059 1592 Qui

48 1600 117 1660 lebri
144 1599 364 1662 intermittente
392 1599 551 1675 laborant,
571 1601 649 1662 mori
672 1601 767 1662 solent
784 1603 818 1662 in
846 1601 994 1680 principio
1017 1619 1060 1662 aa·

49 1686 208 1757 cessionis,
232 1683 306 1744 dum
325 1685 532 1745 convulsiones
560 1683 750 1746 vehementes
772 1693 854 1746 sunt.
880 1686 1060 1748 Advertatur

51 1769 78 1828 5.
94 1769 176 1848 qubd
188 1770 220 1832 iu
239 1768 388 1846 aliquibus
400 1769 520 1847 aegrotis
537 1767 625 1828 flatus
644 1777 687 1830 est
698 1769 906 1842 adeodatus,
922 1778 954 1830 et
964 1769 1059 1830 cordis

49 1853 220 1932 exagitatio,
241 1851 355 1929 etjam
374 1852 488 1913 mortui
517 1852 698 1924 videantur,
722 1861 754 1914 et
771 1856 872 1913 tamen
897 1871 957 1914 non
977 1863 1057 1914 aaut.

49 1938 130 2017 Signa
143 1939 272 2001 certiora
284 1937 390 1999 mortis
407 1944 478 1998 sunt
493 1938 631 1999 omnium
648 1938 778 2018 partium
795 1936 955 2017 frigiditas,
970 1938 1060 2006 etiam

50 2022 76 2082 in
87 2026 210 2102 regione
226 2023 342 2097 eordis,
355 2017 488 2102 eorporis
503 2026 652 2103 gravitas,
667 2023 792 2103 alicujus
805 2024 925 2101 spiritus
938 2022 1060 2081 naribus

49 2107 326 2186 admotistimulum
339 2125 403 2168 non
421 2109 552 2182 sentire,
582 2109 737 2186 speeulum
757 2108 803 2167 eri
824 2122 972 2168 aceessum
986 2104 1059 2165 flatu

50 2208 102 2253 non
137 2191 310 2262 maculari,
337 2200 369 2249 et
390 2191 511 2250 similia.
537 2190 669 2251 Demdm
695 2192 887 2259 advertatur,
910 2186 990 2266 qudd
1013 2188 1060 2249 in-

48 2276 165 2338 terddm
184 2273 268 2351 signa
285 2272 422 2351 superiirs
443 2275 476 2334 in
492 2277 591 2353 primo
607 2276 671 2336 loeo
690 2275 817 2337 adducta
830 2274 954 2351 fallunt,
970 2275 1060 2339 etiam

49 2360 107 2421 sine
128 2358 191 2420 illis
211 2357 334 2435 repente
356 2358 487 2419 moritur
508 2360 673 2421 infirmus:
698 2360 824 2439 ideoque
837 2356 910 2421 dum
932 2367 1058 2438 aegrotus

49 2440 78 2502 in
87 2451 314 2522 agenemanet,
330 2443 466 2505 sacerdos
479 2453 597 2525 oportet
609 2462 649 2505 ne
661 2463 793 2526 unquam
813 2446 900 2505 illum
912 2444 1038 2510 deserat.

392 2644 420 2726 S.
434 2648 515 2708 Vlll.
530 2656 561 2709 et
579 2647 731 2708 ultimus·

208 2814 330 2889 Preces,
343 2820 426 2875 uetes
440 2812 599 2876 ebriatierti
607 2861 618 2893 ,
640 2822 669 2876 et
683 2813 899 2877 benedictiones.

87 3057 154 3119 est.
176 2993 340 3125 Sacranos
357 3058 481 3120 domum
495 3060 599 3138 aegroti
610 3060 779 3140 ingrediens
816 3058 893 3121 dieat
910 3054 975 3131 ej.
988 3058 1057 3119 Poe

56 3136 116 3202 trata
134 3140 245 3204 destrui.
257 3149 297 3221 pi.
309 3146 351 3205 Et
362 3142 499 3205 omnebus
511 3142 713 3207 babitantibus
726 3145 760 3205 t're
777 3162 823 3205 ea.

88 3226 264 3296 Cubiculum
284 3228 361 3305 aqud
380 3228 537 3290 benedieti
549 3240 703 3308 asperget,
723 3228 843 3289 diceus:
862 3227 1057 3311 Aspergasme

56 3303 196 3457 ampo,
222 3310 434 3376 erotundata
457 3336 469 3374 .-
491 3310 605 3378 tavare
623 3332 687 3387 mo,
703 3320 732 3373 et
747 3330 836 3400 super·
855 3310 954 3374 niuem
977 3310 1057 3375 deol-

89 3440 200 3542 Deiude
213 3479 312 3542 dieere
336 3488 433 3560 potest
456 3443 627 3555 orationes,
650 3498 716 3559 quae
738 3482 770 3543 in
790 3482 899 3543 llituali
919 3496 973 3559 pro
1000 3480 1057 3537 Ex-

59 3565 146 3623 trema
173 3557 319 3627 ltnetian‘e
336 3573 448 3627 extem.
463 3567 565 3626 Postea
587 3566 792 3643 Redemptoris
810 3567 969 3706 imaginem
983 3562 1058 3621 neei-
