2475 3975
118 134 174 199 lut
386 130 497 195 Proeto
511 129 695 211 confessarii.
710 130 784 213 Cep.
800 133 848 197 lt.

118 238 261 315 llsrtyms
281 234 373 299 saneti
397 232 505 295 hilaros
526 231 563 293 od
586 233 718 311 patibulo
738 233 958 312 procedebant,
977 241 1013 297 at
1036 236 1128 299 eittds

118 318 176 382 troo
189 321 356 400 perieulum
376 319 560 397 effugerent,
582 326 614 379 et
636 319 699 378 Deo
718 317 901 379 fruerentur.
921 321 995 380 llino
1016 320 1129 382 dieitur

119 405 151 465 in
171 406 346 487 Apocalypsi
366 406 427 485 (lt.
443 402 526 483 ldis
543 402 633 463 Beati
650 401 783 473 mortni,
798 402 854 483 qni
870 403 905 463 in
920 404 1050 468 Domino
1065 422 1130 463 nso

118 488 276 551 rinnmr...
287 498 323 551 nt
335 488 518 570 requirerent
528 487 548 547 d
559 484 709 549 laboribus
719 486 795 549 sais.
808 489 843 549 ln
855 486 911 549 hee
925 487 1130 567 lacrymosum

119 574 197 635 velle
215 577 342 637 virtores
361 590 463 634 sumus
477 594 485 632 ι
500 573 607 633 Non...
627 570 767 634 dedemus
778 568 828 633 tte
839 580 1006 635 mamertem
1027 572 1131 635 eisita-

122 666 189 721 tem.
202 660 292 723 uetr.
309 660 357 721 15.
370 660 420 719 lt.
433 658 720 736 Unusquisque‚eut
730 660 792 719 Rex
801 700 812 732 ‚
822 668 874 718 out
882 659 1036 733 Pontifex,
1048 674 1130 722 mer·

123 752 182 807 tam
198 746 299 805 subire
319 743 419 805 debet.

158 846 227 907 249.
252 847 395 907 ilortetur
419 844 595 917 infirmum,
620 851 656 905 ut
674 843 739 905 neo
757 843 866 922 pretim
886 853 954 923 aget
974 844 1044 925 quis
1063 862 1129 908 nun

122 933 256 1012 permisit
277 950 347 995 euru
371 932 448 993 mori
471 940 605 1010 tempore
624 945 687 1009 quo
703 939 769 1012 eret
789 931 823 991 iu
842 939 980 1010 pereum
1003 940 1035 992 ot
1056 932 1131 1011 quie

121 1027 193 1080 tune
211 1018 308 1098 ipsam
326 1018 517 1078 snersmentis·
532 1016 684 1076 munitam
699 1006 848 1076 discedere
862 1015 1005 1095 disponit.
1023 1016 1128 1093 Dicet,

122 1107 225 1166 saltem
243 1110 370 1165 mortem
392 1101 497 1163 libenti
517 1102 617 1161 animo
635 1095 838 1177 exeiplendem
851 1118 933 1174 esse,
949 1102 1133 1178 quiueradi·

123 1206 189 1249 nnus
204 1194 248 1248 tot
261 1190 338 1246 leves
349 1186 447 1265 colpos
457 1184 494 1260 ,d
510 1184 619 1263 quibos
636 1186 669 1245 lo
686 1183 742 1245 nae
752 1187 816 1245 vito
832 1186 1130 1249 innuooessonon

122 1288 288 1353 possumus.

160 1374 231 1433 250.
254 1372 338 1433 Dicet
356 1378 467 1451 oegroto
481 1391 490 1429 r
505 1371 612 1453 Frater
630 1366 693 1442 mi,
715 1375 843 1451 oportet,
864 1376 901 1430 at
919 1376 947 1431 te
965 1368 1131 1451 eonformes

121 1452 273 1517 volantati
282 1456 357 1534 Dei,
371 1456 445 1536 qaia
461 1453 564 1516 amnia
581 1452 715 1535 disponit
726 1462 847 1535 propter
860 1462 993 1515 nonnam
1009 1454 1129 1517 denam

125 1539 200 1615 Quis
220 1540 298 1611 seit,
321 1558 363 1601 an
387 1540 417 1599 si
435 1534 566 1618 amplias
586 1536 717 1609 viveres,
738 1540 873 1599 animam
892 1537 1054 1619 perderes?
1070 1541 1132 1606 Sed

121 1625 199 1685 dicet
213 1624 373 1683 infirmusz
391 1624 455 1703 Epo
468 1622 564 1682 nivere
578 1629 727 1701 aptarem,
747 1620 789 1683 ad
804 1620 939 1701 atiqaam
949 1622 1131 1687 Deodeeal·

120 1709 170 1793 pis
192 1706 264 1769 meis
287 1702 519 1787 satisfactionem
543 1704 754 1785 prebendam,
776 1714 806 1767 et
826 1704 946 1787 aliqssid
968 1707 1039 1769 boni
1061 1718 1132 1769 ante

124 1803 247 1855 mortem
257 1788 455 1877 peraqendam
466 1835 473 1861 ,
484 1788 555 1851 daim
568 1806 662 1869 nsque
680 1789 776 1853 adias
790 1789 870 1852 nili!
880 1793 935 1872 eqi.
946 1792 1132 1872 Respondeat
1182 1866 1188 1875 ¹

122 1880 256 1943 sacerdes
274 1900 282 1940 ε
299 1876 390 1951 Fili,
414 1872 500 1939 natta
519 1876 699 1957 pentametro
719 1882 763 1937 est
784 1877 848 1938 Deo
867 1878 965 1958 maqis
989 1888 1130 1959 accepta,

121 1968 213 2052 qadm
230 1972 351 2026 mortem
364 1960 398 2024 in
413 1969 597 2044 peccatoram
612 1960 809 2042 expiationem
824 1959 947 2026 libenter
962 1971 1131 2046 acceptam

123 2049 282 2132 nullusque
306 2057 389 2112 uatus
414 2043 569 2130 perfectior
590 2055 656 2122 est,
678 2048 769 2127 qaum
790 2056 914 2111 ntartem
937 2047 1066 2130 erupere
1089 2049 1132 2112 od

121 2135 302 2199 uoluntatem
313 2132 370 2196 Del
386 2129 595 2212 exequendam.

162 2240 232 2302 att.
248 2239 300 2300 Vl.
314 2235 459 2298 Adversus
479 2236 674 2296 tentationem
695 2229 873 2297 Mhoesiom's
888 2234 973 2298 bonis
987 2279 997 2308 ,
1013 2242 1045 2296 et
1060 2253 1132 2316 pro·

123 2322 255 2404 pinquis.
280 2323 329 2381 Eis
353 2320 462 2398 quibus
486 2321 563 2380 mori
590 2318 747 2398 displicet,
770 2320 840 2398 quie
863 2319 953 2378 nimis
977 2319 1132 2380 adhaerent

122 2406 209 2468 bonis
221 2448 230 2476 ,
242 2403 321 2464 diest
335 2402 547 2476 oppressoriae,
561 2401 625 2466 here
639 2423 700 2466 non
711 2422 773 2465 esse
787 2422 857 2465 vera
875 2403 970 2474 bons,
986 2403 1056 2464 edm
1071 2404 1132 2466 sint

122 2487 327 2558 transeuntia,
344 2494 374 2545 et
391 2485 429 2546 de
443 2485 527 2548 brevi
548 2487 715 2561 delectare,
738 2496 770 2550 et
786 2489 812 2550 si
825 2507 885 2551 nan
897 2487 1059 2563 deficiunt,
1077 2506 1133 2570 po·

123 2571 182 2635 tide
198 2571 331 2632 animum
348 2579 481 2651 angunt,
497 2570 585 2650 quim
599 2573 742 2634 solentur.

128 2727 130 2733 ,
161 2673 230 2737 252.
244 2673 275 2734 Si
298 2680 398 2734 eutem
416 2671 557 2754 adfligitur
577 2673 716 2737 infirmus
736 2680 858 2754 propter
872 2671 1131 2752 uxorem‚·filios‚

124 2767 177 2822 eut
197 2766 320 2836 nepotes
343 2755 465 2840 dilectos
480 2801 489 2830 ,
505 2776 580 2838 quos
596 2760 760 2838 relinquit,
776 2757 885 2820 blundd
902 2758 944 2819 sie
964 2757 1102 2818 hortetur
1121 2779 1131 2819 a

124 2840 189 2908 Fili
199 2843 243 2904 rm'
252 2884 262 2912 ,
275 2848 420 2904 statatum
435 2849 479 2902 est
489 2841 625 2906 mnnlbm
635 2842 715 2905 nwri
723 2887 732 2916 ‚
749 2860 847 2904 omnm
857 2850 884 2902 te
902 2839 1006 2903 ordine
1016 2859 1135 2922 sequane

127 2936 177 2990 tur
184 2951 196 3006 ;
210 2945 289 3004 nane
308 2933 367 2986 taoe
380 2921 474 2986 saluti
485 2923 622 2999 consule,
639 2935 668 2988 el
686 2927 821 2988 animam
833 2934 917 2987 taam
928 2922 1035 3003 salua,
1049 2928 1133 2990 etsie

123 3030 179 3093 pro
199 3013 273 3094 ipsis
294 3011 328 3072 e'n
345 3005 413 3072 coelo
438 3008 560 3086 oratis,
576 3015 697 3092 unaque
711 3031 778 3072 sam
800 3009 875 3094 ipsis
895 3012 954 3072 eris
968 3007 1132 3092 aliquam

127 3095 228 3159 beatus
244 3098 278 3158 in
301 3105 454 3158 aeternnm.
469 3093 526 3156 Sed
547 3115 627 3158 nane
639 3095 713 3178 qnid
730 3093 864 3169 dubius,
883 3097 974 3178 qudm
986 3092 1136 3176 proficisci

125 3178 166 3240 ml
180 3181 361 3242 monerodnm
376 3200 443 3244 eam
459 3183 532 3242 desa
547 3181 680 3260 Christo,
698 3201 766 3247 oum
776 3177 891 3262 sepino
903 3177 987 3253 cali,
1000 3187 1030 3240 et
1041 3176 1142 3240 mnni.

125 3261 182 3325 bns
193 3263 328 3324 Sanctis!

164 3355 233 3416 253.
247 3353 277 3411 Si
294 3364 392 3416 sutem
408 3360 542 3437 angitur,
557 3360 626 3436 quie
640 3356 813 3435 conjunctos
825 3373 894 3418 suos
908 3355 1052 3432 relinquit
1063 3355 1129 3424 inoff

127 3455 197 3516 pes,
217 3435 243 3497 ei
256 3435 334 3494 dieat
349 3459 357 3496 ι
373 3441 454 3500 Audi
462 3440 534 3520 fili,
551 3443 580 3504 si
600 3451 635 3502 tn
649 3450 792 3504 eternum
808 3439 933 3504 onorem
949 3438 1112 3517 assequeris
1123 3489 1141 3512 „
1236 3450 1237 3459 ’

128 3519 221 3587 malti
234 3516 340 3584 melias
358 3520 393 3584 da
409 3521 478 3584 eaelo
492 3569 500 3598 ,
522 3529 611 3610 quidm
621 3526 657 3594 de
673 3535 752 3589 terra
767 3528 828 3590 tais
839 3543 923 3610 opem
937 3521 1016 3605 ferro
1022 3524 1153 3612 prmum·

1089 3675 1101 3695 2.

1071 3738 1077 3746 ⁸
1161 3735 1168 3759 l.

1032 3807 1038 3815 .
1109 3747 1182 3833 q„
