2475 3975
396 162 424 245 5.
438 164 476 224 ll.
492 161 610 225 ilorcila
631 171 671 223 act
683 159 836 244 parochos.
1057 164 1115 225 tto

112 261 203 335 nicis,
221 269 251 324 ct
264 264 344 325 tostis
360 263 617 343 principalioribus
629 283 638 336 3
652 281 689 321 ex
708 280 768 339 quo
788 264 930 323 Doctores
948 261 1025 342 (aide
1043 261 1066 323 l.
1081 265 1111 325 l.

108 367 139 409 n.
152 349 221 409 ⁶269.
235 356 264 411 et
279 348 522 427 astelebrunna
541 348 671 425 graviter
685 344 976 426 peccareparocbum
992 349 1043 427 qui
1059 366 1113 427 per

106 453 237 497 mensem
259 438 454 507 continuum,
477 444 528 496 aut
546 453 599 514 per
619 443 679 494 tras
695 451 809 493 menses
827 434 1028 497 discontinuos
1047 453 1113 497 con·

106 520 225 581 ciouare
248 522 376 590 omittit,
398 520 527 599 exeeptis
552 518 669 579 duobus
690 519 843 579 mensibus
856 564 864 591 ‚
877 520 909 579 in
930 520 1037 597 quibus
1050 538 1112 599 per·

105 604 198 665 mittit
208 607 291 665 Trici.
304 604 456 683 parochis,
472 623 507 665 ex
514 602 592 682 justa
603 622 687 664 causa
702 602 739 663 ab
751 604 893 681 Episcopo
906 604 1109 681 approbanda,

103 705 187 763 posse
206 689 285 750 licitd
302 690 409 755 abesse.
428 692 464 750 Et
477 685 525 749 hic
542 686 705 750 natandum
720 693 766 745 est
777 730 785 757 ,
796 688 930 748 Trident.
946 688 1027 767 (sess.
1040 692 1068 749 ii.
1083 708 1117 750 c..

104 774 132 833 h.
148 770 184 832 de
198 772 276 852 lies.)
290 774 478 850 praecepisse,
490 782 524 832 ut
537 770 657 849 parochi
669 788 884 848 gregemsuum
901 772 993 831 verbo
1009 772 1110 835 diviua

104 865 224 934 pascant
240 902 247 929 ‚
265 875 414 919 sermones
431 858 527 917 faciles
540 874 594 935 pro
606 855 670 932 ejus
682 864 767 931 captu
780 853 918 915 babentes
928 900 936 926 ,
948 875 1007 934 qno
1019 860 1111 935 possit

101 943 231 1019 populus
251 959 372 1019 capere,
385 960 450 1019 qum
473 941 516 1001 illi
530 940 763 999 concionantur:
780 938 941 999 enimenim
955 953 1110 1019 expertum

101 1024 247 1099 babetur,
261 1027 368 1096 fidam,
382 1027 458 1087 sicin
478 1018 540 1105 ipsa
555 1022 736 1085 diffunditur
755 1022 982 1101 praedicatione,
997 1028 1037 1086 ita
1056 1046 1110 1106 per

100 1111 235 1171 camdem
254 1112 419 1173 conservari
437 1110 523 1192 (fides
537 1128 574 1171 ea·
594 1107 735 1187 ondita),
753 1107 860 1187 pariam
885 1109 1007 1171 utilitati
1023 1122 1111 1173 erunt

101 1195 221 1274 papulis
236 1214 277 1257 eae
293 1198 463 1269 conciones,
478 1216 544 1275 quae
560 1194 671 1255 similos
682 1212 743 1255 non
757 1204 846 1254 erunt
856 1194 900 1255 illi
917 1195 1109 1258 concionandi

96 1280 230 1358 rationi,
250 1281 338 1359 quant
352 1291 514 1343 tenuerunt
525 1281 660 1341 Christus
671 1322 680 1350 ,
693 1289 724 1338 ct
741 1279 889 1357 Apostoli,
904 1280 957 1359 qui
977 1282 1111 1359 praedica·

99 1363 174 1425 bant
193 1384 254 1426 nou
275 1367 306 1426 in
322 1362 567 1446 persuasibilibus
588 1363 728 1425 hnmana
749 1364 1038 1443 contentiosnis,
1059 1365 1111 1428 sed

46 1512 54 1529 ‚
100 1448 317 1511 a'n‘estensiane
331 1448 456 1531 spiritate
471 1449 663 1519 alacritatis,
685 1458 719 1507 ut
735 1448 891 1526 Apostolus
908 1451 960 1509 ait.
981 1450 1110 1529 Ideoque

97 1535 169 1611 jure
180 1537 288 1595 merito
299 1537 336 1595 V.
353 1537 385 1594 P.
400 1535 537 1611 Magister
552 1530 641 1594 Avila
655 1552 715 1595 non
727 1534 795 1595 lesu
816 1533 924 1595 Christi
942 1536 1108 1609 ministros,

98 1620 152 1681 scd
173 1620 339 1698 proditores
358 1621 523 1699 appellabat
537 1638 603 1693 eos,
627 1618 679 1699 qui
699 1620 796 1682 inanis
821 1621 923 1698 gloriae
949 1623 1111 1701 cupiditate

99 1705 256 1766 conciones
278 1703 398 1765 habent.
413 1708 449 1765 Et
467 1707 505 1765 P.
528 1704 794 1786 GosporSonctias
810 1704 927 1783 ajebat,
942 1706 988 1767 bis
1012 1708 1110 1769 nullos

5 1824 6 1827 =
97 1790 354 1851 asse'crudeliores
369 1791 401 1850 in
416 1791 571 1851 Ecclesiam
587 1790 641 1849 Dei
656 1792 864 1860 insectatores,
891 1792 964 1853 dum
981 1794 1024 1853 sic
1039 1814 1109 1854 con·

97 1874 247 1937 cionando
261 1891 345 1934 causa
362 1882 432 1935 sunt
454 1892 507 1935 our
526 1884 650 1953 pereant
667 1874 771 1933 multae
788 1876 913 1946 animm,
929 1895 995 1953 quoa
1007 1880 1032 1937 si
1048 1880 1108 1939 illis

97 1960 181 2022 ‘uxta
193 1961 399 2039 Apostolorum
424 1976 560 2021 normam
578 1958 807 2039 prediceretur,
825 1961 928 2038 ntique
946 1962 1032 2023 salvae
1055 1966 1108 2026 tic·

5 2065 6 2108 3
97 2055 181 2109 rent.
203 2047 301 2106 Verba
320 2047 441 2118 inania,
461 2045 599 2124 periodos
621 2062 762 2126 sonoros,
783 2043 994 2123 descriptiones
1016 2050 1108 2110 inuti·

5 2131 7 2188 l
98 2137 165 2204 lea,
179 2132 294 2192 dicebat
308 2133 339 2193 S.
360 2133 535 2192 Fracooiscnc
559 2128 706 2207 salesius,
721 2148 784 2190 esse
805 2143 919 2209 pestem
940 2134 1106 2210 concionis,

5 2201 6 2264 j
96 2217 188 2294 cujus
214 2217 318 2276 unicus
341 2215 410 2274 linis
438 2232 500 2276 esse
522 2216 629 2283 debet,
649 2215 820 2274 auditorum
844 2217 1010 2276 voluntates
1039 2238 1107 2300 erga

5 2329 6 2382 3
96 2303 216 2364 bonum
246 2296 384 2371 morire,
402 2317 463 2358 nou
486 2307 584 2360 autem
605 2299 787 2358 intellectum
812 2299 958 2362 inutiliter
977 2322 1106 2382 pascere.

5 2393 6 2398 ’
96 2383 290 2464 Experientict
302 2381 365 2461 jam
385 2383 543 2456 docemur,
559 2402 612 2463 per
626 2382 795 2462 hujusmodi
808 2387 961 2448 conciones
973 2399 1018 2450 tot
1031 2391 1109 2472 tigu-

96 2473 158 2541 ris,
174 2478 205 2532 et
228 2468 341 2546 tropis,
360 2477 390 2530 et
410 2469 524 2528 dicendi
544 2471 641 2530 fucato
657 2468 781 2531 artificio
805 2473 976 2549 adornatas,
994 2479 1107 2540 animas

96 2556 136 2619 ad
154 2555 262 2616 bonam
272 2555 388 2633 frugem
402 2573 462 2614 nou
477 2554 594 2625 redire,
610 2555 679 2632 quia
693 2557 835 2616 auxilium
855 2577 942 2619 suum
964 2563 1043 2622 Deus
1056 2582 1107 2622 va·

97 2641 186 2704 nitati
197 2657 257 2700 non
275 2641 396 2700 coulert.
406 2641 443 2699 Et
460 2639 516 2701 hoc
528 2642 664 2700 omnium
676 2642 914 2702 concionatorum
927 2647 1038 2722 gratia,
1054 2649 1105 2724 qui

98 2745 135 2788 ex
147 2726 275 2786 vanitate
286 2726 498 2785 concinnantur
510 2769 518 2795 ,
536 2725 649 2784 dictum
659 2726 717 2793 sit,
732 2725 781 2784 sed
792 2726 978 2803 potissimum
990 2745 1106 2805 eorum,

97 2813 153 2893 qui
167 2827 269 2870 curam
279 2811 443 2870 animarum
458 2809 586 2883 habeut,
598 2811 707 2888 quibus
719 2811 927 2874 Tridentinum
940 2815 1005 2876 loco
1018 2817 1108 2878 citato

98 2901 143 2961 sic
161 2895 343 2977 praescribit:
362 2893 613 2977 Acebipresbyteci
630 2913 745 2976 qaoque
757 2942 765 2969 ,
776 2895 914 2980 plebani,
932 2908 960 2959 et
978 2900 1108 2980 quicum·

99 3001 156 3066 qao
173 2979 392 3064 parochiales...
404 2999 507 3042 cacam
528 2981 701 3043 animarum
722 2982 859 3045 habentes
882 2981 1014 3046 eeclesias
1039 3005 1108 3066 qao·
1150 3033 1153 3036 «

100 3083 223 3147 aaronque
236 3063 320 3125 ncoclo
338 3065 486 3138 obtinent,
497 3083 551 3148 per
561 3083 606 3138 se,
623 3065 669 3127 ael
686 3066 761 3128 alias
784 3067 915 3142 maneos,
932 3065 962 3127 oi
981 3066 1107 3152 lepitima

100 3149 235 3232 impediti
252 3147 385 3230 suerint,
407 3149 507 3212 diebos
519 3148 621 3212 satiem
644 3150 818 3222 dominicis,
833 3160 863 3212 et
871 3150 956 3232 [iestis
968 3153 1107 3218 solemni·

100 3235 154 3300 bas
165 3231 260 3316 plebes
273 3233 330 3294 sibi
345 3236 513 3297 calamiscos
527 3255 592 3318 pro·
602 3255 679 3310 saa,
696 3245 724 3298 et
739 3254 841 3296 aarum
870 3241 1031 3318 capacitate
1049 3260 1107 3321 pa-

99 3326 186 3383 scant
202 3315 384 3380 salataribces
396 3318 501 3382 uerbis.
516 3324 664 3383 Notentur
679 3323 729 3382 illa
747 3321 856 3397 verba,
876 3342 932 3403 pro
946 3343 1048 3386 aarum
1061 3345 1106 3386 ca·

101 3404 228 3488 pacitata
238 3427 250 3480 ,-
267 3403 346 3464 unde
360 3404 439 3466 certe
456 3409 585 3468 Concilio
604 3406 830 3468 contraveniunt
848 3409 891 3469 illi
906 3421 1036 3489 pastores
1053 3412 1105 3488 qui

101 3489 221 3552 sublimi
235 3489 311 3566 stylo
322 3498 447 3551 utuntur
461 3493 562 3570 populi
574 3492 721 3552 audientis
735 3495 922 3570 capacitatem
935 3494 1103 3553 excedente.

142 3572 212 3635 hol.
236 3569 289 3636 llic
318 3591 437 3654 quoque
468 3575 552 3654 juvat
582 3577 817 3642 animaduertere
844 3581 979 3720 quasdam
1000 3577 1104 3654 magna

911 3683 950 3719 On
