2475 3975
161 202 198 263 lii
440 200 552 265 Paccio
564 198 749 285 cortfeuurii.
767 204 840 286 Cap.
853 196 882 266 l.

160 301 252 364 socios
276 309 306 363 et
327 302 491 364 occasiones
515 303 665 381 aufugiat3
686 313 717 364 ct
732 305 794 374 illi,
814 303 866 382 qui
890 300 1025 365 hobitum
1040 322 1177 384 pravum

160 404 214 465 per
237 386 360 466 longum
382 398 499 467 tempus
518 389 665 448 contraxit
690 390 722 449 in
744 387 800 449 hoo
815 387 913 458 vitio,
934 396 979 447 ut·
993 406 1054 449 uon
1068 389 1177 453 solirm

160 472 232 531 vitet
247 474 394 551 proximas
404 473 588 543 occasiones,
605 473 657 532 sed
672 474 762 533 etiam
779 471 920 551 quosdam
931 482 1082 550 remotas,
1100 494 1177 553 qum

160 555 215 616 sibi
238 565 299 618 tam
316 557 408 619 debili
429 556 467 619 ad
485 558 682 619 resistendum
707 557 789 618 iactae
814 565 903 618 erunt
922 558 1076 635 proximae.
1092 560 1177 620 Huic

160 640 306 720 praecipuo
327 644 518 724 imponatur,
542 661 580 703 ue
606 661 739 721 unquam
764 642 943 703 intermittat
967 643 1091 703 recitare
1123 652 1177 704 tor

159 726 364 787 salutationem
381 729 540 807 angelicam
561 727 752 788 inhonorem
767 727 904 804 puritatis
917 726 1091 787 beatissimae
1103 729 1177 787 Vir·-

159 808 261 887 ginis,
281 829 368 872 mane
386 823 416 873 et
434 814 569 891 vesperi,
590 813 751 889 repetendo
767 829 883 889 semper
896 828 993 871 coram
1008 810 1071 887 ejus
1093 812 1176 872 iura-

159 893 227 967 gine
244 897 497 975 propositumnon
511 897 663 975 peccandi,
677 906 706 955 et
718 895 979 974 supplicationem,
990 904 1024 954 ut
1035 894 1091 955 sibi
1105 916 1177 974 per·

159 981 354 1041 severantiam
369 983 517 1059 impetret.
532 980 721 1041 Potissimum
740 990 839 1039 autem
859 980 1048 1040 roniessarius
1062 991 1174 1054 curet,

161 1070 193 1121 ut
206 1062 375 1143 frequenter
388 1066 434 1125 liic
443 1068 642 1127 communicet
652 1110 660 1135 ‚
669 1064 736 1125 edm
750 1064 928 1123 Eucharistia
937 1064 1051 1124 dicatur
1061 1065 1175 1127 cirrum

156 1147 328 1225 germinans
344 1151 482 1231 uirginea.
508 1151 578 1220 llli,
603 1150 656 1227 qui
676 1150 779 1208 solitus
802 1149 859 1209 suit
880 1147 1072 1225 blasphemias
1095 1170 1175 1229 pro-

158 1228 256 1302 ferro,
275 1234 459 1304 insinuetur,
479 1244 512 1294 ut
535 1235 635 1293 novies
648 1279 658 1309 ‚
684 1234 731 1292 vel
757 1234 915 1311 quinquies
946 1233 1046 1310 linguai
1069 1234 1175 1313 signet

159 1332 276 1377 crucem
292 1336 381 1397 sciptor
397 1328 529 1393 terram,
555 1327 584 1378 et
600 1328 633 1378 ut
649 1318 781 1396 quotidie
794 1318 896 1376 saltem
907 1318 998 1377 semel
1010 1318 1089 1377 dicat
1102 1339 1176 1381 ora-

159 1399 270 1461 tionem
290 1404 497 1465 dominicalem
512 1448 520 1475 ,
533 1412 563 1464 et
582 1405 787 1463 salutationem
800 1404 959 1479 angelicam
974 1402 1007 1462 in
1022 1400 1174 1468 honorem

159 1486 333 1547 Sanctorum
346 1533 356 1565 ‚
373 1492 404 1549 in
419 1509 492 1568 quos
506 1500 655 1549 execratus
667 1490 723 1548 latit
735 1510 744 1564 3
754 1497 784 1548 ct
796 1488 970 1565 utquolibet
981 1505 1066 1547 mane
1073 1534 1083 1563 ,
1093 1488 1173 1553 dum

158 1568 175 1631 d
194 1572 295 1633 cubitu
311 1577 426 1655 surgit,
443 1586 566 1637 renovet
588 1575 772 1653 propositum
791 1576 937 1652 patienter
952 1572 1064 1632 ferendi
1084 1593 1171 1637 occa·

158 1655 492 1737 sionesindignationis‚
508 1672 538 1721 et
556 1669 601 1721 ter
623 1661 700 1719 dicat
714 1662 746 1719 B.
760 1660 876 1736 Virgini
894 1658 1026 1737 quolibet
1050 1677 1142 1721 mano
1160 1683 1171 1722 ι

157 1741 289 1802 Doraiuc
302 1762 366 1803 arco
380 1790 387 1815 ‚
402 1743 481 1806 docto
498 1745 575 1806 cailo
593 1743 792 1826 pacientiam,
807 1754 837 1803 ct
850 1743 881 1804 id
899 1763 958 1804 non
968 1741 1064 1804 solum
1075 1744 1174 1807 inscr-

157 1827 215 1884 riot
228 1870 236 1897 ,
251 1835 285 1887 ut
307 1832 396 1889 illaria
419 1832 597 1891 sanctissima
621 1831 677 1889 silai
695 1830 881 1907 opituletur,
903 1829 1058 1888 sedetiam
1075 1827 1109 1889 ut
1138 1833 1172 1892 in

158 1912 354 1973 accersioniltus
375 1916 542 1995 reperiatur
555 1915 674 1975 habitus
692 1916 787 1973 sactus
808 1913 923 1974 dicendi
940 1913 1042 1973 eadem
1063 1914 1171 1977 verba.

158 1997 215 2054 dut
229 2010 371 2059 assarescat
387 2001 531 2060 dicendo:
550 1998 742 2062 Maledictum
761 1997 803 2060 sit
810 2007 962 2081 peceatum
974 2016 1093 2075 mcum,·
1105 2018 1172 2061 uro·

157 2077 277 2144 iulia-tua
299 2083 338 2144 cit
360 2084 487 2162 duotore,
506 2094 559 2146 ote.
576 2087 640 2144 Alia
655 2087 785 2144 remedia
806 2085 1171 2164 assignabitconiessoriuc

157 2185 210 2244 pro
223 2187 274 2227 sua
290 2171 467 2246 prudentia,
488 2172 626 2250 irrspectis
640 2171 867 2231 circumstantiis
881 2170 1088 2245 occasionum,
1103 2189 1163 2250 per

155 2269 315 2328 sonarum,
332 2265 362 2317 ot
377 2275 549 2320 munerum.

384 2421 410 2502 S.
425 2425 477 2484 lll.
494 2422 578 2484 Circo
596 2421 725 2504 officium
745 2422 870 2484 doctoris
883 2422 936 2502 (l).

192 2671 242 2732 tt.
262 2609 538 2734 Lacaena-<torte
548 2667 710 2730 custodierat
723 2668 896 2744 seientiam,
915 2677 944 2730 ot
960 2666 1049 2750 tepeat
1065 2676 1169 2756 requi·

154 2763 219 2816 rent
231 2773 267 2816 erc
281 2775 331 2815 ore
344 2753 406 2836 ejus
417 2751 560 2833 (Moloeis.
570 2757 599 2814 ᾖ.
615 2753 668 2831 7.).
679 2755 873 2830 Coniessario,
884 2754 1055 2816 utdoctoris
1067 2759 1167 2822 officio

155 2839 212 2900 rito
232 2841 392 2919 frangatur,
414 2857 487 2916 opus
503 2847 549 2898 est
564 2883 572 2909 ,
589 2847 621 2898 ut
638 2838 714 2900 bend
730 2839 802 2898 sciat
813 2839 907 2917 legem
920 2860 929 2916 3
940 2839 1086 2916 quienim
1100 2861 1167 2906 eam

154 2925 286 3002 ignorat,
306 2941 365 2982 non
391 2930 487 3000 potest
504 2924 574 2982 alios
591 2922 708 2983 docere.
730 2923 787 2983 Sed
809 2921 859 2984 hic
880 2923 1097 2986 advertendum
1122 2937 1167 2989 est

154 3009 185 3070 id
204 3008 282 3088 quod
296 3008 398 3068 scribit
417 3009 448 3068 S.
465 3006 643 3088 Gregorius,
664 3026 771 3086 nempe
787 3007 916 3068 officium
935 3006 1085 3086 dirigendi
1100 3013 1165 3072 aui-

154 3111 216 3154 mas
229 3112 281 3170 per
301 3095 378 3152 viana
398 3093 498 3152 salutis
515 3101 707 3156 aeaerrraevessc
721 3101 815 3151 artem
829 3093 938 3152 artium
954 3113 962 3153 c
981 3095 1038 3153 Ars
1050 3095 1167 3158 ortium

152 3176 280 3257 reginam
294 3176 473 3238 animorum.
488 3178 524 3236 Et
535 3178 566 3236 S.
578 3178 754 3238 Franciacuo
763 3172 893 3237 Soleaius
908 3176 1022 3236 dicebat
1033 3178 1166 3242 officium

153 3261 289 3320 audiendi
301 3263 492 3321 consessiones
505 3279 565 3321 esse
575 3262 710 3321 orranium
724 3262 888 3321 maximum
900 3261 1163 3344 ctdifficillimum.

154 3343 263 3404 llevcrir
288 3347 327 3406 ita
344 3355 398 3405 cst.
426 3347 480 3406 Est
499 3343 633 3406 emerium
657 3343 845 3419 tirocinium,
870 3347 941 3424 quia
964 3356 1007 3406 est
1026 3345 1171 3419 omnium.

183 3541 213 3600 (1)
225 3544 257 3589 td
267 3545 329 3604 quod
342 3551 434 3604 spectat
450 3545 546 3593 scientia
562 3548 628 3607 legis.

913 3617 977 3663 Edit.
