2475 3975
131 146 195 215 600
325 146 464 230 Epitoma
478 140 620 209 doctrine
632 140 755 210 morulis
772 150 802 207 et
817 147 964 208 cononicus

132 254 241 315 lacum
262 248 303 313 ab
328 250 447 313 Urbano
470 250 506 312 V.
525 249 655 310 Estrcu.
675 249 689 309 l
712 248 759 309 Da
780 245 912 309 simonio
935 244 1014 307 inter
1036 244 1154 311 bonvm.

134 338 181 401 De
196 336 309 416 Synod.
330 336 419 397 dioec.
434 337 458 397 l.
482 336 531 396 ll.
549 352 576 394 c.
596 336 627 395 6.
647 335 720 396 rufi.
1128 382 1131 388 ,

171 422 294 483 llodum
314 430 414 483 tamen
434 418 649 499 imponendum
678 418 847 499 sumptibus
871 425 1092 499 apparatuum,
1122 438 1139 482 o

133 506 379 571 comessationum
405 524 439 567 ac
456 522 654 585 pomparum,
680 520 747 582 que
774 502 852 564 fiunt
871 503 903 564 in
921 503 1055 584 ingressu
1084 522 1151 565 mo-

132 594 279 664 nialium,
296 598 395 653 censa
415 591 550 651 Pontifex
572 608 642 650 usus
662 588 830 668 opportune
842 588 897 648 hdo
913 590 945 651 in
961 608 995 651 re
1012 589 1152 652 docnint

134 674 410 741 lineamina-‚ds
429 673 511 736 redd.
523 672 592 735 scel.
612 676 645 736 in
659 673 713 736 lin.
731 693 779 751 pr.
795 692 826 752 q.
841 672 919 733 lbid.
936 693 969 737 ιι.
990 676 1020 737 7.

171 764 312 823 lloniales
322 760 508 839 regularibus
523 759 663 837 subjectae
678 778 714 819 cx
734 759 870 819 Trident.
890 776 960 819 sess.
976 760 1026 822 25.
1049 760 1085 823 de
1103 780 1153 823 re·

131 843 195 930 pol.
209 865 235 907 o.
247 848 276 907 b.
287 846 449 907 ordinario
461 845 518 907 loci
534 855 685 924 tamquam
703 845 834 922 delegato
844 842 1043 921 subjiciuntur
1052 848 1154 925 quoad

134 933 313 994 clausuram.
331 934 365 993 ld
381 929 452 992 verb
464 931 617 992 declarans
632 930 789 1011 Gregorius
809 932 880 992 XV.
893 930 924 989 in
939 933 1153 1005 constitutione

134 1020 188 1081 sut
215 1038 249 1080 ιι.
273 1020 325 1079 l8.
348 1017 474 1089 statuit,
501 1015 691 1079 confessarios
710 1032 813 1075 earum
834 1015 982 1093 regulares
1010 1016 1048 1076 ab
1079 1018 1153 1097 ipsis

134 1105 195 1165 suis
224 1102 428 1182 superioribus
454 1100 610 1180 deputatos
631 1118 685 1179 pro
716 1099 945 1160 confessionibus
972 1102 1152 1163 monialium

134 1188 172 1249 ab
191 1189 336 1267 Episcopo
356 1184 562 1265 approbandos
580 1199 654 1245 essa.
676 1184 779 1245 Eidem
798 1184 887 1244 etiam
912 1184 1055 1263 Episcopo
1079 1186 1154 1247 red-

133 1273 262 1335 dendam
278 1288 342 1333 csse
353 1271 499 1331 rationem
511 1270 549 1331 ab
568 1270 606 1329 iis
627 1269 679 1348 qni
693 1269 771 1330 bona
784 1268 905 1329 illarum
920 1269 1149 1341 administrant,
1218 1336 1219 1349 χ

134 1358 234 1420 accitis
253 1368 354 1419 umen
378 1354 449 1417 tunc
470 1357 561 1417 etium
589 1355 793 1435 superioribus
815 1354 1022 1433 regularium,
1048 1358 1101 1435 qui
1125 1358 1150 1418 sl
1218 1360 1219 1363 ’

133 1444 312 1518 renuerint,
337 1454 408 1504 tuuc
425 1441 457 1503 id
477 1446 597 1519 prestet
614 1460 669 1521 per
688 1458 720 1500 se
745 1440 914 1519 Episcopus.
941 1441 1036 1501 Datur
1057 1442 1150 1502 etiam

133 1530 278 1605 Episcopo
292 1529 449 1587 aucmritas
467 1525 644 1603 procidendi
668 1522 725 1584 uni
741 1540 809 1585 cum
825 1523 976 1602 superiora
996 1525 1149 1603 regulari,

134 1611 203 1673 crim
230 1611 386 1670 antistites
416 1609 587 1669 monasterii
617 1610 781 1687 eliguntur.
813 1609 948 1685 Denique
975 1610 1150 1671 conceditur
1218 1640 1219 1649 ι

132 1695 295 1774 Episcopo,
317 1698 370 1767 ut,
382 1692 407 1751 si
428 1691 579 1770 regulares
600 1691 677 1754 tortia
691 1693 722 1752 in
740 1690 845 1753 ordine
864 1692 900 1751 ad
912 1693 1076 1755 clausuram
1096 1697 1152 1757 de·

133 1782 287 1858 liquerint,
312 1779 418 1857 puniat
435 1779 524 1848 lllos,
541 1787 573 1839 ct
589 1779 717 1857 corrigat
736 1778 881 1856 usquead
897 1795 1046 1839 censuras.
1061 1779 1149 1842 Ater.

137 1868 210 1928 Vll.
228 1867 260 1927 in
278 1864 331 1926 sud
352 1873 445 1925 const.
474 1865 543 1924 tbb.
579 1864 716 1924 concedit
742 1862 942 1941 superioribus
963 1866 1149 1944 regularibus

130 1950 180 2031 jus
197 1949 381 2030 ingrediendi
393 1956 474 2028 septa
489 1949 662 2009 monasterii
681 1947 852 2008 carumdem
861 1948 1039 2010 monialium
1056 1950 1149 2012 semel

133 2038 293 2117 quotannis
310 2037 464 2096 occasione
484 2034 670 2094 visitationis.
693 2032 805 2111 Supids
835 2033 907 2095 verb
932 2051 967 2094 ex
987 2037 1072 2096 causd
1095 2055 1150 2096 ur·

133 2125 216 2202 genti
240 2123 366 2194 vetnit,
394 2139 433 2182 ne
463 2119 710 2198 ingrederentur,
733 2120 789 2179 nisi
814 2130 958 2198 prasente
976 2121 1146 2200 Episcopo,

133 2210 181 2270 vel
201 2210 260 2270 alio
290 2206 509 2276 anleiasrico,
532 2205 572 2265 ab
591 2205 697 2266 eodem
715 2204 866 2284 deputato.
897 2207 969 2268 lust.
994 2207 1072 2266 Eccl.
1094 2209 1146 2268 29.

133 2313 166 2354 n.
195 2296 226 2355 b.
247 2293 400 2354 Contraria
424 2290 521 2369 quoad
551 2289 614 2351 haee
641 2291 740 2351 omnia
770 2289 950 2353 consuetudo
971 2289 1062 2350 etiam
1090 2291 1149 2353 im·

132 2378 342 2440 memorialisl
361 2379 393 2436 S.
412 2377 446 2435 c.
466 2373 573 2453 sepitis
594 2375 750 2455 reprobata
774 2384 828 2436 est.
852 2375 930 2438 lbid.
944 2394 975 2436 n.
994 2377 1023 2434 7.
1036 2387 1094 2438 etc.
1217 2369 1218 2396 ¹

170 2465 206 2522 ln
226 2459 442 2522 visitationibus
457 2461 704 2520 monasteriorum
722 2461 1008 2538 sanctimonialium,
1026 2479 1087 2522 non
1103 2471 1148 2524 to·

133 2555 221 2608 netur
242 2546 401 2626 Episcopus
417 2544 593 2606 denuntiare
609 2545 670 2605 illis
687 2546 767 2606 diem
779 2555 810 2606 et
831 2543 935 2606 horam
948 2545 1146 2619 visitationis,

131 2633 208 2692 sicut
220 2649 275 2692 nec
290 2640 408 2692 tenetur
434 2629 543 2692 ducere
558 2647 659 2690 secum
679 2632 862 2710 superiorem
880 2630 1046 2709 regularem
1059 2631 1146 2708 ejus·

133 2718 203 2777 dem
224 2716 347 2776 ordinis.
367 2713 444 2775 lbid.
463 2733 496 2775 n.
511 2717 574 2793 l8;
594 2725 690 2795 potest
703 2716 955 2793 etiamEpiscopus
968 2716 1146 2777 monialibus

134 2799 320 2882 regularibus
338 2797 479 2876 subjectis
488 2817 600 2862 sacram
612 2799 823 2863 Euclraristiam
835 2800 1022 2874 ministrare,
1037 2801 1061 2860 si
1076 2801 1146 2880 ipsae

133 2889 236 2947 velint.
251 2884 328 2947 lbid.
341 2886 370 2945 9.

171 2973 206 3033 ln
235 2971 412 3033 monasteria
427 2955 615 3032 'monialium
653 2971 800 3032 introduci
825 2989 953 3050 pueros,
980 2979 1011 3032 et
1033 2972 1146 3050 puellas

134 3057 248 3116 tenella
257 3055 520 3118 oetatisvctandum
533 3066 594 3135 est,
610 3075 647 3120 ex
665 3075 748 3119 more
770 3059 871 3118 ltomsa
889 3055 1053 3119 obtinente.
1068 3057 1144 3119 lbid.
1215 3057 1216 3122 ξ

133 3142 281 3201 ιιυιιι.21ι.

173 3227 208 3283 ln
233 3223 376 3284 electione
400 3225 636 3300 abbatissarum,
662 3245 729 3306 quaa
748 3226 869 3307 praesint
891 3227 1076 3288 monasteriis
1097 3245 1145 3288 rc-

134 3306 289 3380 gularibns
305 3309 468 3384 subjectis,
485 3318 625 3371 tenentur
637 3312 786 3388 regulares
801 3313 922 3372 moudre
945 3313 1144 3390 Episcopum,

131 3388 156 3443 si
174 3388 247 3445 velit
270 3389 410 3450 interesse
431 3394 479 3451 rel
499 3413 554 3472 per
575 3413 635 3470 se,
662 3396 709 3454 vel
733 3414 787 3475 per
807 3397 923 3467 alium,
944 3405 977 3456 nt
1001 3415 1038 3456 ex
1060 3414 1141 3459 cons.

133 3465 268 3540 Gregorii
288 3473 362 3530 XV.
387 3492 419 3533 n.
440 3477 500 3546 18,
529 3479 638 3554 quibus
662 3477 750 3539 debet
780 3479 938 3556 Episcopus
956 3481 1145 3540 manifestare

128 3557 213 3600 snam
235 3551 430 3615 volnnutem.
444 3559 483 3618 At
496 3569 592 3636 potest
613 3563 771 3640 Episcopus
785 3561 819 3623 in
828 3561 949 3640 Synodo
964 3563 1143 3642 generaliter
