2475 3975
353 189 380 272 S.
395 192 442 251 ll,
453 190 538 252 Circo
552 188 658 251 medici
670 186 810 271 officiam.
1052 192 1091 255 tt

72 290 169 355 cende
183 314 192 353 c
206 295 310 355 Mater
333 310 418 363 mco,
438 275 551 371 adjuvo
568 309 613 351 mc
628 288 730 363 lodic,
745 292 854 354 neDco
865 310 977 374 peccem
994 290 1089 373 (uana

70 388 175 441 umen
187 377 396 457 paenitentiam
410 384 457 436 ter
468 375 612 437 recitandi
626 377 832 438 salutationem
845 379 1005 456 angelicam
1019 396 1088 440 cum

71 463 214 543 praedicta
226 461 443 541 supplicatione
462 478 516 539 ego
532 458 708 538 plerumque
727 463 832 523 solitus
851 463 893 523 sui
912 462 1086 541 injungere,

70 557 123 606 aut
135 548 241 607 saltem
262 546 416 608 consulere
429 546 486 617 iis,
500 545 552 623 qui
566 546 599 605 ed
618 545 664 604 uti
677 564 738 605 non
751 546 903 625 solerent).
918 544 993 607 Ciam
1004 544 1088 605 cubi-

69 640 136 691 tum
154 632 283 702 iverint,
299 630 398 691 dicere
414 631 445 691 in
464 630 559 690 lecto:
576 630 665 688 Nunc
687 628 765 691 acilii
784 628 964 692 morandum
981 624 1089 708 faiam

70 716 107 776 in
120 714 238 797 a'asemi
256 714 341 797 ipae,
362 722 414 775 aut
434 713 555 776 dicere:
576 714 678 775 Veniet
697 713 779 792 dics,
800 734 859 799 quo
878 714 957 776 mitt
976 714 1011 774 ia
1034 712 1088 774 hoc

70 799 143 860 lecto
158 799 347 861 moriendum
370 800 436 861 crit.
452 800 490 859 lis
512 800 563 876 qui
585 799 683 878 legere
708 800 826 871 sciunt,
847 809 877 861 ct
899 796 1087 878 potissimum

71 884 281 945 Ecclesiasticis
293 928 302 955 ‚
316 882 447 961 quotidie
460 884 559 963 legere
575 883 705 961 aliquem
719 884 832 945 librum
843 884 881 945 de
899 884 987 944 rebus
997 883 1087 961 spiri·

70 968 202 1029 tualibus
222 977 370 1047 agentem.
388 968 489 1029 llonet
508 976 608 1027 autem
627 968 659 1027 S.
676 967 850 1028 Franciscca
872 964 1003 1028 salesius
1020 967 1086 1045 (Ia-

71 1059 177 1113 stroct.
195 1051 282 1132 Coos.
295 1071 324 1113 c.
339 1051 381 1129 8.)
406 1070 467 1113 non
482 1070 545 1111 csse
562 1050 748 1129 parandum
771 1052 965 1129 penitentem
983 1050 1085 1111 multis

70 1132 163 1197 rebus
176 1182 184 1209 ,
199 1156 237 1197 ne
250 1136 449 1197 confundatur
462 1144 491 1197 et
505 1134 647 1195 terreiiat.

111 1224 162 1281 15.
175 1222 351 1282 Sermonem
372 1230 470 1281 autern
484 1220 612 1281 facturus
625 1220 663 1280 de
684 1220 824 1282 remediis
838 1264 846 1291 ,
861 1238 928 1298 que
940 1217 1084 1279 insinuari

70 1305 183 1365 debent
202 1305 436 1384 poenitentibus,
458 1306 546 1379 dico,
565 1304 623 1364 alia
649 1322 712 1365 esse
726 1304 896 1383 generalia,
918 1304 976 1365 alia
991 1300 1085 1383 parti·

69 1389 181 1449 colaria
201 1409 257 1468 pro
276 1391 377 1469 aliquo
395 1391 469 1451 vitio
485 1390 668 1469 particulari.
682 1390 835 1451 Genea-alia
857 1391 995 1451 omnibus
1011 1394 1085 1453 insi·

68 1473 209 1547 uuanda,
231 1484 303 1536 sunt
318 1476 348 1536 l.
363 1493 447 1537 amor
461 1494 530 1555 erga
544 1478 661 1546 Deum,
678 1473 747 1537 cdm
766 1476 829 1554 ipse
849 1476 886 1536 ad
898 1473 1084 1537 hunesolum

68 1558 163 1621 finem
177 1576 231 1619 nos
249 1561 406 1621 creaverit.
420 1562 457 1622 Et
472 1566 593 1621 curetur
611 1559 745 1637 pariter,
763 1568 799 1618 ut
813 1559 960 1638 penitens
975 1578 1084 1639 cogno-

68 1650 130 1705 scat
144 1662 246 1723 paccm
262 1644 436 1705 interiorem
449 1646 507 1723 qud
521 1644 671 1706 donantur
684 1688 693 1715 ,
706 1644 758 1722 qui
776 1645 829 1703 Dei
844 1645 973 1705 amicitia
983 1646 1084 1705 icuun·

69 1738 142 1804 tur,
163 1738 194 1791 ct
210 1729 359 1791 infernum
375 1747 464 1807 quem
487 1738 556 1789 ante
571 1738 689 1806 tempus
700 1728 914 1807 experiuntur,
928 1730 981 1807 qui
993 1728 1084 1789 alieni

69 1823 142 1875 sunt
161 1812 177 1874 a
195 1815 257 1873 Deo
276 1834 285 1873 r
306 1812 405 1873 addita
425 1814 557 1891 pernicie
573 1812 753 1890 temporali,
771 1830 861 1888 quam
879 1830 980 1875 secum
994 1812 1087 1874 trahit

69 1908 233 1978 peccatum.
247 1900 277 1959 ἓ.
293 1897 376 1978 Saepe
394 1916 425 1958 se
441 1897 648 1959 commendare
667 1898 760 1960 beata
772 1898 909 1976 Virgini,
928 1899 1084 1957 Rosarium

70 1985 242 2058 recitando,
258 2001 288 2044 sc
310 1982 518 2046 commendare
535 1982 648 2061 Angclo
668 1980 789 2043 Custodi
802 2026 811 2056 ,
825 1992 856 2043 et
870 1983 964 2045 'alicui
976 1984 1082 2046 Sancto

70 2071 215 2154 peculiari
237 2068 409 2149 protectori.
437 2070 465 2129 5.
491 2068 668 2145 Frequentia
696 2076 976 2140 sacramentorum,
1001 2075 1032 2128 ct
1056 2069 1081 2129 si

71 2174 206 2239 unquam
226 2155 260 2215 in
278 2152 398 2230 aliquod
424 2159 577 2232 peccatum
599 2150 725 2210 mortale
749 2150 913 2225 inciderit3
930 2151 1030 2209 statim
1049 2167 1082 2211 sc

71 2241 218 2303 confiteri.
233 2239 262 2298 l.
277 2236 441 2298 Veritatem
454 2244 634 2296 eternorum
647 2231 862 2307 consideratio,
880 2240 911 2291 et
922 2249 984 2310 praa
997 2241 1083 2294 caete-

71 2330 112 2389 ris
131 2320 327 2387 consideratio
347 2319 451 2380 mortis
476 2340 485 2376 ι
509 2324 541 2376 et
561 2313 822 2394 patribusfamilias
842 2315 1016 2378 insinuanda
1037 2327 1083 2379 est

71 2409 243 2490 quotidiana
266 2403 403 2464 mentalis
422 2402 518 2464 oratio
540 2401 573 2460 ia
598 2399 751 2460 communi
780 2417 849 2461 curn
871 2401 981 2462 familia
996 2411 1082 2474 ‚aut

71 2496 174 2556 saltem
190 2490 347 2554 llosarium
359 2486 418 2547 una
433 2505 500 2546 cum
515 2484 593 2545 siliis.
609 2487 638 2545 5.
653 2483 708 2544 Dei
720 2486 897 2562 presentia,
916 2483 984 2546 edm
995 2493 1081 2565 urget

71 2579 216 2652 tentatio,
239 2574 364 2636 dicendo
377 2594 385 2632 ι
399 2574 481 2633 Deos
502 2588 548 2630 ore
566 2568 655 2632 uidet.
674 2570 705 2628 a.
724 2570 863 2642 Quolibet
877 2572 991 2650 vesperi
1010 2591 1083 2634 con·

70 2663 224 2726 scientiam
238 2659 384 2730 scrutari,
399 2674 467 2717 eum
481 2655 573 2716 animi
588 2655 692 2714 dolore
705 2695 714 2727 ,
727 2663 757 2714 ct
767 2655 929 2732 proposito.
941 2655 972 2713 7.
988 2656 1081 2718 Saccu-

69 2748 199 2820 laribus‚
214 2752 250 2806 ut
272 2743 304 2803 in
319 2743 418 2820 aliqua
435 2739 662 2820 congregatione
678 2755 710 2798 sc
728 2738 913 2812 adscribant,
934 2746 965 2800 et
985 2757 1080 2802 sacer

70 2834 191 2897 dotibus
208 2829 303 2890 oratio
320 2825 473 2898 mentalis,
494 2833 525 2885 et
542 2824 705 2902 gratiarum
719 2824 846 2884 actiones
864 2830 931 2902 post
948 2825 1079 2885 missam.

1 2911 3 2935 ἰ
69 2924 105 2983 Et
117 2925 153 2979 ut
166 2914 320 2996 perlegant
338 2911 443 2972 saltem
463 2910 591 2989 aliquem
607 2909 743 2972 libellum
762 2909 946 2988 spiritualem
963 2917 1031 2969 ante
1050 2917 1082 2970 et

70 3012 137 3086 post
154 3000 286 3063 missam.

109 3086 160 3147 lo.
184 3080 325 3143 Remedia
342 3087 440 3142 autem
463 3078 654 3159 particularia
676 3077 904 3156 assignabuntur
921 3095 976 3157 pro
992 3078 1081 3141 vitio·

71 3167 341 3246 rumdivcrsitatc3
356 3183 387 3228 a.
400 3185 431 3245 g.
455 3165 498 3226 illi
514 3166 566 3243 qui
589 3165 689 3242 aliquo
711 3164 780 3224 odio
795 3170 932 3236 tenetur,
948 3163 1079 3225 insinue-

73 3270 141 3334 tur,
158 3269 194 3320 ut
206 3255 340 3338 quotidie
353 3251 541 3314 commendet
553 3252 615 3310 Deo
629 3250 715 3309 illum
728 3264 818 3328 quem
834 3246 912 3321 odit,
928 3250 1080 3312 recitando

72 3363 127 3423 pro
149 3345 215 3425 ipso
239 3340 413 3404 orationem
430 3336 662 3406 dominicalem,
683 3344 714 3395 et
736 3333 941 3394 salutationem
967 3336 1091 3413 angele·

73 3447 156 3506 cam;
175 3438 205 3490 ct
219 3425 289 3486 erim
307 3441 338 3485 se
354 3421 469 3484 turbari
493 3421 583 3481 sentit
600 3419 745 3480 memoria
759 3416 877 3494 injuriae
892 3419 949 3478 sibi
965 3419 1078 3493 illatae,

72 3513 279 3574 reminiscatur
299 3507 545 3570 contumeliarum
563 3503 672 3581 quibus
694 3503 756 3582 ipse
772 3505 867 3563 Deum
887 3501 992 3562 affecit.
1007 3501 1077 3576 llli,
1095 3526 1100 3534 ·

74 3599 122 3676 qui
139 3598 172 3657 in
188 3601 306 3676 peccato
319 3591 418 3672 turpia
440 3591 593 3671 prolapsus
615 3595 678 3662 est,
694 3597 729 3647 ut
750 3586 846 3649 otium
869 3586 965 3731 ιίἑοι,
985 3585 1079 3647 malos
