2475 3975
373 200 426 260 Eo·-
438 196 573 280 operibus
588 197 741 261 Benedicti
746 202 798 262 XI
801 202 836 263 tt
1050 206 1108 269 tlt

103 301 243 364 aeficium
258 300 352 379 poscit
364 309 535 381 perpetuam
549 302 756 374 residentiam,
771 304 942 366 sustentatio
956 304 1009 366 ista
1034 306 1106 369 diri·

65 406 67 408 ’
101 386 197 468 ganda
222 396 266 447 est
283 386 367 464 juxta
386 396 482 448 toxam
500 388 671 467 synodalem
688 390 764 466 luci,
778 389 829 448 ubi
848 396 892 450 est
908 391 1106 471 beneficium

101 469 264 533 secdsrcrd
280 473 468 533 statuendum
481 481 540 549 est,
554 474 578 532 si
591 472 782 533 residentiam
797 492 857 534 non
876 485 1010 555 exposcat
1022 476 1107 554 juxta

101 574 136 615 ac
149 558 253 617 statuit
271 558 375 618 quat.
391 558 487 618 XIII.
503 559 535 617 in
549 559 599 618 sud
612 559 730 619 constit.
755 554 916 639 Apostolioi
937 560 1105 625 ministerii.

102 641 172 701 llaec
183 641 285 701 omnia
299 641 337 701 de
351 643 423 720 Syn.
438 642 524 703 dime-
538 643 560 703 1.
576 645 625 703 li.
638 662 664 703 c.
678 646 707 703 9.
721 662 752 703 n.
767 646 797 704 E.

139 725 264 786 Ordines
277 726 350 786 sacri
362 726 529 786 conserendi
542 736 611 787 sunt
624 729 765 806 primario
776 728 863 791 titulo
877 728 1011 791 beneficii
1022 732 1108 794 eccle

99 812 209 871 siastici
221 832 231 887 3
244 830 298 871 aec
315 811 372 871 nisi
390 811 421 871 in
437 812 602 872 subsidium
621 831 676 891 pro
699 814 888 886 necessitate,
905 817 952 875 vel
976 834 1108 878 commo·

99 896 193 956 ditate
205 895 398 957 Ecclesiarum
415 896 540 958 conferri
563 906 686 976 possum
705 897 742 957 ab
758 898 901 978 Episcopo
926 899 963 960 ad
985 902 1107 962 titulum

99 980 269 1059 pensionis,
282 982 329 1042 vel
347 982 517 1059 patrimonii
541 1000 577 1043 ex
592 981 677 1043 Trid.
691 999 760 1045 sess.
778 984 826 1043 21.
840 1004 867 1047 c.
884 986 913 1045 E.
930 982 967 1045 dc
985 984 1106 1066 rescarm.

98 1068 181 1138 Nec,
196 1067 253 1127 nisi
270 1076 425 1129 concurrat
436 1067 606 1145 necessitas,
619 1069 668 1128 vel
682 1067 874 1129 commoditas
883 1069 1032 1142 Ecclesiae,
1043 1070 1108 1131 lici·

99 1160 166 1212 tum
179 1152 209 1212 id
227 1171 291 1213 esse
302 1153 395 1214 edixit
406 1154 437 1212 S.
450 1154 484 1213 C.
496 1152 620 1213 Consilii
630 1153 879 1232 innncycticadie
890 1154 1008 1233 temaji
1017 1156 1104 1219 tutu.

96 1234 181 1313 jtrssu
192 1239 296 1300 Iaaoc.
311 1239 373 1301 XI.
389 1238 516 1299 exarata.
533 1240 604 1299 lnst2
621 1238 728 1298 Eccles.
742 1240 791 1298 16.
806 1254 838 1297 n.
851 1242 882 1307 E,
951 1294 953 1299 .

137 1322 184 1383 ad
196 1324 314 1385 ordines
327 1323 518 1384 conterendos
528 1333 626 1383 censet
636 1324 769 1384 Pontifex
781 1340 818 1381 ex
830 1326 919 1386 Cano.
927 1324 1018 1391 ‚trid
1035 1342 1104 1387 sess·

97 1407 149 1469 25.
162 1406 198 1467 de
214 1407 271 1489 ref.
285 1428 311 1470 c.
331 1410 362 1469 E.
383 1427 442 1469 non
459 1426 522 1468 esse
542 1409 672 1486 positum
692 1408 724 1467 in
747 1408 871 1469 arbitrio
896 1410 1049 1489 Episcopi,
1073 1420 1107 1473 ut

97 1491 217 1555 ordines
233 1494 362 1556 minores
374 1494 425 1554 det
439 1493 644 1573 ignorantibus
659 1494 790 1572 linguam
809 1494 950 1570 latinam,
975 1495 1000 1559 si
1023 1513 1105 1576 spem

42 1610 47 1617 ·
96 1579 254 1639 ostendant
268 1579 360 1640 futuri
378 1580 526 1659 proiectus
538 1600 550 1653 ι,
561 1596 631 1637 nam
647 1578 810 1639 Concilium
825 1579 932 1658 exigit,
949 1590 984 1639 ut
1002 1579 1105 1641 saltem

95 1661 231 1741 linguam
254 1664 376 1725 latinam
395 1664 580 1741 intelligant3
594 1672 625 1724 et
646 1662 804 1733 arbitrium
815 1663 968 1743 Episcopi,
987 1662 1025 1724 de
1046 1683 1105 1743 quo

94 1746 227 1818 ibidem,
242 1747 320 1807 cadit
338 1766 426 1826 super
443 1746 620 1822 interstitia,
638 1765 699 1808 nou
719 1763 809 1828 super
832 1748 984 1820 sciendam
1007 1750 1105 1817 latinae

96 1832 221 1910 lingum.
233 1832 391 1891 lustEcel.
401 1834 450 1891 ta.
464 1850 495 1891 n.
508 1834 538 1904 E,

135 1917 284 1991 Quoniam
300 1915 372 1990 vend
392 1917 428 1977 ad
446 1934 542 1990 sacros
560 1916 679 1991 ordines
691 1916 816 1996 requirit
829 1915 912 1977 Trid.
926 1917 966 1979 ib.
978 1935 1042 1999 cap.
1054 1920 1102 1986 11.

96 2003 251 2068 scientiam
270 1997 442 2080 requisitam
456 2004 493 2063 ad
509 2003 675 2069 docendum
697 2003 821 2084 populos
834 2003 993 2064 necessaria
1010 2005 1045 2064 ad
1058 2023 1105 2066 sa·

96 2090 213 2162 tutem,
229 2108 263 2156 ae
285 2088 322 2155 ad
334 2088 565 2150 administranda
578 2097 778 2164 sacramenta,
791 2085 858 2149 ided
882 2087 1103 2152 subdiaconatui

96 2176 236 2245 conuenit
252 2184 287 2235 ut
305 2173 451 2254 precedat
471 2193 566 2234 annus
586 2175 701 2254 integer
727 2173 835 2245 studii,
856 2175 918 2234 sive
938 2172 1104 2253 Theologiae

96 2260 306 2342 moralis,sivc
320 2258 515 2335 scholasticae,
531 2259 594 2320 sive
607 2257 685 2337 juris
705 2259 848 2319 canonici.
863 2257 1019 2318 Biennium
1032 2257 1102 2321 reid

96 2345 135 2405 od
153 2344 308 2405 diaconum
322 2344 522 2405 ordinandum
536 2344 719 2416 ,triennium
738 2342 774 2403 ad
784 2342 958 2404 sacerdotes.
973 2345 1033 2406 Nec
1046 2341 1104 2404 im·⁴

95 2432 197 2512 pietur
211 2448 294 2491 mens
303 2431 493 2502 Tridentini,
508 2429 532 2489 si
553 2429 619 2508 quis
634 2430 665 2489 in
677 2428 834 2505 'Ilaeulogii
856 2428 962 2488 morali
985 2427 1101 2491 tantum

94 2513 244 2577 studuerit
256 2523 439 2587 contractus,
454 2514 567 2575 cambia
579 2560 588 2587 ,
601 2524 658 2575 etc.
671 2513 834 2574 Concilium
844 2513 924 2574 enlm
939 2513 1045 2590 exigit,
1068 2523 1102 2576 ut

93 2603 188 2684 possit
202 2601 313 2673 erudiri
329 2602 456 2681 populus
470 2601 567 2680 quoad
580 2601 741 2664 necessaria
758 2599 793 2659 ad
805 2600 940 2658 salutem.
952 2599 1027 2658 lhid.
1036 2601 1099 2660 md.

135 2687 282 2765 ordinum
295 2704 444 2759 sacrorum
459 2685 616 2747 interstitia
630 2685 798 2764 dispensare
806 2685 893 2744 etiam
905 2684 1001 2782 quoad
1014 2702 1103 2764 regu·

94 2773 189 2845 larsa,
201 2790 262 2847 non
274 2771 396 2850 quidem
412 2771 449 2831 ad
466 2789 569 2832 eorum
588 2771 726 2850 praesules
738 2814 746 2841 ,
758 2767 808 2828 sed
821 2769 858 2829 ad
872 2770 1046 2859 Episcopum
1057 2787 1102 2837 or·

95 2858 250 2936 dinantem
271 2866 400 2936 spectat3
413 2866 446 2918 ut
458 2874 495 2917 ex
511 2873 652 2935 responso
669 2856 700 2920 S,
714 2856 747 2914 C.
762 2853 858 2914 Instit.
874 2855 951 2914 Eccl.
967 2856 1015 2914 58.
1027 2873 1058 2915 n.
1071 2857 1100 2915 1.

94 2945 281 3021 Quamquam
296 2941 337 3001 'ab
353 2943 496 3022 Episcopo
512 2939 703 3001 deserendum
724 2939 762 3000 sit
777 2939 890 3016 judicio
909 2939 1101 3018 Superiurum

95 3028 276 3105 regularium
288 3071 299 3103 ,Ι
309 3035 344 3087 ut
361 3029 397 3086 ei
413 3027 478 3086 aliis
494 3026 619 3087 decretis
633 3027 663 3088 S.
675 3027 708 3085 G.
724 3023 849 3084 ibidem.
960 3025 962 3030 '

134 3110 237 3186 Quoad
257 3112 397 3190 clericum
419 3110 587 3172 secularem
609 3110 770 3197 Episcopus
789 3111 958 3190 dispensare
982 3120 1100 3190 potest,

94 3195 120 3256 si
149 3199 302 3275 agnoverit
330 3195 362 3257 id
390 3197 541 3276 postulare
573 3197 754 3268 utilitatem,
790 3205 841 3264 aut
879 3197 1099 3272 necessitatem,

94 3281 237 3342 EcclesIae.
265 3281 382 3358 Utilitas
410 3278 733 3353 concrematurum
757 3282 842 3359 pauci
873 3281 1001 3342 ministri
1030 3281 1100 3359 sirp-
1178 3281 1183 3290 ’

95 3371 232 3444 petunt:
259 3363 328 3426 caim
364 3365 546 3427 ordinandus
572 3365 740 3445 provectior
765 3367 805 3426 sit
830 3375 934 3438 atate,
956 3375 985 3424 et
1011 3366 1099 3426 simul

95 3451 185 3511 ctiam
198 3448 326 3511 maxime
341 3460 497 3530 provectus
515 3448 547 3510 iai
562 3450 667 3512 studiis
687 3469 696 3508 z
718 3467 770 3510 seu
789 3451 909 3512 tandem
922 3448 990 3509 edm
1003 3450 1101 3526 agitur

94 3535 135 3597 de
152 3535 299 3614 paroecit,
314 3539 364 3596 seu
379 3536 437 3596 alio
450 3533 593 3598 beneficio
606 3536 740 3616 exigente
750 3535 827 3598 intra
841 3551 952 3596 anuum
964 3533 1100 3595 ordinem

93 3636 231 3694 sacrum,
246 3626 281 3680 ut
298 3638 335 3679 ex
356 3622 419 3680 DI).
434 3619 509 3683 ibid.
