2475 3975
142 130 181 193 to
297 182 300 187 .
427 128 539 193 Procris
552 126 735 209 cottfirtsarii.
750 128 865 209 Cum&
961 119 964 124 ’

141 230 219 293 ciere.
236 230 354 295 roceto
365 248 534 313 resporrsum
549 228 664 288 urittere
680 225 838 309 Neapolim
857 227 923 306 (aut
937 228 1078 292 Acerram
1093 251 1150 315 per

141 316 223 378 aiam
236 314 391 398 Neapolis)
401 314 441 377 ari
453 316 539 375 Ν.Ν.
551 312 802 393 (hiecxprimntur
812 330 921 375 nomen
934 323 964 375 at
974 316 1150 397 cognomen)

141 401 355 481 confessarium
367 399 560 483 approbatum
571 407 628 459 etc.

181 487 210 547 si
226 496 325 548 autem
339 486 562 547 matrimonium
580 491 624 543 est
634 480 698 559 jam
711 482 818 543 initum
831 482 977 544 scribatur
987 486 1028 546 eie
1037 506 1045 545 e
1055 488 1097 547 N.
1104 487 1148 546 N.

143 572 267 651 iqnarua
280 575 345 652 (aut
357 565 500 646 canamus)
518 564 741 647 impedimenti,
761 566 986 629 matrimonium
1000 569 1152 630 contraxit

141 677 208 719 cerua
224 656 327 738 aliqua
339 653 463 734 faemina
478 698 485 719 ,
498 650 583 733 crq'ua
597 659 722 712 matrem
738 654 804 728 (aut
816 650 955 730 sororum)
971 653 1060 734 priua
1083 675 1151 718 car-

143 740 253 803 naittcr
272 746 453 820 aequauerat.
469 736 555 811 Ideo,
578 736 646 797 erim
664 737 706 796 im
727 734 905 796 adimantum
920 739 961 797 ait
984 736 1149 813 occuitum,
1212 734 1219 747 ⁸

142 832 171 884 ct
183 843 243 885 reon
250 823 502 906 passitacparatia
512 822 576 883 sine
586 819 678 883 stand
709 838 726 881 a
738 817 807 901 fieri
815 864 825 896 ,
836 818 1149 903 errppiicatEmiaent.

148 910 184 969 V.
197 926 250 989 nra
264 907 445 971 absolutione
455 915 483 967 ct
494 905 730 985 dispensatione,
751 913 807 964 cto.

181 994 264 1055 Circa
284 1004 352 1056 uota
365 993 505 1054 castitatis
526 1014 534 1049 ι
553 993 594 1051 Ν.
612 992 654 1051 N.
678 998 779 1050 uatum
797 988 896 1050 emisit
918 991 1081 1066 castitatis,
1096 993 1153 1057 aaa

143 1096 222 1140 rruae
235 1088 278 1141 cst
293 1078 326 1140 in
342 1076 451 1160 qravi,
472 1084 499 1135 ct
513 1073 683 1135 imminenti
692 1068 820 1153 pericula
836 1073 1053 1136 incontinentia
1061 1100 1074 1154 ,-
1085 1077 1152 1142 idco

142 1161 451 1244 srrpplicatEmineut.
473 1162 508 1221 V.
527 1167 563 1219 ut
579 1157 750 1238 dispensare
765 1156 902 1238 diqrretur
914 1158 947 1219 ia
960 1158 1036 1220 de'cto
1058 1171 1149 1240 uota,

143 1255 178 1305 ut
187 1246 281 1326 possit
295 1253 396 1306 orator
406 1241 631 1305 ruatrimauium
651 1240 749 1318 inire,
770 1250 823 1301 etc.
846 1242 957 1304 Eodem
978 1244 1067 1307 modo
1088 1247 1153 1309 serie

142 1329 331 1391 scribendum
344 1348 398 1410 pro
408 1328 624 1407 dispensatione
636 1327 667 1386 in
679 1336 749 1387 voto
763 1326 925 1405 religionis.
939 1330 975 1387 Et
984 1331 1152 1393 nomnium

143 1413 224 1492 qnod
239 1415 276 1475 ad
296 1414 525 1494 dispensandum
538 1413 570 1473 in
585 1420 655 1471 uoto
670 1412 810 1472 castitatis
824 1429 884 1471 non
896 1413 1004 1472 sufficit
1024 1415 1154 1492 quodvis

143 1516 300 1560 commune
315 1500 481 1578 periculum
503 1497 743 1570 incontinentia,
762 1493 815 1556 sed
837 1498 1002 1576 requiritur
1014 1516 1104 1577 gravo
1121 1511 1154 1562 ct

144 1583 303 1644 imminens
318 1590 408 1663 prout
419 1583 583 1642 innuimus.

182 1668 264 1729 Circa
284 1669 514 1746 irregularitates
533 1688 541 1725 r
556 1666 596 1727 N.
613 1668 657 1729 Ν.
675 1664 815 1729 Sacerdos
833 1666 983 1728 corrtraait
1003 1667 1154 1749 irrequie-

142 1752 260 1813 ritatem
273 1756 364 1813 cauea
377 1750 530 1813 hauricidii
538 1751 604 1831 (aut
614 1750 784 1813 violationis
797 1769 942 1825 censura,
956 1752 1036 1830 eta),-
1046 1762 1074 1812 et
1083 1752 1155 1816 cum

143 1835 224 1979 aqisit
236 1832 400 1918 periculum
416 1835 553 1918 insumite
561 1882 573 1915 ,
593 1836 622 1899 oi
636 1834 791 1900 eastimet
801 1833 969 1898 celebrantia
982 1880 991 1910 ,
1006 1836 1072 1899 idco
1083 1856 1153 1919 aup-

141 1919 251 2001 picat,
270 1930 322 1983 eta.

181 2009 263 2070 Foris
277 2011 309 2072 in
331 2011 460 2090 Epistola
491 2006 893 2089 nonntaressmiaentissimo
917 2015 946 2069 et
960 2008 1154 2072 narrantia-

142 2092 217 2156 tima
229 2093 358 2157 Dourina
373 2093 581 2157 toleraturum

199 2180 330 2244 Donrino
350 2177 508 2242 Cardinoii
524 2176 749 2242 Punitentiaria
763 2178 879 2329 qtajori

791 2283 898 2326 amam

180 2434 229 2494 88.
246 2433 467 2508 eontcssarius,
484 2443 535 2495 aut
555 2437 581 2495 is
600 2434 648 2496 cui
674 2434 902 2516 dispensationis
918 2437 1051 2499 executio
1068 2456 1152 2504 com·

141 2517 228 2578 missa
239 2517 312 2593 erit,
332 2517 364 2577 in
381 2517 577 2598 dispensando
594 2527 661 2598 past
676 2522 915 2581 sacramentalem
928 2523 1148 2586 absolutionem
1214 2522 1215 2551 ¹

140 2603 322 2679 impertitam
335 2646 343 2676 ,
356 2605 490 2682 sequenti
506 2605 633 2666 tornato
645 2605 689 2664 uti
706 2607 816 2684 poterit
828 2628 835 2663 e
847 2607 889 2664 Et
904 2603 1027 2685 insuper
1047 2617 1152 2670 aucta·
1213 2610 1214 2651 i

141 2687 229 2749 ritate
249 2687 410 2770 apostatica
425 2689 501 2752 ueiiri
512 2696 646 2753 concessa
659 2689 795 2772 dispensa
811 2699 901 2751 tecum
917 2708 1007 2771 super
1025 2691 1152 2773 imperii-
1212 2696 1213 2749 t

138 2777 236 2836 necato
249 2772 343 2854 prirni
354 2773 416 2854 (scu
433 2775 554 2837 secundi
564 2821 574 2852 ‚
589 2794 642 2838 seu
660 2773 754 2856 prirrri
770 2783 798 2836 ct
809 2773 939 2852 secandi)
955 2775 1069 2855 qratiiu
1079 2797 1151 2857 pro·
1210 2772 1213 2849 i

138 2859 270 2921 ucreierrte
288 2876 325 2918 ea
337 2855 443 2941 copula
465 2857 589 2934 ttttctm,
607 2863 628 2920 ri
647 2869 674 2921 te
691 2858 795 2921 irabita
811 2879 878 2921 cum
897 2877 995 2921 aurore
1014 2859 1151 2925 mulieris

137 2962 264 3024 quaeum
279 2943 457 3005 cantraaioti
477 2945 544 3025 (aut
564 2943 734 3006 contrahere
752 2943 913 3023 intendis),
936 2953 972 3004 ut
992 2945 1151 3008 matrimo-

137 3027 223 3088 m'uut
234 3047 300 3089 cuae
314 3025 370 3089 itta
389 3027 495 3090 nursica
513 3029 684 3090 contrahere
704 3029 819 3109 possis,
839 3036 978 3090 renouato
993 3047 1147 3107 consensu,

138 3121 166 3173 et
177 3112 306 3193 prolem,
326 3115 355 3177 si
369 3132 460 3194 quarn
476 3114 617 3197 suscipies
638 3111 695 3195 (oei
713 3112 894 3196 anteceniam),
916 3111 1077 3193 icqitimam
1099 3115 1150 3178 de·

138 3195 228 3260 eiuro.
243 3201 283 3259 In
301 3203 418 3262 norm'ne
429 3201 551 3276 Patris,
567 3209 620 3263 ete.
639 3203 669 3262 Si
679 3201 858 3280 dispensatio
866 3209 965 3260 autom
980 3210 1024 3261 est
1037 3202 1068 3261 in
1078 3213 1148 3264 vota

133 3281 298 3351 castitatis,
314 3283 386 3342 dicit
401 3307 409 3343 ε
424 3288 550 3366 Irrsupcr
563 3284 617 3347 tibi
633 3291 732 3346 votum
752 3284 898 3346 castitatis
917 3283 996 3363 quati
1010 3285 1147 3358 emisisti,

138 3373 174 3423 ut
190 3360 290 3424 uaioas
302 3367 526 3430 matrimonium
535 3369 705 3430 contrairem
718 3413 727 3443 ,
742 3367 904 3446 mittenti,
925 3372 960 3431 in
974 3387 1065 3451 opera
1080 3389 1148 3451 qua

141 3445 195 3537 tibi
209 3447 382 3525 praescripti
392 3447 588 3526 dispensanda
605 3460 760 3513 camarata.
782 3457 823 3514 in
843 3453 980 3526 naariae,
1001 3463 1053 3514 etc.
1068 3457 1105 3516 m
1123 3457 1146 3518 si

141 3536 207 3598 qurs
218 3567 227 3596 ‚
239 3545 297 3587 non
317 3530 450 3588 obstante
467 3543 537 3594 uoto
557 3536 722 3608 castitatis,
745 3539 968 3600 matrimonium
985 3542 1147 3601 contraxis-
