2475 3975
373 120 834 243 aamtoaaaeaoamr.
1047 168 1106 231 aas
1220 174 1227 182 ·

101 268 185 345 glum
200 262 285 327 Sedis
304 265 490 343 apostolicae,
505 263 641 323 ioeminas
654 263 718 323 illas
733 281 795 324 esse
813 262 947 327 moribus
957 263 1105 345 probatas,

99 352 210 415 habere
222 352 287 413 illas
303 350 383 409 ultra
399 366 513 409 annum
530 348 854 427 decimumquartum,
872 358 988 411 tantum
1013 354 1107 429 possi·

100 438 172 498 dere
185 437 223 497 de
241 436 349 495 annuis
363 434 529 509 reditibus,
546 441 583 493 ut
598 431 727 493 habeant
739 436 808 492 satia
830 432 868 495 ad
888 435 1026 495 alimenta
1042 480 1052 508 ‚
1071 455 1106 499 ae

100 522 231 600 denique
243 536 305 581 non
324 538 393 581 cum
407 516 473 579 aliis
485 534 534 578 eas
546 516 715 578 cohabitare
728 562 736 589 ‚
751 517 840 597 qulam
856 537 924 580 cum
938 521 1106 583 necessariis

100 607 247 685 inprime
266 601 382 666 tantiam
397 602 490 683 gradu
510 603 794 682 consanguinitatis,
816 604 863 664 vel
879 604 1027 665 affinitatis
1046 606 1103 667 sibi

101 690 288 768 conjunctis,
307 698 342 749 ut
357 707 393 749 ex
413 688 494 749 decr.
512 688 542 748 S.
556 690 664 765 Cougr.
679 687 711 747 in
724 687 809 747 causti
825 690 992 767 Nazariensi
1004 690 1053 751 die
1065 692 1104 753 10

103 776 175 851 maji
197 774 284 834 1727.
299 774 343 833 lie
364 774 436 853 Syn.
451 772 538 833 dioec.
552 770 607 831 lib.
622 772 652 831 9.
667 790 694 832 e.
707 772 755 832 lh.
775 790 808 832 ιι.
822 774 872 833 11.

140 860 294 919 'l'ertiariae
310 857 504 935 collegialiter
519 856 672 927 viventes,
691 856 768 915 vatis
781 866 880 917 tamen
902 856 1103 932 solemnibus,

100 950 134 1003 et
146 942 288 1003 clausurae
298 960 359 1003 non
374 942 519 1002 adstricta
530 985 538 1011 ‚
549 938 617 1002 clam
626 940 686 1001 sint
699 949 800 1001 contra
813 939 925 1002 bullam
936 943 966 1002 8.
977 941 1103 1003 S.Pia'V.

99 1025 118 1087 d
134 1026 164 1085 S.
179 1028 270 1105 Cong.
284 1028 449 1087 tolerantur
459 1023 576 1105 potitis,
589 1022 679 1102 quarn
690 1024 910 1102 approbentur,
923 1034 993 1084 sunt
1006 1035 1104 1086 autem

99 1109 271 1171 omnimode
291 1111 425 1189 Episcopi
445 1109 645 1187 jurisdictioni
669 1108 829 1183 subjectae,
850 1117 885 1170 ut
912 1126 949 1171 ex
969 1110 1105 1189 pluribus

100 1195 134 1253 S.
148 1197 256 1273 congr.
271 1196 406 1255 decretis.
420 1195 516 1255 lnstit.
532 1193 641 1253 Eccles.
656 1194 705 1253 29.
721 1210 752 1251 n.
764 1195 813 1253 15.

138 1278 292 1339 Tertiariae
311 1299 371 1341 non
386 1278 578 1356 collegialiter
609 1280 746 1338 viventes
769 1296 829 1338 non
849 1284 972 1359 possunt
995 1276 1104 1339 habere

99 1364 309 1424 confessarium
326 1381 543 1443 quemcumque
566 1363 656 1423 etiam
669 1364 716 1422 sui
731 1362 844 1423 ordinis
858 1408 866 1435 ‚
880 1364 936 1423 nisi
960 1362 1106 1441 approba·

99 1454 166 1506 turn
187 1448 225 1507 ab
243 1451 385 1529 Episcopo
410 1466 465 1527 pro
481 1447 925 1509 confessionibussaecularium.
948 1450 1022 1508 item
1044 1464 1105 1507 non

98 1542 224 1608 possunt
241 1535 388 1615 regulares
401 1535 459 1593 illis
480 1533 530 1593 die
542 1532 658 1593 Paschae
678 1543 895 1593 sacramentum
916 1532 1105 1593 Eucharistiae

97 1615 279 1677 ministrare.
298 1619 512 1679 Defunctorum
533 1636 655 1695 corpora
671 1619 833 1697 sepulturae
847 1617 1013 1678 mandanda
1035 1624 1105 1676 sunt

97 1698 131 1757 in
155 1702 280 1760 Ecclesid
293 1700 473 1779 parochialia
493 1701 551 1758 nisi
565 1700 644 1759 forte
661 1703 692 1759 in
713 1702 839 1759 Ecclesia
857 1702 1039 1777 regularium
1057 1700 1103 1759 sul

98 1783 214 1841 ordinis
226 1783 415 1862 sepulchrum
424 1790 498 1843 esset
509 1783 567 1842 illis
579 1784 770 1843 destinatum.
778 1786 850 1841 lnst.
861 1784 936 1843 Eccl.
949 1785 997 1843 19.
1011 1803 1043 1844 n.
1054 1786 1101 1843 ll.

138 1867 313 1929 Benedictus
324 1869 421 1930 XIII.
437 1868 529 1928 multa
547 1868 688 1928 concessit
701 1868 853 1947 Tertiariis
863 1910 872 1939 ,
882 1868 943 1926 sive
957 1868 1058 1928 vivant
1071 1870 1104 1927 in

99 1956 251 2016 communi
270 1955 465 2026 monasterio,
479 1955 541 2014 sive
554 1953 635 2014 domi
648 1971 709 2014 suae
727 1954 819 2012 vitam
836 1960 923 2031 agant
937 1952 1080 2030 privatam
1095 1993 1103 2024 ,
1213 2001 1234 2030 ζ

96 2057 168 2116 qum
186 2037 347 2116 utiquejus
359 2055 472 2099 novum
491 2038 652 2098 concedere
673 2037 847 2098 viderentur
859 2058 869 2116 3
881 2036 932 2096 sed
956 2034 1025 2095 edm
1042 2031 1105 2096 Cle·

97 2140 183 2183 nanu
197 2124 274 2184 ΧΗ.
300 2125 332 2184 in
354 2124 407 2183 sud
424 2124 636 2183 constitutione
659 2125 811 2182 Romanus
829 2122 899 2180 anni
929 2121 1018 2180 1751.
1035 2118 1103 2196 jura

98 2207 315 2267 Tertiariorum
330 2208 513 2268 revocaverit
525 2207 562 2267 ad
576 2207 721 2266 terminos
733 2205 853 2266 Concilii
868 2203 1053 2274 Tridentini,
1071 2221 1104 2272 ao

97 2290 287 2352 decretarum
295 2291 527 2368 apostolicorum
539 2312 549 2370 3
562 2289 630 2352 ideb
643 2289 719 2350 nihil
732 2307 845 2351 novum
854 2287 892 2350 de
903 2289 963 2350 illis
974 2297 1104 2348 statuen-

98 2373 173 2434 dum
189 2383 243 2434 est.
257 2377 303 2436 lb.
318 2392 350 2435 n.
368 2377 417 2435 16.
435 2447 438 2454 .

137 2460 291 2520 Tertiariac
308 2460 497 2540 collegialiter
512 2459 645 2520 viventes
663 2476 700 2520 ex
710 2465 828 2539 recepta
844 2460 875 2519 S.
892 2461 983 2539 cong.
995 2459 1103 2522 immu-

99 2544 203 2604 nitatis
224 2545 383 2622 opinione,
404 2545 534 2624 gaudent
548 2545 739 2606 immunitate
764 2545 833 2605 sori.
848 2545 984 2605 Vicissim
1005 2553 1104 2604 autem

98 2625 252 2688 Tertiariae
274 2630 306 2690 in
330 2630 469 2692 domibus
490 2630 613 2709 privatis
636 2628 803 2689 habitantes
826 2626 929 2688 eodem
949 2628 1104 2706 privilegio

97 2711 528 2792 nongaudent,exdoetoribus
539 2713 913 2776 definirentnstiamcotcs.
929 2713 998 2774 105.
1009 2709 1102 2773 ιι.’68.

469 2899 730 2963 tustttttttttn.

38 3148 42 3154 ,
136 3080 360 3140 Testamentum
376 3079 487 3142 iactum
511 3097 612 3140 coram
629 3077 757 3156 parocho
771 3089 800 3140 et
812 3079 927 3142 duobus
940 3080 1042 3150 saltem
1060 3089 1103 3154 tp·
1212 3069 1218 3079 ’

98 3164 195 3249 stibus
215 3163 328 3224 idoneis
348 3165 425 3225 valet
437 3183 492 3244 pro
513 3172 577 3225 toto
594 3172 669 3224 statu
689 3164 903 3238 ecclesiastico,
925 3166 981 3226 nisi
1009 3164 1104 3224 obstet

98 3257 243 3309 statutum
256 3247 376 3326 aliquod
388 3249 590 3328 municipale,
607 3267 644 3310 es
656 3247 846 3330 dispositione
857 3269 924 3329 cap.
941 3249 1016 3311 Cena
1032 3264 1105 3312 esses

98 3331 373 3480 101·ἔσιθιιιιθιξιξῗιιῒιῗιιι.ιιι
382 3436 483 3488 causas
499 3419 562 3500 pias
573 3429 637 3482 toto
648 3420 719 3481 orbe
732 3417 875 3480 catholico
888 3419 986 3480 valent
996 3415 1020 3474 si
1032 3415 1105 3477 fiant

98 3499 337 3648 ppppnpzpletpolppp
354 3503 499 3581 testibus,
513 3523 627 3586 excep.
644 3501 781 3568 Ilelotana
798 3507 847 3596 11.
867 3497 1103 3567 delectamentis.
