2475 3975
421 212 466 276 De
481 212 698 277 orroaionuriia.
1033 223 1072 283 159

63 318 125 381 ficri
148 323 246 399 potest
261 336 271 377 r
289 316 478 394 frequentare
494 324 698 377 sacramentor
714 323 745 377 et
768 315 845 397 sepe
866 320 1070 383 commendare

63 422 91 464 sa
108 404 190 480 Deo,
214 400 387 463 renovando
406 400 538 479 quotidie
558 402 734 480 (presertim
756 401 855 481 mane)
878 415 947 465 ante
965 408 1070 485 imagi·

60 504 124 549 nem
139 488 280 548 Cmciiixi
292 486 478 563 propositum
498 502 558 545 non
571 482 696 563 ampliris
711 487 868 565 peccandi,
881 496 913 547 et
925 489 1068 567 quantirm

64 581 103 633 ast
121 568 265 650 possibile
283 569 400 630 vitandi
414 572 613 645 occasionem.
637 570 746 648 Ratio,
775 570 843 649 quia
869 574 980 634 occasio
1001 594 1068 652 pcc-

62 654 143 716 candi
169 672 232 716 non
260 662 305 715 est
330 650 450 732 proprie
473 663 625 733 peceatum
647 653 678 713 in
702 656 818 734 seipsa,
837 674 936 737 neque
954 658 1069 721 inducit

61 734 200 819 peccandi
231 739 456 817 necessitatem
489 738 570 799 unde
599 738 676 798 bene
696 740 855 800 consistere
874 750 971 820 potest
1000 762 1067 806 cum

60 826 209 885 occasione
223 837 314 885 verus
330 822 433 895 dulor,
451 831 483 883 et
495 824 679 901 propositum
693 840 753 883 non
772 824 941 903 recidendi3
958 837 989 887 et
1001 828 1068 891 licit

62 912 183 987 quisque
199 917 336 970 teneatur
348 908 463 968 auferre
481 909 652 985 proximum
673 909 839 985 periculum
861 913 1017 989 peccandi,
1034 914 1066 975 id

60 995 236 1073 intelligitur
253 992 323 1053 ¹crim
343 993 405 1067 ipsc
418 984 524 1071 sponte
545 992 610 1051 vult
629 991 687 1051 tale
709 993 874 1070 periculum
893 1039 902 1067 ‚
924 998 975 1057 sed
997 998 1066 1059 cirm

59 1080 166 1140 occasio
183 1086 229 1139 est
250 1074 403 1137 moraliter
418 1077 578 1138 neccssaria
590 1120 599 1149 ,
612 1084 684 1136 tunc
695 1076 861 1154 periculum
875 1096 929 1156 per
939 1083 1069 1143 remedia

58 1174 225 1243 opportuna
240 1172 390 1223 remotum
411 1162 526 1235 evadit,
541 1169 571 1221 et
583 1163 664 1221 Deus
674 1170 748 1221 tunc
764 1178 825 1222 non
843 1179 875 1222 se
890 1163 1014 1225 retrahit
1030 1168 1068 1228 ab

57 1249 215 1311 assistendo
245 1248 298 1308 saa
324 1248 417 1326 gratit
440 1248 484 1307 illi
512 1248 563 1326 qui
593 1244 664 1307 verb
688 1246 862 1309 deliberavit
889 1249 986 1328 ipsum
1006 1269 1068 1314 non

57 1336 217 1396 cliendere.
237 1336 305 1395 Non
325 1333 397 1392 dicit
410 1334 559 1411 Scriptura
581 1331 662 1411 qued
679 1333 790 1411 peribit
802 1335 854 1411 qui
872 1336 968 1396 estin
988 1338 1069 1414 peri-

55 1420 134 1491 culo,
152 1419 227 1494 scd,
251 1417 303 1496 qui
324 1426 403 1477 amat
421 1417 605 1494 periculum3
619 1415 670 1477 sed
691 1418 796 1495 nequit
812 1418 871 1477 dici
892 1436 992 1480 amare
1016 1440 1067 1499 pe-

12 1566 13 1569 ,
55 1506 181 1564 ciculum
199 1546 207 1574 ‚
230 1503 281 1581 qui
298 1502 341 1561 ilii
363 1502 472 1561 invitus
487 1499 643 1577 subjacet3
662 1502 743 1562 unde
760 1503 860 1581 inquit
875 1506 913 1563 D.
931 1502 1067 1567 Baetim

55 1588 101 1667 (ln
117 1585 247 1649 Corrs'tr't.
262 1588 346 1647 More.
360 1602 386 1645 c.
400 1585 468 1663 b).-
488 1584 551 1659 Qui
569 1588 689 1667 torpenti
707 1586 813 1669 eliquat
830 1592 922 1649 emur
931 1635 942 1668 ,
966 1599 996 1652 et
1014 1609 1066 1651 rre-

55 1672 185 1734 ceasitute
207 1670 389 1751 reperiente
412 1668 534 1750 objicit,
560 1666 607 1731 vel
625 1673 771 1751 permittit
789 1688 820 1732 se
842 1691 902 1735 esse
929 1672 964 1734 io
990 1672 1064 1755 illo,

55 1756 115 1817 crim
134 1766 239 1817 tumeo
257 1751 335 1813 alitis
350 1750 460 1824 nodet,
475 1770 536 1813 raon
554 1762 616 1813 tam
635 1754 745 1815 dieitur
763 1774 865 1817 emere
879 1756 1063 1839 periculum,

56 1843 140 1920 purim
156 1839 275 1902 invitus
297 1836 413 1917 setim
425 1846 453 1899 et
463 1836 528 1901 idei
543 1837 641 1921 atrapis
659 1838 824 1919 providebit
847 1843 948 1922 Deua,
963 1862 1001 1906 rte
1012 1844 1065 1909 ttto

73 1934 160 1989 creat.

53 1943 139 2072 pili.
166 2010 244 2072 liine
260 2007 365 2070 dicunt
385 2009 450 2070 nu.
474 2009 550 2072 bend
575 2027 692 2090 capaces
710 2011 904 2074 absolutionis
929 2032 992 2076 esse
1012 2018 1065 2095 qui

57 2096 166 2158 nolunt
176 2096 347 2172 relinquere
364 2094 481 2174 aliquod
495 2096 646 2170 officium,
663 2099 837 2175 negotium,
857 2107 909 2156 aut
921 2098 1064 2172 domum,

57 2180 86 2240 in
105 2200 164 2259 qua
186 2181 266 2240 soliti
285 2181 406 2240 suerunt
425 2197 568 2258 peceare,
595 2181 631 2242 eb
656 2179 737 2258 qubd
759 2181 896 2239 deserere
922 2197 987 2240 eam
1013 2199 1065 2242 ne-

59 2275 167 2341 queunt
191 2267 255 2326 sine
285 2267 367 2344 gravi
388 2265 591 2338 detrimento,
614 2280 732 2342 semper
753 2283 787 2323 ac
808 2281 912 2325 verum
938 2264 1065 2328 babeant

59 2351 241 2430 propositum
257 2368 289 2410 se
311 2349 510 2420 emendandi,
526 2357 557 2409 et
581 2348 678 2409 media
698 2347 841 2428 implendi
862 2348 899 2409 ad
922 2353 1064 2413 ernenda-

59 2433 185 2495 tionem:
199 2435 272 2496 tales
285 2444 355 2495 sunt
370 2453 405 2495 ex
417 2452 463 2514 gr.
478 2431 609 2512 chirurgi
628 2433 679 2510 qui
695 2433 727 2493 in
746 2432 898 2494 medendis
912 2436 1062 2513 foeminis,

57 2525 104 2578 aut
126 2517 249 2599 parochi
271 2519 323 2598 qui
343 2519 375 2580 in
394 2519 570 2598 excipiendis
595 2535 698 2578 earum
722 2519 969 2597 confesionibus,
993 2540 1063 2602 prn-

59 2602 127 2681 lapsi
147 2613 246 2678 sunt,
266 2605 291 2664 si
308 2649 317 2678 ‚
335 2603 382 2664 his
404 2605 578 2664 muneribus
600 2604 734 2676 relictis,
758 2622 819 2663 non
840 2614 959 2682 possent
979 2605 1062 2683 juxta

58 2706 140 2750 suum
161 2698 272 2752 statum
291 2691 393 2750 vivere
419 2687 497 2768 (tit.
522 2691 552 2749 6.
578 2707 613 2748 re
631 2689 702 2748 tbi.
733 2687 768 2747 in
783 2686 866 2767 fiai.
884 2689 941 2748 Scd
960 2708 1064 2752 omnes

12 2837 13 2840 ,
57 2777 237 2854 conveniunt
247 2775 386 2854 expedire
401 2777 432 2834 in
450 2775 497 2834 his
510 2784 541 2835 et
561 2774 705 2834 similibus
717 2773 829 2833 casibus
848 2773 1063 2837 absolutionem

12 2928 13 2942 χ
57 2858 196 2934 differre,
221 2869 254 2920 ut
278 2861 424 2939 poenitens
446 2861 485 2920 sit
510 2859 626 2920 saltem'
641 2859 811 2939 diligentior
832 2860 864 2920 in
885 2861 1063 2938 praescriptis

12 2943 13 2990 ἶ
56 2947 193 3006 remediis
211 2946 399 3025 exequendis.
420 2945 632 3006 Verumtamen
646 2964 701 3024 ego
718 2963 840 3020 censeo,
857 2945 1063 3006 confessarium

58 3046 114 3090 non
138 3027 256 3092 tantiam
278 3047 382 3108 posse,
403 3028 560 3090 sedetiam
584 3030 680 3090 teneri
704 3029 741 3089 ad
763 3027 957 3089 differendam
978 3029 1063 3092 abso·

57 3112 223 3188 lotionem„
247 3133 364 3193 semper
383 3133 416 3175 ac
435 3113 588 3188 commode
608 3113 728 3185 differre
752 3118 871 3192 potest,
897 3115 1063 3190 presertim

58 3194 121 3258 ctm
147 3201 247 3279 agitur
264 3198 302 3260 de
321 3199 443 3260 materia
466 3199 570 3278 turpi3
588 3205 708 3259 tenetur
725 3199 806 3257 enim
826 3197 890 3273 ipse
911 3205 1063 3276 tamquam

58 3283 185 3344 medicus
201 3284 369 3346 animarum
392 3284 603 3363 opportuniora
625 3283 772 3362 applicare
784 3282 913 3342 remedia
925 3304 935 3361 3
948 3293 978 3343 et
990 3294 1062 3361 puto

59 3369 221 3431 remedium
240 3371 335 3448 magis
351 3368 491 3430 idoneum
504 3384 564 3430 non
577 3369 705 3428 inveniri
720 3384 776 3446 pro
796 3384 832 3426 eu
850 3368 901 3446 qui
916 3377 1016 3429 manet
1030 3369 1062 3428 in

61 3454 207 3516 occasione
232 3456 390 3534 proxime,
415 3453 505 3532 quim
528 3453 650 3513 diliecre
677 3451 705 3511 ei
731 3448 964 3525 absolutionem,
988 3449 1063 3510 daim

60 3539 238 3618 experientia
258 3539 347 3600 nimis
363 3548 443 3619 patet
460 3538 541 3616 qutd
564 3539 665 3615 plures
686 3543 753 3615 post
777 3537 992 3600 absolutionem
1015 3554 1063 3594 ac-

61 3629 167 3702 ceptam
201 3624 356 3704 ncgligunt
384 3623 480 3686 media
508 3623 678 3704 praescripta
700 3623 828 3702 exequi,
850 3630 881 3682 et
908 3620 951 3680 sic
980 3618 1062 3680 lacild
