2475 3975
136 154 176 215 tt
422 153 535 216 Pruuc’c
550 150 730 235 cortseccurit‘.
751 154 824 235 Cup.
847 154 878 217 7.

138 254 247 323 habet,
267 264 450 335 quapropter
467 252 633 332 succubus,
653 257 700 316 rel
722 254 853 318 lucubuc
876 254 1053 334 appellatur.
1077 257 1153 332 Qui·

138 342 206 402 dum
236 338 291 401 hos
319 340 467 401 demones
487 337 635 411 incubos,
660 342 709 401 vol
727 340 868 401 succubus
891 339 956 399 dari
976 350 1151 419 negarunt3

137 426 188 485 sed
209 426 407 487 communiter
428 424 460 485 iul
477 424 627 484 ullirmant
648 434 804 499 auctores,
823 432 856 484 ut
879 423 1153 486 Morliuuclielrio

138 508 172 569 c'u
190 528 274 593 opere
289 510 425 590 Dtsquc‘s.
451 508 562 588 Mupic.
583 510 621 569 P.
637 509 810 589 Hierouyut.
828 507 952 589 Mucplcl
963 508 984 568 l.
1000 512 1030 569 l.
1050 529 1076 571 c.
1099 512 1151 571 15.

140 592 309 655 Curuliuulic
324 594 457 655 Putrurci
468 590 566 673 Epist.
579 600 662 673 part.
681 596 711 655 2.
734 592 786 653 tit.
807 596 838 654 2.
859 610 959 673 opusc.
974 594 1004 654 5.
1021 612 1087 674 cup.
1099 597 1150 656 ta.

138 698 170 738 u.
195 682 223 741 5.
246 689 275 740 et
289 678 392 741 Siuluc
419 677 555 740 Seucuct'c
577 674 630 739 lit.
648 681 677 740 5.
698 676 779 741 Bitt.
799 680 882 741 Sutr.
910 680 1020 739 Auctot.
1040 681 1089 740 77.
1111 697 1151 740 eu

137 766 169 825 S.
190 768 278 847 Cypr.
304 768 335 827 S.
362 767 441 825 Just.
468 761 591 826 Tertull.
619 771 672 825 ctc.
700 766 736 825 Et
762 761 890 825 maxime
908 760 965 824 hoc
992 765 1152 826 confirmat

136 854 167 913 S.
187 854 263 933 Acrp.
290 849 341 914 tlt.
365 854 411 912 lli.
432 850 467 912 dc
489 848 552 910 Ciu.
582 850 642 911 Dei
662 850 715 910 ubi
750 850 793 909 sic
814 848 917 909 scribit
940 844 1152 930 :Appomiccc
1217 901 1218 904 ,

137 934 306 999 luoruiuilus
323 934 447 1017 Assyrios
468 934 503 996 iu
523 931 633 997 talibus
653 932 840 1015 cupoutus,
855 940 892 993 ut
910 952 972 994 nou
990 931 1086 995 colum
1103 935 1152 995 oi·

137 1020 222 1098 dere,
242 1022 344 1085 aarum
362 1022 452 1083 etium
473 1020 559 1101 teupi
575 1028 708 1099 poscent,
724 1017 878 1080 uerissima
893 1020 1043 1100 scripturo
1061 1028 1152 1081 tectu·

139 1114 208 1179 tur,
225 1116 255 1169 el
279 1104 385 1167 occultos
401 1107 486 1185 [quoe
506 1100 594 1183 uculpo'
615 1102 736 1164 c'uculoc
759 1101 876 1180 vocant)
898 1104 1046 1181 improbos
1068 1107 1151 1187 cupi

137 1192 265 1253 astitisse
279 1188 469 1261 attolleretur,
491 1196 519 1247 ct
542 1204 645 1247 eorum
667 1186 847 1269 oppetiisse.
867 1205 901 1247 uc
919 1188 1060 1268 pumpiaco
1080 1210 1152 1250 cou-

138 1274 276 1336 uulu'tuuc.
312 1272 462 1350 Quosdam
484 1271 629 1334 demum
657 1270 735 1333 luunc
765 1270 885 1332 occidui
905 1271 1149 1347 irrtmuuditium,

137 1366 316 1431 attentare,
340 1368 368 1419 ct
389 1354 520 1439 efficere,
541 1353 642 1437 plures
666 1352 795 1437 totusque
820 1356 882 1417 oiri
903 1367 1092 1431 occurerunt,
1114 1368 1152 1420 ut

137 1442 189 1505 ltoc
204 1463 311 1525 crepare
329 1442 531 1523 c'mprudeutiu
545 1442 692 1503 sulcatur.
706 1442 851 1520 Equidem
870 1451 989 1521 possent
1000 1444 1151 1505 daemones
1217 1463 1218 1470 ¹

137 1530 174 1589 ad
200 1528 279 1589 hune
298 1530 469 1607 improbum
489 1546 575 1589 usum
597 1528 804 1588 defunctorum
829 1546 953 1605 corpora
973 1546 1149 1604 assumere,
1217 1593 1218 1596 ,

137 1614 183 1675 vel
196 1614 233 1675 de
255 1632 332 1675 novo
343 1614 398 1673 sibi
410 1630 558 1673 assumere
569 1630 611 1697 ex
622 1617 692 1673 aire
705 1606 761 1684 ‚el
768 1612 833 1671 aliis
844 1611 998 1674 elementis
1005 1615 1043 1674 ad
1051 1616 1150 1677 munis
1217 1611 1218 1682 J

135 1698 379 1767 similitudinem,
399 1716 432 1757 ac
450 1698 663 1777 palpabilium,
688 1706 719 1757 et
737 1698 899 1758 calidorum
913 1716 1073 1777 corporum
1085 1700 1151 1761 'luu-
1217 1693 1218 1736 3

136 1802 293 1845 martorum
318 1783 427 1863 speeies
448 1782 611 1861 effingere,
639 1792 670 1843 et
701 1784 743 1843 sic
764 1801 798 1843 ea
820 1781 944 1862 corpora
972 1786 1010 1845 ad
1035 1790 1150 1849 coitum
1217 1779 1218 1856 J

135 1880 247 1949 aptare.
266 1868 330 1931 lmo
351 1877 431 1929 tenet
451 1870 589 1949 praelatus
604 1864 707 1929 Duilio
725 1870 816 1929 citans
835 1872 877 1929 D.
899 1868 954 1931 ΤΙι.
973 1873 1013 1930 D.
1029 1873 1148 1933 Bouuu.
1217 1877 1218 1932 l

135 1957 270 2032 Scotum,
286 1952 426 2016 Abulenc.
440 1954 570 2032 aliosque
585 1954 705 2032 plures,
721 1953 801 2032 quod
812 1952 929 2016 doemon
944 1964 1041 2034 potest
1057 1946 1150 2020 etiam
1217 2024 1218 2039 2

37 2116 40 2122 Ι
135 2055 239 2106 rerum
261 2059 360 2103 semen
379 2041 485 2102 alierre
508 2040 628 2100 aliunde
648 2051 816 2119 acceptum,
840 2040 1064 2121 naturalemque
1084 2044 1150 2121 ejus

134 2132 321 2192 emissionem
341 2127 473 2202 imitari,
490 2135 520 2186 et
539 2125 619 2205 qulul
642 2144 678 2186 cx
700 2124 871 2208 hujusmodi
896 2128 1056 2187 concubitu
1076 2147 1149 2195 vera
1217 2130 1218 2135 ’

133 2218 232 2294 proles
252 2216 344 2294 possit
363 2214 467 2285 nasci,
489 2210 556 2273 crim
587 2211 681 2272 valeat
707 2212 824 2272 daertron
847 2229 948 2271 semen
972 2213 1047 2283 illud
1071 2218 1150 2276 acei-
1217 2222 1218 2225 ’

133 2318 225 2378 pore,
249 2295 351 2376 potii
373 2299 439 2356 viro
459 2298 490 2354 in
507 2307 611 2356 somno
627 2297 822 2376 pollutionem
840 2298 990 2374 patiente,
1004 2307 1034 2357 et
1053 2303 1150 2378 proli·
1217 2348 1218 2357 ,

131 2385 223 2446 ficum
247 2383 374 2441 calorem
393 2381 613 2452 conservando,
638 2381 718 2442 illico
741 2383 774 2443 in
794 2378 946 2442 matricem
967 2383 1147 2464 inlunder03

132 2487 193 2548 quo
214 2483 279 2528 casu
302 2465 400 2544 proles
423 2465 472 2524 illa
497 2482 558 2525 nou
585 2466 643 2524 erit
665 2466 786 2543 quidem
814 2467 874 2524 lilia
896 2469 1065 2543 daemonis,
1092 2473 1146 2533 secl
1217 2534 1218 2547 ,

130 2555 213 2618 illius
233 2550 315 2630 cujus
348 2559 392 2610 est
416 2567 544 2623 semen,
570 2559 605 2611 ut
628 2551 669 2610 ait
702 2551 895 2630 Miaccum
917 2554 996 2630 apud
1020 2555 1146 2618 citatum
1217 2594 1218 2619 l

132 2651 292 2700 littatorem.
304 2638 349 2696 An
369 2643 490 2710 autom,
509 2638 647 2714 inspeetis
667 2637 782 2714 legibus
800 2636 817 2697 5
834 2637 936 2697 divina
958 2639 1146 2716 providencia
1217 2668 1218 2671 ¹

132 2726 298 2788 constitutis
322 2742 375 2802 pro
419 2725 630 2803 propagatione
663 2724 780 2802 generis
814 2721 966 2798 humani,
998 2723 1062 2788 haee
1091 2729 1147 2789 ali·

131 2812 249 2892 qusando
279 2810 433 2884 evenisso,
473 2819 525 2869 aut
545 2810 666 2870 evenire
699 2827 782 2886 posse
799 2809 979 2870 eredendum
1003 2811 1070 2885 sit,
1100 2831 1148 2874 sa-

131 2901 311 2977 pientiorum
330 2893 443 2973 judicio
464 2896 654 2955 remittimus.
681 2893 742 2962 tlte,
755 2903 853 2955 autem
873 2890 910 2954 ‘tic
934 2895 1087 2976 dubium,
1107 2917 1147 2959 au

130 2985 222 3062 possit
240 2983 378 3053 doemon,
399 2981 593 3060 permittente
616 2983 679 3040 Deo
692 3025 700 3052 ‚
714 2979 825 3058 ubsque-
836 2978 965 3040 hominis
975 2983 1061 3060 culpa
1082 3002 1147 3045 ma.

131 3085 187 3126 nus
211 3068 290 3128 illius
314 3067 472 3127 admovere
494 3065 531 3125 ad
560 3084 591 3125 se
617 3065 743 3125 tactibus
764 3064 990 3143 polluendum?
1006 3066 1147 3130 Affirmat
1217 3098 1218 3101 ¹

131 3153 216 3209 Pater
231 3154 364 3213 Groviuu
379 3150 594 3212 Dottulu‘cauus
601 3196 611 3226 ,
625 3151 788 3229 etquidem
801 3151 1013 3228 probabiliter3
1024 3152 1049 3211 si
1061 3156 1145 3216 enim

132 3235 208 3291 srctlot
234 3235 349 3294 doemon
373 3245 468 3296 totum
494 3253 599 3314 corpus
628 3235 752 3312 alicujus
775 3235 897 3296 movere
913 3260 929 3307 ‚·
950 3247 983 3296 ut
1004 3249 1147 3300 narretur

130 3319 167 3374 ‹le
181 3315 298 3376 Sintouc
314 3320 405 3395 Mupo
421 3362 429 3390 ,
443 3338 500 3397 ope
517 3321 661 3380 doemonis
681 3322 714 3380 iu
734 3324 833 3382 aerem
854 3321 991 3395 sublato,
1011 3339 1067 3383 cur
1081 3342 1144 3386 uun

130 3401 239 3474 poterit
255 3408 285 3458 et
301 3407 449 3460 maurum?
470 3407 613 3464 Praeterea
626 3405 651 3464 si
664 3405 781 3465 daemon
804 3414 901 3482 potest
917 3405 1041 3483 alicujus
1062 3427 1144 3470 eom·

131 3497 250 3538 movere
273 3483 429 3555 linguam,
451 3495 485 3544 ut
511 3488 623 3549 invitus
642 3489 771 3566 proterat
790 3489 926 3550 obsooena
953 3491 1043 3552 verba
1062 3535 1072 3566 ‚
1092 3502 1146 3554 aut

130 3558 320 3632 blasphemius
329 3573 431 3624 ootttra
449 3569 544 3630 Deum
558 3615 565 3645 ‚
579 3572 684 3654 quidni
698 3589 801 3633 uranus
814 3583 847 3635 ut
858 3575 955 3654 turpia
965 3583 1145 3654 patientur?
