2475 3975
124 201 183 261 aas
357 197 497 258 Bronten
512 191 757 256 mittendorum.
777 192 850 274 Cap.
865 193 896 253 5.

120 305 191 358 sant
211 297 317 378 primis
347 296 480 373 diebus,
503 295 661 374 inquibus
688 294 780 354 llissae
795 293 902 352 votive
929 289 987 351 diei
1008 303 1134 370 possunt

134 381 156 444 i.
169 385 200 443 o.
213 403 246 442 n.
262 383 356 444 829..

121 383 132 462 t
160 469 228 529 teo.
242 500 280 515 -
291 381 460 529 usitandum
474 466 505 525 ὅ.
517 463 616 542 qudd,
633 471 667 523 ut
680 462 878 524 communiter
888 461 1034 535 traditur,
1047 465 1136 526 lllissa

120 553 293 614 celebranda
308 548 440 620 ratolti,
460 550 608 620 breviter,
626 546 724 619 olere,
737 545 844 608 devotis
856 591 865 618 ,
878 555 911 607 et
925 545 1034 608 exacte.
1047 547 1133 629 Atre,

121 638 162 697 ita
185 647 218 696 ut
238 655 298 697 non
321 635 458 695 dieantur
477 631 638 706 submisse,
665 651 732 710 quar
749 631 808 692 alte
827 640 899 692 sunt
916 631 1038 695 dicenda
1054 655 1063 692 a
1079 637 1134 696 sed

120 722 161 781 ita
172 721 376 800 proterantur,
386 723 534 778 atsattem
544 717 560 778 t
572 714 833 778 circumstantibus
847 715 1026 796 audiantur,
1041 733 1135 800 prout

119 804 190 866 dicit
211 805 359 881 ltubrioa3
384 805 518 882 alioquin
541 803 692 864 celebrans
718 819 778 863 non
804 802 997 862 excusatori
1023 809 1132 886 eulpa,

119 888 171 949 sed
190 887 308 950 uniam
327 889 447 950 veniali.
465 889 547 949 ldem
566 887 727 948 dicendam
749 886 787 946 de
805 904 840 946 eo
859 887 910 965 qui
932 887 990 949 ulti
1008 893 1131 964 recitat,

119 991 186 1052 quie
204 974 348 1036 submisse
370 973 428 1036 diei
448 974 567 1035 debent.
588 972 653 1033 lmd
674 973 829 1034 Gauautuo
851 982 881 1032 ot
906 974 1014 1047 Quarti
1026 987 1132 1054 putant

120 1077 182 1120 esse
203 1062 327 1122 mortale
351 1061 414 1140 (sed
436 1077 498 1120 aon
520 1059 589 1118 satis
613 1057 645 1117 id
663 1059 778 1118 ratione
803 1057 939 1136 probant)
959 1059 1056 1121 disere
1072 1064 1133 1125 alia

120 1161 192 1205 vaco
211 1163 245 1206 ea
264 1165 330 1224 qum
349 1143 493 1206 submisse
510 1152 580 1202 sunt
595 1142 737 1214 dicenda,
759 1151 790 1202 et
809 1145 954 1203 consentit
975 1146 1020 1204 La
1040 1147 1132 1210 Graia:

119 1231 217 1306 quoad
237 1232 326 1291 rerba
349 1228 596 1300 mnsemationis,
617 1227 718 1287 dicens
743 1246 862 1308 peceare
887 1231 1053 1292 mortaliter
1076 1235 1131 1310 qni

119 1314 169 1372 illa
186 1317 331 1392 proterret
350 1317 391 1378 ita
412 1314 507 1386 elati,
522 1325 557 1376 ut
573 1314 750 1384 audirentur
768 1313 806 1374 ad
824 1312 925 1374 darem
946 1332 1063 1393 possus,
1076 1319 1130 1379 ubi

120 1417 225 1478 magna
250 1413 325 1464 esset
343 1404 448 1482 populi
472 1421 558 1481 pers3
575 1401 628 1460 sed
648 1399 756 1461 merito
779 1403 819 1461 P.
839 1399 970 1461 Contine
990 1401 1045 1463 hoe
1067 1423 1128 1466 aon

119 1486 207 1544 rudet
225 1490 388 1565 approbare
411 1485 445 1566 (t.
462 1506 489 1548 e.
504 1505 537 1546 n.
552 1489 611 1546 irs
628 1495 658 1546 et
676 1485 768 1562 010).
783 1485 935 1559 Breviter,
956 1489 986 1548 id
1007 1501 1070 1560 est,
1094 1501 1130 1552 ut

119 1569 269 1630 ordinarii
285 1571 435 1647 loquendo
451 1589 512 1630 non
527 1570 685 1629 excedatur
703 1571 797 1629 media
813 1570 884 1630 liora
896 1616 904 1644 ‚
917 1586 1056 1635 monente
1066 1579 1130 1635 llu-

119 1653 220 1726 lrriod,
244 1663 278 1714 ut
301 1656 386 1714 llissa
412 1673 472 1714 non
499 1655 615 1714 diratur
641 1653 733 1716 nianis
757 1657 890 1732 irrorare,
916 1677 952 1718 are
977 1659 1131 1724 audientes

120 1735 205 1799 tedio
228 1735 411 1822 afficiantur.
431 1740 538 1801 Subdit
560 1749 660 1800 autom
680 1741 830 1816 ltulrriea,
851 1743 912 1804 Neo
935 1743 1026 1805 rainois
1045 1745 1131 1825 festi-

118 1831 248 1903 nanter,·
272 1825 344 1886 hine
367 1827 518 1905 sapienter
541 1827 582 1886 eit
609 1825 702 1888 Card.
723 1825 929 1889 lambertinus
949 1829 1058 1909 (illotis.
1078 1835 1127 1892 54.

118 1925 149 1968 u.
169 1913 230 1991 50.)
246 1932 314 1972 eum
332 1912 397 1972 aliis
417 1912 632 1983 commonitor,
648 1913 766 1972 llissam
786 1931 845 1972 non
863 1913 971 1974 debore
985 1933 1047 1975 esse
1062 1919 1130 1977 lon-

118 1997 231 2074 giorem
254 1999 376 2059 dinndit
400 1997 492 2072 hori,
516 2015 571 2058 neo
593 1998 760 2058 breviorem
781 1999 908 2067 triente,
924 1999 954 2057 id
977 2010 1020 2059 est
1041 2005 1131 2064 tertia

118 2092 203 2159 parte
226 2082 318 2145 horae.
330 2084 463 2159 Qualiter
482 2094 580 2143 autem
600 2090 721 2162 peccent
741 2083 793 2161 qui
812 2080 931 2143 celerius
953 2084 1128 2161 celebrant,

118 2166 184 2227 uide
205 2166 286 2229 dicta
306 2167 357 2232 tib.
379 2173 409 2231 0.
432 2190 465 2232 n.
485 2172 552 2231 tau.
576 2168 628 2229 ubi
652 2169 781 2230 diximus
803 2168 920 2229 missam
942 2167 1067 2247 (etiamsi
1089 2174 1130 2235 sit

117 2251 337 2333 detunctorum)
363 2256 578 2334 persolventem
601 2254 678 2313 intra
696 2253 889 2333 quadrantem
913 2272 973 2314 non
997 2260 1127 2318 excusari

115 2334 133 2395 t
154 2338 238 2413 eulpa
257 2341 350 2415 gravi.
368 2336 471 2413 clare,
487 2341 517 2400 id
535 2351 579 2400 est
595 2340 659 2399 sine
672 2341 831 2401 verborum
847 2340 1048 2418 mutilatione3
1061 2362 1128 2419 qum

116 2420 140 2477 si
159 2420 198 2479 sit
218 2422 373 2491 natabilis,
399 2432 429 2482 et
448 2442 550 2484 sensus
570 2443 624 2503 per
652 2442 716 2485 eam
739 2429 893 2501 varietur,
914 2426 972 2486 erit
994 2430 1127 2490 mortalis

116 2502 149 2585 (l.
161 2507 188 2565 0.
200 2504 237 2567 n.'
247 2506 341 2586 tat).
354 2508 480 2582 Deuoti,
493 2510 524 2568 id
541 2519 585 2569 est
601 2510 666 2569 sino
682 2510 889 2582 distractione,
900 2530 966 2588 (pose
979 2512 1003 2571 si
1020 2514 1127 2575 volon-

117 2594 190 2652 taria
212 2593 250 2655 sit
269 2594 302 2655 in
321 2613 447 2667 maone,
472 2603 501 2655 et
522 2596 685 2674 praesertim
708 2594 740 2654 in
760 2596 976 2656 consecratione
996 2606 1026 2657 nt
1044 2618 1127 2659 sum·

116 2680 217 2757 ptione
235 2680 291 2739 erit
311 2682 460 2751 mortalis,
482 2691 515 2741 ut
537 2681 599 2741 vult
616 2677 834 2752 Tauromenita,
856 2678 925 2741 liciat
944 2683 1034 2760 aliqui
1055 2704 1127 2745 eon·

116 2766 269 2827 tradionnt.
294 2765 324 2825 si
345 2775 443 2824 autem
462 2766 605 2826 habeatur
629 2775 710 2826 extra
731 2784 893 2837 canonem,
915 2766 1024 2829 dicitur
1045 2770 1126 2834 idem

116 2850 196 2930 quad
215 2850 326 2910 dietum
346 2857 390 2909 est
411 2847 449 2908 do
474 2852 560 2909 lloris
585 2850 732 2909 mnonicis
756 2849 832 2928 (aride
851 2868 883 2908 n.
903 2853 977 2927 70).
991 2855 1125 2929 Errasti,

116 2937 146 2996 id
168 2946 212 2997 est
235 2954 273 2995 na
296 2934 448 2995 omittatur
470 2934 582 3011 aliquid
607 2934 645 2994 de
669 2934 705 2992 iis
729 2952 795 3011 qum
820 2934 939 2993 dicenda
965 2945 1047 2995 sunt.
1070 2938 1127 3001 llio

115 3030 214 3081 autem
242 3020 427 3098 notandum,
455 3018 534 3097 qrrdd
558 3020 583 3079 si
610 3018 787 3080 dimittantur
815 3027 912 3096 partes
940 3019 1123 3097 ordinariae,

114 3123 221 3180 nempe
241 3125 307 3185 qum
326 3106 357 3167 in
372 3106 455 3166 llissa
474 3122 592 3183 semper
612 3102 753 3175 dicenda,
767 3103 815 3163 vol
839 3105 949 3182 agenda
963 3116 1051 3182 sunt,
1066 3111 1125 3171 erit

113 3190 258 3261 mortale,
283 3192 308 3251 si
334 3191 454 3252 materia
474 3190 513 3249 sit
536 3190 694 3265 notabilis,
720 3199 809 3267 prout
834 3200 908 3251 esset
929 3192 1066 3253 omittere
1091 3196 1122 3257 in

113 3288 224 3328 arnone
243 3276 406 3347 quamlibet
431 3274 619 3349 orationem,
642 3274 689 3335 vel
702 3276 794 3335 Potor
810 3284 925 3350 noster,
940 3277 986 3337 rel
1005 3278 1122 3340 fractio-

112 3367 180 3406 nem
192 3349 295 3409 hostiae
314 3375 381 3415 oum
398 3358 478 3418 illius
497 3361 642 3423 mixtione
658 3361 690 3419 in
702 3360 807 3433 eoliae,
822 3361 870 3421 vel
888 3362 1121 3441 purificationem

111 3438 223 3523 patena»
239 3438 269 3489 et
285 3435 381 3525 euticis
394 3450 459 3514 post
471 3450 691 3525 sumptionem,
706 3445 753 3506 vel
771 3456 839 3507 octo
852 3456 902 3507 aut
915 3445 1015 3508 deoem
1032 3449 1120 3509 verba

109 3520 237 3564 mannis.
265 3512 317 3605 Sia,
339 3521 449 3589 pariter
476 3528 535 3606 erit
560 3534 690 3597 mortale,
709 3542 790 3591 extra
816 3550 957 3597 cunonem
983 3533 1120 3594 omittere

109 3587 204 3638 totum
226 3588 405 3666 latronum,
430 3604 478 3660 rel
501 3608 575 3670 duas
601 3633 638 3675 ex
664 3617 799 3677 collectis
818 3617 1049 3697 principalibus,
1072 3621 1116 3680 vel
