2475 3975
128 183 189 252 254
371 181 508 244 Ecoartcn
520 177 763 242 ordinandorum.
779 177 852 258 Cap.
866 177 895 238 5.

129 283 272 344 violantes
286 282 506 344 immunitatem
524 279 747 340 ecclesiasticam
760 322 769 350 ‚
783 277 800 338 ὲ
813 295 871 355 qua
883 275 1059 340 absolvenda
1075 277 1137 343 Cle·

128 383 209 430 mm
236 369 327 430 vm.
349 368 440 429 etiam
463 363 658 445 Regularibus
682 363 849 430 facultatem
878 361 1022 440 abstulit,
1046 375 1137 443 prout
1224 419 1225 422 ,

26 473 32 480 ·
128 451 238 525 dieitur
252 453 285 518 in
301 456 398 516 licet.
411 452 461 514 cit.
476 471 511 512 o.
522 452 573 526 99,
595 449 647 510 illa
668 447 785 510 uncum
798 449 961 509 incurritur
978 448 1015 508 ah
1034 450 1075 512 iis
1085 453 1137 530 qui

127 537 273 599 violenter
298 547 329 600 et
353 535 462 614 injuste
484 534 645 596 extrahunt
665 533 702 594 ab
729 533 856 595 Ecclesia
875 534 1076 612 confugientes
1097 537 1135 597 ad

126 638 212 700 eam3
226 619 356 686 Clemens
367 621 448 681 enim
465 620 499 682 in
515 637 570 683 suo
582 618 839 680 Decretonullam
861 618 950 680 aliam
967 637 1136 682 excommu-

126 705 304 768 nicationem
318 705 514 784 Regularibus
531 705 641 765 vomuit
652 703 804 770 absolvere
817 713 952 782 respectu
969 705 1006 766 ad
1022 708 1133 770 violan-

127 798 171 852 tes
187 791 425 866 immunitatem,
442 789 533 868 quim
553 790 635 850 illam
655 807 722 868 quae
742 789 889 852 declarata
911 789 1003 851 tutta
1027 794 1135 875 Greco-

125 877 171 936 rio
179 876 269 937 XIV.
283 877 335 954 qui
354 876 386 938 in
402 875 485 937 bulla
504 877 536 936 7.
557 874 716 938 declaravit
737 875 880 940 violantes
895 877 1134 953 immunitatem,

124 975 179 1037 per
217 958 431 1023 extructionem
468 960 662 1038 confugientis
701 958 739 1020 ad
775 961 932 1023 Ecclesiam
952 1004 960 1033 ‚
984 960 1137 1026 incurrere

126 1043 192 1122 ipso
211 1043 288 1106 lacto
304 1045 439 1108 eamdem
453 1045 788 1106 excommunicationem
808 1045 958 1124 papalem,
973 1063 1040 1124 quae
1053 1048 1136 1124 priris

124 1129 345 1192 fulminataiuit
353 1132 384 1190 in
392 1131 708 1191 violanteslibertatem
717 1130 940 1192 ecclesiasticam
953 1131 969 1190 a
980 1127 1079 1194 Paulo
1088 1135 1136 1194 11.

126 1213 158 1275 in
174 1216 303 1277 Eclroo.
317 1215 387 1281 Eat
397 1215 550 1281 Dominici
557 1260 565 1276 .
580 1213 616 1276 cle
634 1213 740 1293 penit.
754 1222 784 1274 et
796 1231 868 1274 rem.
883 1222 913 1274 et
932 1213 949 1274 ὲ
969 1213 1054 1296 Sixto
1075 1220 1096 1277 Ι
1100 1221 1136 1280 V.

126 1297 160 1360 in
179 1301 236 1360 alia
251 1301 379 1362 Eclecto.
391 1301 461 1364 Etsi
472 1298 639 1373 Dominici,
653 1297 717 1360 eccl.
732 1296 778 1359 tit.
793 1299 850 1372 Qui
866 1298 1020 1362 Pontifices
1032 1300 1137 1380 hujus·

127 1384 208 1446 modi
219 1389 556 1450 excommunicationem
568 1387 607 1447 ita
618 1385 674 1446 siti
685 1393 874 1446 reservarunt
887 1429 895 1457 ‚
909 1393 944 1446 ut
959 1387 992 1446 iu
1005 1391 1136 1466 generali

125 1471 312 1532 concessione
329 1471 501 1534 absolvendi
515 1471 538 1532 a
546 1471 660 1532 casibus
681 1471 839 1549 pontificiis
852 1469 914 1530 haec
927 1488 988 1538 non
999 1490 1136 1553 compre·

125 1555 317 1625 henderetur,
339 1559 400 1618 Nec
421 1558 518 1617 obstat
540 1564 638 1617 textus
651 1557 684 1616 in
697 1575 722 1616 c.
739 1556 813 1617 Cum
835 1573 889 1634 pro
905 1562 975 1630 tua,
1003 1555 1038 1618 de
1058 1567 1135 1620 sent.

124 1657 276 1713 excomm„
296 1639 367 1711 ubi,
390 1640 459 1701 eiam
479 1642 586 1720 aliquis
603 1640 637 1701 in
655 1640 783 1700 claustro
794 1640 946 1713 eujusdam
963 1646 1135 1704 monasterii
1224 1653 1225 1710 j

125 1725 283 1804 quemdam
296 1724 437 1786 clericum
457 1726 660 1798 verberasset,
682 1723 792 1792 dicitur
811 1725 843 1784 in
864 1731 966 1795 textu,
980 1726 1065 1788 illum
1079 1727 1135 1793 du·
1224 1721 1225 1778 ἶ

125 1809 232 1889 plicem
252 1810 414 1880 incurrisse
429 1809 784 1882 excommunicationem,
802 1825 893 1870 unam
909 1811 978 1887 qtria
991 1811 1135 1888 percussit
1224 1815 1225 1894 ξ

123 1895 264 1956 clericum
277 1939 286 1966 ‚
299 1896 440 1969 alteram,
453 1897 524 1974 quia
542 1895 616 1956 lesit
629 1891 860 1956 immunitatem.
876 1895 902 1954 N
904 1912 952 1952 am
966 1897 1135 1956 communi·

124 1990 172 2043 ter
188 1982 451 2043 nanctoacum
466 1981 562 2059 Foco.
578 1979 614 2039 in
624 1979 674 2039 cit.
694 1998 761 2058 cap.
774 1998 807 2039 n.
829 1978 877 2037 10.
897 1979 1137 2040 exeommunica-
1224 1975 1225 2021 l

124 2068 237 2129 tionem
251 2068 332 2132 illam
352 2065 391 2127 ob
412 2066 562 2139 laesionem
574 2063 775 2127 immunitatis
794 2062 1136 2139 impositamsuisscnon

123 2150 141 2213 a
156 2151 226 2231 jure
237 2198 246 2226 ‚
258 2153 309 2214 sed
331 2151 368 2212 ab
388 2152 452 2231 ipso
469 2150 630 2229 Episcop03
644 2148 686 2209 ita
699 2144 1133 2221 Attm1,carcte.rucaaran.
1224 2156 1225 2223 ξ

123 2242 356 2299 ccmlnnoccat.
375 2239 427 2316 qui
439 2236 551 2309 verbo,
570 2230 746 2316 Duplicem,
766 2234 807 2309 sic
827 2230 1005 2300 annotarit:
1027 2230 1135 2311 Dupl'·
1224 2238 1225 2265 ²

122 2339 203 2393 cem,
217 2322 251 2382 id
260 2330 305 2381 est
316 2320 352 2382 ol>
362 2321 548 2400 injectionem
564 2338 712 2381 monacum
722 2318 882 2402 cocejum,
897 2324 926 2379 ct
943 2312 1133 2383 violationem
1224 2352 1225 2403 3

122 2404 247 2467 claustri
262 2403 302 2465 ub
317 2403 382 2545 ilaec
400 2405 570 2500 (Episcopo)
590 2404 696 2470 latum.
711 2407 786 2468 Hine
804 2408 901 2486 Facta.
922 2422 990 2467 cunt
1011 2399 1079 2461 aliis
1098 2401 1132 2463 in
1224 2422 1225 2471 t

121 2506 187 2568 cup.
201 2488 285 2548 Inter
303 2504 383 2563 cta,
399 2486 434 2547 de
447 2506 574 2549 tramae.
597 2488 666 2553 eccl.
692 2509 726 2549 n.
751 2492 833 2567 l02„
850 2499 884 2551 ut
905 2498 1020 2550 certum
1043 2484 1132 2547 hahet
1224 2540 1225 2583 r

121 2574 234 2634 nullam
242 2571 342 2633 adesse
353 2573 690 2635 excommunicationem
704 2575 770 2635 latae
779 2574 1025 2655 sententiaePapae
1036 2593 1133 2638 reser-
1153 2617 1157 2622 -
1224 2592 1225 2599 ¹

122 2668 220 2723 vatam
229 2666 332 2721 contra
344 2660 543 2739 percutientes
558 2659 607 2722 uel
622 2659 753 2721 furantes
765 2661 798 2721 in
811 2658 949 2723 Ecclesia.

378 2840 405 2921 S.
417 2843 469 2903 tv.
485 2843 529 2903 De
547 2845 681 2905 censuris
698 2846 729 2905 in
750 2845 857 2923 specie.-

389 2988 433 3048 Et
443 2986 472 3047 Ι.
487 2986 532 3045 Dc
543 2985 852 3048 excomnrucicctt'oce.

159 3164 210 3223 cl.
224 3192 262 3209 ·-
274 3096 550 3235 Exacuumcamo
573 3165 617 3218 est
634 3174 779 3230 occasuro,
802 3174 858 3239 pet·
879 3176 971 3239 quum
988 3159 1132 3242 privator

120 3246 205 3307 lamo
232 3245 435 3309 commeatione
457 3242 657 3309 eeclesiastico.
679 3246 730 3304 Est
757 3242 866 3321 duplex
877 3265 891 3307 ,ε
919 3244 1042 3321 Mittor,
1063 3268 1132 3327 quae

118 3328 216 3403 privat
231 3326 348 3389 tantiam
370 3350 425 3391 usu
441 3330 574 3409 passivo,
594 3348 646 3391 seu
666 3330 835 3408 receptione
854 3340 1105 3394 sacramentorum
1119 3357 1129 3411 3

118 3404 225 3502 otae-t.
244 3408 274 3465 7.
289 3425 323 3465 n.
345 3414 413 3472 155.
439 3418 475 3475 Et
492 3414 612 3497 Major,
638 3434 703 3494 quae
723 3416 821 3493 privat
844 3417 933 3481 etiam
954 3418 1071 3492 activo,
1097 3430 1128 3479 et

118 3502 200 3545 omni
219 3493 503 3575 communicatione,
519 3510 553 3559 ut
567 3500 642 3566 inira
659 3520 728 3563 mox
741 3502 871 3564 dicemus
882 3522 913 3563 n.
924 3504 972 3565 85.

155 3566 204 3625 82.
218 3600 255 3611 -
268 3569 546 3643 Exeommunicatus
562 3594 659 3664 potest
678 3605 740 3653 csso
758 3588 805 3650 vel
839 3590 996 3661 toleratum
1015 3588 1060 3649 vel
1080 3590 1126 3651 vi-
