2475 3975
161 203 221 264 944
401 202 538 261 Examen
551 195 795 260 ordinandorum.
812 197 882 278 Cup.
898 195 925 254 5.

161 299 234 362 vero
253 297 350 378 major
368 299 462 370 desit,
478 309 513 360 ut
530 298 634 360 dicunt
645 296 792 380 Roucoyl.
809 292 919 373 Quarti
922 339 930 367 ,
954 292 1057 366 uitet,
1073 291 1156 356 Gobut
1227 295 1228 326 ³

161 393 192 446 et
209 383 312 446 Yoatb.
332 385 526 464 probabiliter
546 391 644 462 potest
660 385 815 453 sacerdos,
834 383 921 442 etiam
939 381 1023 440 causat
1042 380 1155 440 devotio·
1227 457 1228 460 Ἴ

163 470 233 540 nis,
258 488 428 530 consecrare
452 470 623 547 minorem
648 469 738 530 niodo
764 466 943 546 (advertunt)
968 465 1042 524 absit
1066 462 1155 542 populi

161 553 352 629 scandaium3
372 555 424 615 sed
447 553 583 622 addunt,
610 552 692 630 quod
718 551 775 612 boo
798 551 968 611 scandalum
992 547 1072 610 facile
1090 567 1156 626 prae·
1227 561 1228 582 ¹

162 637 259 698 careri
275 648 388 716 potest,
407 637 556 699 monendo
568 638 715 716 poputum
734 636 773 698 de
792 637 908 698 deiectu
928 634 1032 696 hostire
1050 632 1156 710 majoris
1227 701 1228 726 ἶ

163 720 391 801 (tamena).

200 808 250 867 98.
269 808 440 868 -Vinum
459 815 562 868 autem
580 807 670 868 debet
688 819 750 868 esse
765 825 802 870 ex
823 805 889 868 uvis
910 823 1101 888 expressum3
1118 805 1158 864 cui

162 908 198 950 cx
216 892 298 968 gravi
315 901 463 971 precepto
479 893 613 954 Ecclesiae
631 892 745 952 modica
763 907 838 970 aqua
857 901 902 952 est
924 894 957 952 in
978 893 1064 952 calice
1082 890 1160 948 adrni-

162 980 267 1042 scenda
277 979 326 1058 (ad
339 977 561 1057 significandam
575 978 715 1038 unionem
727 977 860 1038 fidelium
872 995 942 1036 eum
952 975 1076 1054 Christo)
1088 993 1160 1054 ‚quae

163 1066 267 1127 saitem
278 1083 339 1126 non
348 1063 469 1125 excedat
479 1065 597 1124 tertiam
609 1065 672 1123 vini
684 1073 818 1140 partcm3
829 1060 1047 1140 quamvishanc
1058 1061 1160 1138 opinio
1227 1087 1228 1090 ¹

165 1169 235 1212 nem
246 1149 338 1225 aliqui
348 1149 412 1206 DI).
422 1165 483 1208 non
496 1147 671 1217 admittant,
682 1147 739 1206 nisi
750 1147 852 1206 vinum
864 1147 902 1206 sit
913 1165 1094 1224 generosum.
1104 1143 1162 1204 Sui·
1227 1167 1228 1224 3

163 1237 227 1297 ficit
239 1231 310 1294 rerd
325 1232 484 1293 admiscere
496 1249 587 1291 unam
601 1249 684 1308 aquae
696 1239 810 1309 guttam
826 1227 860 1310 (l.
875 1250 899 1291 e.
911 1251 945 1292 rt.
959 1233 1029 1292 208.
1041 1240 1068 1291 et
1080 1223 1160 1305 tto).
1227 1231 1228 1256 i

164 1321 232 1381 Non
254 1328 299 1380 est
321 1318 444 1378 matoria
466 1325 534 1394 apta
551 1316 655 1376 riuum
682 1333 718 1376 ex
733 1325 869 1394 agresta,
890 1333 947 1377 nee
970 1324 1101 1386 acetum,
1115 1331 1161 1372 nec

164 1421 258 1482 vappa
280 1403 322 1482 (id
341 1411 385 1462 est
401 1403 506 1461 vinum
526 1400 609 1477 cujus
631 1400 676 1459 vis
693 1401 878 1480 evanuerit),
901 1419 958 1462 nee
978 1403 1063 1472 lora,
1084 1395 1162 1475 uulgd

163 1495 304 1566 arquato.
312 1487 423 1548 Vinum
437 1495 536 1544 autem
552 1503 619 1544 cum
633 1485 691 1543 alio
704 1485 819 1561 liquore
830 1487 884 1547 etsi
898 1486 1016 1546 modico
1029 1486 1161 1550 mixtum,

163 1570 209 1628 rel
233 1578 364 1628 mustum
386 1569 424 1626 de
445 1569 510 1626 uvis
535 1579 606 1626 tunc
631 1585 818 1643 expressum,
843 1571 1034 1647 estquidam
1052 1567 1163 1630 materia

163 1659 230 1730 opta
250 1651 287 1711 ad
303 1653 541 1719 Sacramentum,
561 1653 614 1707 sed
627 1652 756 1726 graviter
770 1653 890 1726 illicita,
907 1663 942 1714 ut
958 1656 1066 1716 dicitur
1078 1655 1106 1713 in
1116 1651 1164 1710 Ru-

163 1737 265 1811 brica3
284 1734 336 1794 ubi
350 1733 429 1794 idem
442 1734 566 1794 docetur
579 1733 616 1794 de
630 1735 719 1808 vino,
735 1735 816 1812 quod
833 1738 951 1819 eoeperit
968 1755 1107 1812 acescere,
1125 1730 1166 1793 aci

162 1821 313 1902 comunrpi
324 1865 332 1890 ,
352 1817 397 1879 eei
417 1815 512 1899 suerit
533 1815 765 1900 aliquantuitinc'
778 1839 854 1882 acre.
879 1825 989 1885 Dicunt
1011 1821 1166 1884 tamenta

165 1905 274 1977 Crot‘x,
289 1904 437 1978 Gobares,
450 1913 476 1964 et
486 1906 593 1984 Sporer
602 1901 636 1985 (l.
647 1924 671 1964 c.
685 1924 718 1964 tt.
728 1907 786 1966 206
796 1914 825 1964 et
836 1907 917 1983 907.)
929 1908 1007 1984 qudd
1019 1907 1167 1966 deficiente

163 1989 1167 2072 aliorino‚licetutivinotantdmpartimacescentezaitenimCord.
1227 2014 1228 2017 ¹

163 2074 369 2140 lambertinus
383 2073 493 2156 (Notis.
510 2077 559 2135 77.
575 2094 606 2134 tt.
623 2074 664 2153 2.)
678 2073 758 2151 qudd
774 2076 890 2151 praefata
907 2076 1032 2133 Robrica
1048 2077 1169 2135 deducta

165 2171 209 2223 est
226 2180 263 2222 ex
279 2161 411 2223 doctrina
430 2161 463 2220 S.
482 2158 601 2224 Tironem
619 2160 649 2219 5.
664 2166 744 2239 port.
762 2178 813 2241 qo.
827 2160 876 2219 tt.
895 2166 955 2218 ort.
970 2160 998 2219 ὅ.
1013 2157 1053 2218 od
1071 2161 1100 2219 2.
1118 2160 1169 2237 qui

164 2247 249 2308 docet
261 2265 320 2307 non
333 2264 416 2325 posse
429 2245 550 2323 quidem
561 2246 784 2305 Sacramentum
803 2244 906 2305 confici
923 2244 960 2305 de
979 2252 1059 2305 aceto
1070 2290 1078 2318 ,
1090 2261 1169 2326 porse

165 2341 264 2393 toraca
277 2330 383 2411 confici
401 2330 436 2391 de
452 2330 521 2390 vino
540 2330 700 2407 occaecati,
725 2330 806 2411 qaod
826 2340 870 2393 est
890 2334 923 2393 in
941 2331 991 2393 viu
1013 2331 1053 2395 ud
1071 2351 1170 2393 correa-

163 2498 331 2575 occipienda
351 2517 419 2558 cum
435 2507 520 2559 tanto
539 2502 658 2579 rigore,
674 2509 707 2561 ut
726 2500 955 2578 comprehendat
968 2520 1070 2564 omnes
1083 2503 1168 2563 etiam

164 2584 276 2661 primos
287 2584 395 2663 gradus
407 2584 597 2656 acrimoniae,
614 2584 666 2645 sed
684 2582 799 2645 tantdm
816 2586 882 2645 illos
896 2587 947 2663 qui
962 2586 1024 2663 jam
1039 2582 1169 2666 proximd

163 2669 310 2747 incipiunt
336 2670 515 2750 constituere
538 2670 642 2731 viuum
669 2686 821 2742 arescent,
842 2669 931 2749 vulgo
951 2670 1082 2745 dictum,
1103 2672 1169 2731 vitto

163 2749 240 2816 eollo
254 2762 370 2833 punto,
387 2756 467 2827 sive,
489 2753 601 2815 andsto
624 2750 683 2815 allo
703 2761 823 2835 sperate.
839 2758 899 2816 Neo
918 2756 987 2815 licet
1005 2774 1169 2816 consecrare

165 2841 198 2901 in
214 2839 286 2899 rino
305 2838 477 2914 congelato,
499 2839 555 2897 nisi
581 2838 715 2914 liquefiat
731 2839 802 2901 dum
825 2850 1013 2901 consecratur
1027 2840 1058 2919 (l.
1077 2842 1106 2902 6.
1122 2842 1167 2902 eit.

164 2943 197 2986 rt.
213 2924 282 2985 907.
297 2923 354 2997 Qu.
366 2920 417 2996 t).
436 2921 516 2993 Quin
535 2929 635 2980 autem
657 2922 763 2981 vinum
783 2926 968 3003 congelatum
989 2926 1027 2985 sit
1051 2928 1169 2987 matoria
1188 2984 1192 2995 ,

165 3018 250 3087 apta,
265 3008 369 3087 nequit
390 3005 541 3076 dubitari,
562 3005 635 3063 dnm
655 3006 764 3067 dicitur
783 3008 815 3067 in
833 3010 971 3070 Rubrica.
990 3009 1035 3089 (de
1057 3008 1166 3091 Defert.

164 3092 191 3173 S.
207 3094 241 3152 c'u
257 3092 389 3174 dayam).-
406 3090 440 3151 Si
457 3091 490 3150 in
504 3090 604 3171 iryeoac
622 3089 746 3169 sartoris
766 3088 930 3175 conqeletor
950 3095 984 3155 in
1006 3094 1111 3168 culice,
1131 3098 1169 3155 cit·

163 3174 301 3236 uoluatur
320 3174 400 3237 colio
417 3176 529 3256 ponatis
551 3172 721 3257 colelbott's,
744 3186 797 3239 etc.
820 3179 908 3241 docter
932 3178 1076 3261 liquefiat.
1096 3180 1168 3259 Ergd

163 3275 218 3335 per
243 3262 476 3335 congelationem
505 3278 566 3323 uon
593 3274 828 3339 corrumpuntur
854 3268 962 3343 spceios
988 3267 1075 3337 vini,
1103 3264 1167 3325 aliis

116 3379 127 3392 .
162 3339 310 3431 desineret
325 3361 387 3402 csse
405 3346 447 3404 ibi
464 3346 582 3423 sanguis
598 3344 707 3405 Christi
724 3345 800 3423 (vide
816 3342 1167 3427 dinumeraturum

162 3437 194 3476 in
211 3422 380 3493 sumptione
396 3428 582 3502 adverteret,
596 3430 701 3491 vinurn
719 3448 780 3491 esse
794 3444 964 3510 corruptum
974 3438 989 3491 ?
1001 3434 1057 3493 Atti
1071 3435 1167 3495 dicunt

163 3499 295 3599 sufficere
314 3509 347 3558 ut
365 3507 426 3597 solo
444 3510 496 3569 fiat
518 3516 700 3575 consecratio
720 3517 793 3577 vini.
817 3518 873 3578 Sed
896 3518 1000 3577 molius
1024 3527 1068 3579 ost
1087 3520 1166 3597 juxta

164 3573 321 3637 laubnoam
342 3582 412 3657 (ursi
432 3589 508 3649 adsit
530 3598 713 3675 scandalum)
733 3599 843 3662 iterum
863 3602 986 3675 vinum,
1010 3610 1040 3661 et
1064 3621 1167 3663 notum

161 2416 358 2495 ptionem....‚
372 2412 438 2474 ticet
449 2422 547 2495 peccet
567 2415 733 2495 oortficiens.
748 2418 832 2478 Unde
846 2420 973 2479 Robrica
986 2414 1170 2479 non'videtur
1227 2422 1228 2449 ¹
