2475 3975
325 270 328 273 Ι
358 183 423 243 Art.
439 186 468 243 l.
483 185 528 245 De
540 183 643 266 primo
661 187 805 249 Tentura.
1030 195 1086 256 ill

72 279 182 346 ribus,
197 287 232 340 ut
249 285 448 347 communiter
465 286 530 346 DD.
550 283 656 362 ajunt,
676 305 736 347 non
757 294 877 366 peccant
898 291 1046 370 graviter,
1061 295 1085 354 si

74 365 213 426 habitum
230 375 260 427 ct
272 369 436 430 Tonsorem
455 387 516 429 non
532 369 684 447 deierant3
704 371 765 433 imd
784 373 969 434 communiis
980 378 1083 454 Sotus,

73 455 158 515 Nan.
176 453 260 514 Arm.
283 455 415 536 Cestrop.
438 455 542 517 Eccob.
559 455 678 518 Holzrn.
696 465 749 517 ete.
767 458 804 518 ab
826 460 908 519 omni
930 461 1015 538 culpa
1036 481 1086 523 eos

75 547 233 612 excusant,
253 555 290 598 ex
308 538 389 599 bullo
408 539 488 600 stan
504 537 743 616 tractaretis,
764 559 836 603 ann.
850 545 938 605 loss.
955 546 1001 604 51.
1017 547 1084 607 lan.

73 626 153 686 Nam
174 623 216 682 ibi
236 622 269 682 in
291 621 408 683 tantdm
429 623 529 684 clerici
556 625 743 686 declarantur
768 626 862 688 teneri
889 629 926 688 ad
951 627 1086 691 habitum

74 707 269 768 deserendum
281 751 290 779 ,
303 708 355 784 qui
369 709 558 786 pensionem,
572 719 624 769 out
637 710 692 770 alia
713 711 789 771 bona
802 713 991 774 ecclesiastica
1011 717 1086 777 reci-

73 793 183 870 piunt,
195 791 361 852 excedentia
372 793 501 853 valorem
513 812 682 856 annuorum
692 796 730 854 60
741 814 898 858 aureorum
908 796 1082 860 decomeco.

74 877 183 938 Clerici
204 884 303 937 autem
328 875 512 950 beneficiati,
533 887 586 938 aut
607 877 640 938 in
664 880 750 938 saeris
773 883 942 957 constituti,
966 891 1086 961 peceant

74 961 198 1040 quidem
208 961 337 1039 graviter
352 961 377 1020 si
393 959 529 1022 habitum
545 961 763 1034 dimittunt,ut
774 967 969 1026 communiter
980 968 1086 1028 docent

73 1045 187 1108 Sonclc.
206 1048 312 1125 Lopm.
336 1047 471 1126 Cestrop.
494 1049 608 1108 Bonae.
631 1043 723 1106 Solm.
744 1055 795 1109 ete.
813 1048 969 1127 (quidquid
987 1053 1087 1113 dicant

32 1135 35 1140 ’
76 1132 173 1215 Cojet.
187 1130 287 1192 Eecob.
309 1139 338 1192 et
353 1130 459 1211 Gobot)
481 1132 554 1193 dum
573 1133 605 1192 in
621 1132 706 1193 Trid.
724 1149 793 1194 sess.
813 1135 862 1193 ll.
880 1153 945 1214 cop.
963 1132 996 1196 B.
1016 1138 1086 1197 tales

73 1219 211 1281 habitum
223 1235 284 1278 non
293 1217 457 1279 deferentes
470 1219 508 1280 de
519 1219 686 1280 temeritate
699 1229 873 1299 arguuntur.
882 1222 974 1284 Valde
987 1231 1086 1284 tamen

73 1307 269 1386 probabiliter
286 1315 394 1386 negant
415 1325 465 1368 eos
481 1324 600 1386 peecare
617 1325 722 1369 omnes
742 1309 804 1369 At.
819 1309 952 1388 praelati,
966 1312 990 1371 si
1004 1309 1087 1371 babi-

73 1402 138 1452 tum
149 1391 305 1452 dimittant
321 1391 358 1473 ad
377 1391 467 1451 breve
480 1401 616 1470 tempus,
635 1401 686 1452 aut
702 1409 738 1452 ex
756 1409 839 1452 causa
853 1392 931 1470 juste
944 1413 975 1456 se
990 1395 1087 1456 occul·

73 1476 158 1536 tandi
171 1521 179 1548 ‚
193 1477 263 1554 puta
275 1475 313 1534 ad
331 1475 449 1552 aliquod
471 1493 560 1550 grove
579 1475 722 1537 damnum
742 1477 918 1549 vitandum,
938 1479 968 1539 id
990 1479 1086 1558 quoad

74 1562 212 1640 culpam3
231 1560 311 1638 qnod
328 1570 427 1620 autom
446 1563 484 1622 ad
502 1578 602 1640 poenas
622 1561 772 1639 pertinet,
787 1563 955 1624 inconcilio
969 1562 1083 1625 loccit.

73 1647 116 1706 sic
131 1646 244 1706 dicitur
257 1667 266 1703 r
281 1644 317 1706 Si
328 1655 486 1726 postquem
505 1645 544 1706 ob
561 1644 707 1727 Episcopo
725 1665 815 1708 sno...
828 1647 937 1708 contri
952 1647 1084 1728 suerint,

75 1732 232 1793 bancalem
253 1730 388 1793 habitum
405 1728 603 1792 clericalem...
623 1750 685 1792 non
700 1731 876 1803 detulerint,
892 1752 947 1812 per
963 1751 1086 1815 snspen-

74 1818 189 1879 sionem
207 1816 246 1879 ab
266 1815 420 1878 ordinibus
435 1836 470 1877 oc
486 1814 600 1896 officio,
622 1824 650 1876 et
672 1816 822 1896 beneficio,
836 1835 871 1876 oe
888 1817 1084 1896 (nectibus...,

74 1921 126 1964 nec
147 1921 226 1973 non,
242 1901 272 1964 ci
286 1898 374 1962 cernel
393 1900 520 1980 correpti
543 1900 640 1962 denuo
653 1899 687 1958 in
706 1899 759 1959 boc
778 1897 975 1978 deliquerint,
997 1902 1087 1962 ctione

74 2006 128 2066 per
145 1985 343 2070 privationem
361 1982 542 2068 officiorum,
559 1993 588 2046 et
605 1982 845 2065 beneficiorem...
864 1985 1020 2046 coerceri...
1037 1985 1088 2046 de-

75 2072 173 2134 beant.
185 2076 226 2133 Ex
239 2090 298 2152 quo
311 2082 391 2151 patet
401 2072 453 2132 bas
469 2090 569 2151 poenas
581 2090 643 2133 esse
655 2070 772 2131 tantum
782 2072 910 2131 lercndae
921 2072 1086 2131 sententiae.

74 2160 181 2236 Neque
197 2155 268 2214 huic
285 2158 380 2217 obstat
393 2157 475 2216 bulla
487 2155 569 2217 Sinti
583 2158 621 2217 V.
635 2158 710 2216 Corn
727 2162 915 2215 sacrosancta
926 2198 934 2227 ,
947 2155 1024 2215 edita
1039 2156 1087 2215 die

41 2238 50 2257 '
74 2244 93 2301 9
110 2245 180 2302 lan.
195 2241 281 2299 tuse.
298 2240 350 2301 ubi
364 2240 530 2299 beneficiati
544 2258 605 2299 non
621 2239 784 2299 deferentes
795 2238 933 2297 hobitum
946 2239 1009 2317 ipso
1019 2239 1088 2317 jure

74 2326 267 2385 declarantur
289 2322 397 2399 privati
416 2324 477 2382 suis
499 2323 649 2387 beneficiis
665 2343 673 2380 ε
690 2340 760 2382 nam
783 2322 814 2381 id
835 2320 1009 2401 dispositum
1030 2324 1087 2385 fuit

74 2407 195 2471 tantrim
217 2425 273 2487 pro
290 2407 365 2468 urbe
384 2410 506 2484 Romae,
530 2416 559 2468 et
582 2407 746 2486 postquam*
763 2407 909 2470 mandatis
931 2408 987 2470 sub
1006 2416 1086 2472 ecrto

76 2495 207 2555 termino
225 2493 282 2571 ipsi
303 2510 363 2553 non
382 2492 549 2554 obedierint
560 2492 637 2573 (tie.
650 2496 679 2553 6.
693 2511 725 2552 n.
739 2493 832 2572 aad).

115 2582 165 2640 to.
178 2612 217 2623 -
230 2578 311 2638 idem
324 2579 404 2657 quod
426 2578 464 2638 dc
481 2577 584 2639 habitu
592 2622 602 2654 ,
623 2578 727 2639 dicunt
740 2578 847 2640 Sancte.
863 2580 968 2661 leym.
979 2582 1082 2644 Eecob.

78 2671 107 2724 ct
120 2664 170 2724 alii
186 2663 224 2723 dc
233 2665 384 2738 tonsura,
394 2665 457 2723 sive
470 2682 588 2724 corona.
607 2664 667 2723 Alii
686 2672 801 2735 tamen,
819 2672 853 2722 ut
865 2666 997 2743 Castrop.
1010 2669 1086 2725 Hen-

78 2750 135 2827 riq.
150 2749 296 2821 Bennios,
315 2755 343 2807 et
364 2747 466 2809 Ternb.
491 2766 559 2809 cerm
575 2746 756 2819 Menullino,
780 2747 920 2807 clericum
945 2748 1032 2808 etiam
1053 2751 1084 2809 in

79 2836 186 2906 sacris,
201 2842 253 2894 ant
272 2832 478 2893 beneficiatum
496 2834 662 2893 Tonsuram
681 2850 742 2893 non
763 2832 943 2895 deserentem
964 2852 1024 2893 non
1038 2850 1086 2893 au·

79 2916 150 2979 dent
167 2920 307 2979 damnare
326 2919 364 2979 de
384 2918 520 2990 mortali,
539 2918 595 2977 nisi
617 2934 683 2977 eam
703 2936 740 2977 ex
761 2926 932 2997 contemptu
956 2919 1083 2979 omittat.

78 3002 221 3065 Caeterdm
234 3002 310 3065 bend
330 3003 452 3082 quidem
473 3004 515 3063 ait
532 3004 578 3062 Le
597 3002 687 3064 croix
706 3002 818 3063 lacilids
838 3002 1016 3063 excusandos
1036 3021 1084 3064 eos

81 3089 130 3161 qui
142 3090 322 3161 Tonsorem,
340 3087 430 3167 quim
443 3088 494 3166 qui
514 3086 648 3148 habitum
669 3106 729 3149 non
747 3087 904 3162 deserunt3
922 3086 1002 3147 unde
1015 3102 1085 3167 prae-

79 3169 153 3233 lotus
165 3174 275 3235 Auctor
295 3190 350 3233 nec
370 3173 550 3233 sacerdotem
570 3174 734 3232 Tonsorem
757 3190 811 3252 per
831 3172 849 3230 6
870 3178 920 3230 aut
940 3172 959 3232 8
978 3171 1084 3235 hebdo-

82 3257 178 3317 madas
194 3274 255 3317 non
269 3256 449 3318 deserentem
466 3256 588 3317 damnat
605 3256 645 3317 de
661 3252 826 3335 mortali-(l.
842 3274 866 3315 c.
883 3274 915 3316 n.
931 3257 1023 3338 Sto).

2 3343 3 3346 ’
117 3341 165 3403 bl·
185 3374 223 3389 ··
236 3340 505 3403 Privanturautem
526 3341 712 3412 beneficiati,
727 3344 804 3403 sieut
823 3341 912 3403 etiam
929 3343 966 3420 ii,
986 3345 1083 3423 quiin

82 3426 167 3486 sacris
187 3433 257 3487 sunt
267 3428 419 3487 constituti
436 3426 572 3487 habiturn
592 3444 653 3487 non
667 3426 846 3502 deserentes,
858 3429 1011 3509 privilegio
1024 3436 1085 3487 tom

82 3504 135 3567 lori
157 3510 246 3590 quim
267 3512 403 3583 canonis,
425 3511 448 3572 si
470 3519 537 3590 post
555 3512 675 3571 tertiam
697 3514 891 3585 monitionem
915 3514 1001 3572 illum
1023 3528 1084 3571 non

83 3603 278 3743 reaqsumalnq,
298 3612 335 3658 ex
356 3613 422 3679 cop.
446 3592 608 3681 Continqit.
626 3595 678 3657 leb.
698 3593 735 3659 de
754 3606 829 3662 sent.
848 3612 988 3737 ccqoonnn.
1004 3585 1038 3671 (l.
1056 3610 1082 3650 c.
1126 3634 1128 3639 -

146 3696 203 3740 orn.
269 3724 276 3742 .
