2475 3975
142 185 200 250 nto
328 184 466 264 Epitome
485 180 627 244 doctrine
643 175 766 240 moralis
777 186 806 240 et
824 179 971 243 cononice

143 285 294 348 indultum
306 285 507 366 Apostolicum
518 288 532 342 l
544 300 718 362 responsum
731 283 803 352 luit,
815 281 948 342 exbiberi
960 281 1067 343 debere
1081 283 1157 344 illud

142 371 292 432 indultum
314 370 539 444 authenticum,
552 386 588 428 ex
608 365 750 427 Arcbirio
770 368 929 445 apostolico
944 366 1156 447 desumptum,

140 475 176 518 oc
195 457 317 518 interim
337 454 488 516 abstineri.
501 453 577 514 lbid.
593 470 625 510 n.
639 452 689 511 lb.

181 542 399 604 benedictiones
416 548 446 599 et
459 539 611 600 unctiones
623 554 832 614 campanarum
853 536 921 598 ciam
941 535 1160 616 capitularibus

146 626 248 690 Caroli
255 623 363 707 dloqui
374 623 541 686 indicentur
557 667 565 690 ,
588 623 801 699 antiquissimae
819 631 890 682 suut
904 625 997 699 31nst.
1012 625 1091 684 Eccl.
1106 626 1158 684 ll.

146 731 178 772 n.
197 715 246 772 50.
263 714 364 788 eisque
383 727 493 770 nomen
510 707 634 782 alicujus
662 708 760 768 Sancti
786 708 902 787 imponi
920 713 1107 769 consuevisse
1123 729 1161 770 cn

144 797 270 858 Alcuino
285 794 434 856 discimus.
448 795 521 854 lnst.
538 793 615 854 Eccl.
626 791 676 851 tt.
693 809 724 852 u.
738 794 787 852 52.

182 878 404 940 benedictiones
417 893 627 956 campanarum
648 875 686 936 ad
709 877 828 936 nimbos
844 874 1035 954 depellendos
1051 897 1162 957 appro-

146 963 275 1032 bantur,
296 981 393 1042 neque
412 963 443 1025 id
458 963 550 1024 tribui
574 979 659 1040 posse
678 962 866 1041 impressioni
895 962 1001 1023 adrisit
1019 966 1163 1042 campani

150 1049 284 1128 impulsu
295 1049 445 1110 asseritur.
462 1046 540 1109 ibid.
555 1045 647 1126 §.52

185 1135 271 1196 Solus
306 1135 464 1212 Episcopus
489 1131 538 1208 jus
559 1130 647 1188 babet
669 1145 823 1208 campanos
851 1127 1069 1200 benedicendi,
1090 1130 1161 1191 crim

147 1237 227 1280 soem
248 1220 348 1280 unctio
367 1217 533 1280 adhibenda
555 1216 612 1288 sit,
631 1233 685 1276 uec
702 1223 798 1294 potest
807 1214 973 1276 facultatem
989 1216 1074 1276 alteri
1090 1217 1163 1276 sub-

146 1303 290 1382 delegnre.
307 1304 384 1364 lbid.
401 1323 433 1364 n.
456 1303 505 1364 58.
861 1349 864 1354 .

185 1391 227 1448 Ex
257 1395 402 1469 precepto
428 1387 606 1450 l‘ouufiealis
635 1387 760 1448 bomani
792 1405 940 1466 campanae
966 1385 1161 1447 Ecclesiarum

151 1473 282 1536 benedici
296 1475 415 1534 debent.
431 1474 507 1534 lbid.

186 1562 286 1619 Potest
304 1560 463 1636 Episcopus
483 1558 663 1637 suspendere
680 1575 787 1618 sonum
799 1575 1029 1636 campanarum,
1044 1559 1161 1637 quaenb

146 1645 287 1724 Episcopo
303 1643 464 1702 benedictae
483 1661 544 1706 uon
563 1643 677 1702 suerint
692 1686 701 1715 ‚
716 1651 751 1702 ut
765 1661 802 1704 ex
817 1645 950 1704 Decretis
971 1663 1061 1705 sacrae
1082 1646 1161 1705 Cou-

146 1728 333 1807 gregationis
351 1727 427 1788 lbid.
863 1752 870 1758 ’

183 1812 427 1873 benedictionum
446 1829 614 1891 equorum,
638 1822 670 1875 et
694 1813 821 1874 aliorum
838 1813 1010 1874 animalium
1027 1808 1076 1875 die
1089 1814 1161 1875 sesti

145 1898 177 1960 S.
189 1900 312 1961 Antonii
330 1898 451 1960 Abbatis
472 1900 600 1960 formula
615 1899 753 1960 babetur.
768 1901 841 1960 lnst.
855 1900 932 1959 Eccl.
951 1901 1001 1960 ll.
1014 1919 1044 1961 n.
1058 1903 1108 1960 lb.

185 1985 405 2047 benedictiones
424 1985 454 2045 in
468 2002 605 2059 vermes,
626 1995 657 2048 et
672 1986 781 2045 insecta
795 1983 951 2045 habentur.
965 1985 1011 2046 lb.
1022 2005 1056 2047 n.
1070 1990 1121 2048 20.

186 2070 426 2141 benedictiones,
440 2080 508 2130 cum
519 2070 671 2148 reliquiis,
682 2087 741 2129 non
754 2085 816 2127 esse
826 2068 1052 2146 improbandas,
1073 2072 1162 2149 quid·

147 2156 220 2234 quid
240 2156 339 2217 dicant
359 2155 516 2229 nonnulli,
534 2173 571 2217 ex
593 2155 677 2234 praxi
689 2155 778 2215 ctiam
798 2154 898 2213 bomne
915 2154 1031 2233 receptai
1052 2158 1161 2234 proba-

146 2252 208 2303 tur.
219 2244 295 2306 ibid.
311 2262 342 2305 u.
357 2244 407 2303 96.

187 2330 221 2387 1η
241 2328 448 2391 benedictione
459 2328 614 2389 Pontificio
624 2345 713 2407 super
725 2326 890 2406 populum,
906 2343 972 2404 que
983 2326 1161 2405 quibusdam

146 2413 330 2491 regularibus
348 2412 503 2488 aliquoties
524 2414 556 2472 in
582 2432 662 2473 anun
681 2432 717 2473 ex
732 2412 888 2491 priuilegio
906 2412 1013 2484 datur,
1036 2413 1160 2473 unicum

147 2493 262 2555 tantbm
275 2495 368 2555 crucis
386 2496 502 2571 siguum
524 2496 714 2555 formandum
737 2506 782 2556 est
796 2515 879 2559 more
897 2496 1085 2573 sacerdotali,
1098 2516 1160 2558 nou

146 2581 203 2642 tria
217 2598 301 2641 more
321 2578 495 2659 Episcopali.
511 2580 630 2657 Encycl.
645 2578 810 2660 Exemplis.

186 2666 365 2728 breuitatem
394 2664 585 2727 benedicendi
613 2666 776 2728 morituros
805 2686 876 2729 cum
905 2668 1039 2746 plenarii
1062 2667 1159 2729 indul·

147 2753 264 2835 gentici,
285 2770 376 2831 quam
388 2751 540 2813 Antistites
556 2750 752 2813 Ecclesiarum
771 2771 839 2814 cum
858 2754 991 2833 epistolis
1011 2755 1043 2815 in
1064 2755 1162 2815 sorana

148 2840 245 2903 bacris
267 2838 303 2897 ad
324 2837 488 2897 triennium
513 2838 732 2915 obtinuerunt,
755 2838 792 2898 ad
813 2845 907 2898 totum
927 2838 1002 2898 illud
1017 2846 1159 2915 tempus,

148 2944 207 3005 quo
226 2926 258 2983 in
279 2921 313 2983 ed
330 2921 446 2983 dioecesi
460 2923 691 2998 perseverabunt
704 2966 712 2991 ‚
725 2931 865 2999 prorogat
878 2920 1054 2982 benedicten
1063 2925 1159 2986 XIV.

105 3056 108 3063 .
147 3012 178 3071 in
191 3009 308 3089 Encycl.
328 3006 365 3069 ad
379 3024 480 3068 omnes
500 3008 569 3067 triti
583 3008 650 3067 titcs
667 3006 728 3064 utu
743 3007 871 3065 MATER
885 3012 942 3064 etc.
959 3022 994 3063 ac
1016 3004 1163 3083 imposto-

147 3094 216 3155 rbm
236 3096 276 3157 ita
297 3110 359 3155 esse
378 3092 571 3171 expediendas
593 3091 745 3151 facultates
769 3090 833 3149 illas
854 3088 1031 3163 denuntiat,
1052 3108 1161 3170 easque

149 3180 258 3253 pariter
274 3194 444 3238 communes
457 3194 518 3235 csse
537 3176 603 3235 vult
623 3174 752 3253 praelatis
766 3173 955 3238 inferioribus
974 3174 1160 3238 territorium

148 3269 315 3336 separatum
332 3260 507 3321 habentibus
534 3278 602 3321 cum
630 3259 772 3336 qualitate
800 3255 916 3320 stellius
932 3304 941 3330 ‚
958 3269 989 3320 et
1006 3260 1101 3320 activa
1128 3263 1160 3322 iu

149 3342 291 3417 populum
311 3352 341 3402 et
351 3346 463 3405 clerum
472 3342 687 3422 jurisdictione.
704 3346 756 3407 llis
770 3343 908 3406 omuibus
929 3344 979 3405 dat
993 3346 1159 3407 facultatem

147 3423 377 3497 subdelegandi,
404 3437 439 3488 ut
466 3431 537 3509 ipsis
562 3429 841 3510 quomodocumque
871 3431 1020 3511 impcditis
1039 3476 1048 3500 ‚
1070 3432 1158 3492 etiarn

50 3561 53 3565 .
147 3503 261 3597 diurno·
284 3514 417 3581 tempore
436 3516 549 3587 possint
580 3516 657 3577 banc
679 3518 914 3580 benedictionem
941 3536 994 3596 per
1013 3518 1158 3596 delegatos

146 3579 273 3651 clangor.
290 3587 371 3645 Hanc
386 3590 679 3685 delegationcmlicri
692 3600 821 3681 marim&
836 3603 899 3663 vult
913 3620 967 3681 per
985 3600 1152 3675 dioecesim,
