2475 3975
300 191 303 201 ’
367 189 417 249 Ea
429 183 563 269 amnas
575 184 730 250 Benedicti
741 189 830 253 XIV.
1046 193 1104 255 203

96 287 153 352 bus
173 286 261 369 supr'a
279 287 409 351 diximus
425 307 486 351 non
503 289 615 370 privari
634 288 911 366 distributionibus,
926 309 986 355 non
1003 302 1103 355 tamen

96 375 271 454 participare
283 372 319 434 do
332 375 539 436 emolumentis
560 375 850 449 anniversariorum,
869 395 936 456 que
947 395 983 439 ex
996 379 1103 439 volun·

96 467 158 521 tatc
168 460 359 520 fundatorum
374 460 512 521 distribui
530 469 747 523 consueverunt
765 460 862 525 soltim
877 464 957 525 inter
976 481 1105 544 presen-

97 553 212 616 tcs,ut
226 563 263 606 ex
281 544 362 604 decr.
376 546 407 605 S.
422 546 454 606 C.
468 545 512 607 lb.
528 565 559 607 a.
575 548 624 606 61.

102 677 104 681 .
135 626 263 690 Dcmdm
284 627 508 716 distributiones
530 630 717 709 quotidianas
740 632 877 696 obtinent
898 633 1052 706 66666161,
1073 643 1104 695 et

96 715 279 786 bencliciati,
297 715 348 792 qui
370 715 519 776 interdum
538 716 615 776 intra
628 735 740 778 annum
757 719 833 778 intra
849 719 972 780 domum
984 717 1105 797 religia·

95 817 159 858 sam
171 798 259 859 clarrsi
273 799 410 860 exercitia
423 801 584 878 spiritualia
597 809 737 878 praestant
745 821 813 862 cum
822 804 939 865 licentii
951 802 1103 882 Episcopi,

96 901 158 944 non
177 892 275 943 tamen
291 885 315 944 si
334 884 365 944 16
386 885 533 957 adventu,
549 884 771 962 quadragesimi
785 895 815 947 et
827 888 908 948 lestis
923 887 1104 948 solemnibus

96 969 128 1029 id
146 975 259 1046 agaret,
278 977 308 1028 et
326 969 366 1028 ita
388 978 497 1047 agunt,
512 977 546 1029 ut
565 969 685 1028 servitio
706 967 787 1029 chori
805 971 923 1029 nullum
942 971 1105 1030 detrimen·

95 1059 160 1114 tum
177 1053 331 1114 inseratur.
346 1055 390 1112 lta
409 1071 446 1113 ex
462 1053 582 1132 Encycl.
599 1049 754 1114 6166666116
766 1054 826 1115 XI.
841 1054 915 1115 ibid.
930 1072 961 1114 n.
977 1055 1027 1113 65.

133 1139 400 1199 Distributionibus
412 1140 500 1200 ctiam
514 1139 693 1217 quotidianis
709 1157 770 1198 non
786 1138 942 1218 privantur
955 1136 1105 1207 canonici,

96 1229 127 1283 ct
149 1224 339 1284 mansionarii
362 1223 501 1297 emeriti,
519 1225 581 1284 sive
603 1223 628 1282 si
643 1220 845 1300 coadjutorem
870 1223 1009 1284 habeant.
1028 1221 1104 1283 lbid.

96 1307 212 1369 Debent
231 1317 330 1367 tamen
351 1309 500 1368 indultum
522 1305 578 1368 hec
594 1308 758 1368 obtinuisse
778 1309 794 1368 6
812 1311 841 1369 S.
855 1312 889 1370 C.
905 1309 934 1368 vi
954 1306 1037 1384 cujus
1051 1323 1106 1366 nec

94 1393 152 1454 loci
173 1391 332 1452 residentia
346 1393 569 1470 astringuntur3
587 1410 767 1470 quamquam
785 1393 899 1471 possint
916 1392 954 1452 ab
963 1393 1106 1470 Episcopo

96 1477 234 1556 compelli
254 1476 290 1536 ad
311 1477 506 1536 assistendum
526 1475 636 1549 choro,
659 1479 684 1537 si
702 1478 798 1537 cultus
813 1478 932 1538 divinus
948 1476 1106 1540 detrimen·

97 1569 161 1622 tum
180 1562 320 1641 patiatur.
338 1565 381 1621 lta
400 1561 436 1622 ex
453 1561 576 1622 decretis
595 1563 626 1622 S.
642 1563 785 1641 Congreg.
802 1562 847 1623 lb.
863 1582 894 1623 n.
909 1564 958 1624 tt.

135 1645 227 1708 Porri)
240 1647 264 1706 si
276 1645 429 1723 coadjutor
439 1647 501 1707 sive
516 1647 593 1707 intra
607 1649 758 1708 civitatem
776 1655 918 1726 aegrotet,
928 1649 991 1708 sire
1003 1654 1104 1718 extra,

96 1749 158 1793 666
177 1739 296 1792 tenetur
314 1730 467 1808 coadjutus
484 1731 736 1816 assistercchoro,
752 1740 783 1792 et
799 1732 997 1793 nihilosecius
1010 1732 1114 1793 lucra·'

97 1816 496 1892 aur1distribatianas,quae
518 1817 574 1892 ipsi
598 1815 721 1876 omninb
745 1816 907 1889 debentur,
926 1818 1015 1876 etiam
1038 1833 1107 1877 cum

95 1901 135 1962 iis
154 1901 382 1970 emolumentis,
398 1918 465 1976 quae
482 1899 675 1978 praesentibus
694 1907 875 1960 accrescunt.
892 1899 936 1958 lb.
952 1917 985 1958 n.
998 1902 1047 1961 66.

136 1985 402 2059 Distributiunibus
413 1984 549 2064 privatur
561 1984 688 2047 vicarius
700 1985 845 2065 generalis
857 1983 990 2063 Episcopi
1002 2029 1011 2058 ,
1026 2002 1109 2046 6666

98 2071 181 2131 nicus
198 2071 398 2148 examinator,
413 2068 525 2148 quique
544 2070 577 2130 in
596 2071 737 2131 tribunali
751 2071 781 2129 S.
792 2069 886 2129 Officii
901 2086 1009 2131 munus
1021 2087 1108 2131 suum

96 2157 210 2235 praebet
220 2202 228 2228 ,
240 2156 369 2216 ministri
380 2154 555 2225 camerales‚
569 2154 680 2214 scilicet
692 2154 916 2213 subcollectorcs
926 2152 1106 2231 spoliorum,

97 2242 318 2301 etdecimarum
331 2284 339 2311 ,
350 2239 478 2315 denique
490 2238 740 2315 peregrinationes
746 2238 834 2297 etiam
843 2255 937 2297 sacras
949 2237 1106 2308 obeuntes,

97 2326 157 2387 nisi
169 2326 232 2385 illas
245 2325 360 2403 egerint
373 2324 451 2383 intra
462 2322 609 2383 trimestre
622 2320 824 2383 nl'ridcntino
834 2339 1014 2382 concessum.
1024 2322 1110 2382 Deni-

84 2406 1109 2489 ·quacneomagistrijuriscanonicietsacroe'l‘heologioeinpublicisuni·

97 2496 288 2559 versitatibus
297 2495 513 2573 docentes3qui
524 2500 623 2576 tamen
633 2494 658 2553 si
667 2494 850 2556 recurrerint
860 2493 897 2553 ad
907 2496 987 2554 Sacr.
998 2496 1106 2573 Congr.

98 2583 237 2645 obtinent
251 2580 365 2644 fructus
380 2580 566 2662 praebendae3
580 2590 610 2641 ct
625 2582 650 2639 si
662 2581 705 2641 illi
717 2580 777 2641 sint
788 2589 910 2654 tenues,
922 2579 995 2638 duas
1007 2584 1109 2641 tertias

98 2677 197 2749 partes
208 2667 470 2738 distributionum,
482 2665 560 2743 quod
574 2665 664 2725 etiam
675 2674 862 2744 postremum·
870 2663 1040 2722 conceditur
1053 2664 1107 2736 iis,

99 2748 1107 2831 quicausnstudioruminpublicisuniversitatibusabsunt.1b.mli.

139 2840 282 2901 Absentcs
302 2836 373 2899 verb
399 2836 483 2896 cause
504 2836 593 2895 studii
611 2840 648 2894 ex'
661 2834 742 2895 decr.
760 2837 864 2895 16666.
876 2836 962 2907 Xll,
975 2835 999 2895 si
1013 2834 1110 2894 indul·

97 2930 165 2986 tum
186 2924 242 2985 sibi
264 2940 432 2984 concessum
455 2937 516 2980 non
539 2919 729 2980 exhibuerint
746 2919 905 2979 Ordinario
929 2918 1004 2992 loci,
1026 2928 1056 2978 ct
1076 2920 1108 2979 in

99 3010 173 3071 actis
194 3007 379 3071 cancellariae
400 3024 461 3068 non
487 3006 661 3083 registrctur
684 3004 762 3064 intra
792 3012 908 3081 tempus
934 3003 965 3063 16
991 3002 1107 3066 indulto

98 3094 275 3175 praefixum,
295 3092 418 3172 perinde
439 3098 483 3151 est
500 3108 533 3149 ac
554 3090 578 3149 si
601 3108 662 3150 uon
685 3090 856 3149 adfuissent.
876 3087 952 3147 lbid.
1119 3166 1122 3171 Ι

103 3228 107 3235 .
138 3177 364 3255 Coadjutoribus
388 3192 449 3237 666
472 3174 644 3236 conceditur
671 3174 825 3235 indultum
849 3171 1022 3235 absentandi
1045 3192 1109 3238 sose

98 3264 186 3326 caasa
204 3262 306 3324 studii.
326 3260 402 3321 lbid.

139 3348 278 3408 Studium
299 3344 372 3407 verb
393 3345 522 3424 praestari
546 3344 635 3406 debet
657 3347 689 3405 in
708 3341 827 3424 publicai
847 3342 1056 3415 universitate,
1075 3359 1110 3401 ac

98 3432 222 3511 prodest
243 3450 296 3511 pro
315 3448 351 3492 eo
369 3430 481 3510 pariter
497 3436 650 3506 tempore,
670 3446 730 3505 quo
748 3429 840 3488 lector
852 3431 997 3506 privatam
1013 3424 1111 3483 lectio

99 3535 171 3581 uem
196 3516 305 3587 lrabct,
329 3524 360 3576 ct
383 3532 445 3578 uon
468 3513 501 3580 itt
526 3512 593 3576 6616
618 3512 745 3591 publiea
766 3510 986 3581 universitatis,
1013 3514 1051 3582 ut
1073 3522 1110 3564 ex

97 3602 182 3665 decr.
199 3603 231 3662 S.
243 3604 276 3663 c.
291 3600 335 3663 lb.
891 3676 929 3739 25
