2475 3975
126 188 183 248 578
312 184 447 267 Epirotae
462 180 603 262 doctrinar
615 176 737 241 avocatis·
750 187 777 240 et
787 194 933 239 cortorrccce
1218 244 1219 265 ἶ

157 287 194 347 Ιιι
213 284 482 365 dispensationibus
505 300 561 361 pro
584 280 805 359 impedimentis
825 279 1009 340 matrimonii
1040 296 1134 359 supcr-
1218 294 1219 309 ¹

120 368 262 448 gradibus
280 370 382 431 vetitis
395 365 605 447 impetrandis,
627 366 653 424 si
672 373 804 425 taceatur
816 364 920 441 copula
934 364 1131 436 antecedens,

119 456 195 515 sieut
207 454 243 533 (si
259 454 398 531 adfuerit)
415 452 542 515 intentio
560 448 676 519 fueifids
689 450 858 511 obtinendae
882 447 1131 527 dispensationis,

120 539 296 617 rescriptam
309 539 452 608 vitietur,
470 544 505 596 ut
526 537 590 596 BD.
607 535 704 595 lastit.
721 534 828 594 Eccles.
842 534 890 593 87.
906 552 938 591 n.
954 534 1002 593 fi.
1014 534 1049 593 ln
1059 552 1132 595 eon-

120 624 222 699 traetis
240 632 339 683 tamen
353 622 570 687 matrimoniis,
585 622 610 681 si
628 620 684 681 boe
701 619 810 679 uitium
829 620 978 681 occuitum
994 638 1132 699 persero·

120 716 190 775 ret,
204 708 353 784 dispensat
364 706 598 766 Pmnitentiaria.
609 704 654 764 fb.
665 722 697 765 n.
712 706 760 763 fi.
1218 752 1219 755 ,

159 792 293 852 clausula
305 792 356 852 iffa
370 792 403 852 in
413 790 680 871 dispensationibus
692 789 975 867 matrimonialibus,
987 788 1133 852 absolutio
1218 786 1219 857 ἶ

120 874 339 955 etdiapeaaotio
353 880 387 938 ιἰι
398 874 466 957 foro
475 874 639 957 judiciario
661 870 832 935 aulfoteaica
844 874 1047 955 rumpetur,
1066 894 1133 937 eam

122 961 184 1020 rim
206 956 314 1034 babet,
339 970 374 1023 ut
395 962 420 1022 si
436 960 682 1039 impedimentum
699 976 736 1019 ex
753 960 868 1020 occuito
883 960 935 1019 frat
958 960 1132 1039 pubiicum,

123 1044 552 1123 possitordinariuseoajuges
571 1042 739 1123 separares
759 1053 837 1104 tora.
851 1046 882 1104 Si
901 1052 999 1105 tamen
1019 1045 1062 1107 ilii
1084 1066 1134 1107 oc·

123 1130 278 1193 cultdsine
293 1132 429 1193 seandalo
441 1132 576 1193 debitum
600 1131 727 1191 invicem
750 1128 894 1207 reddant,
909 1148 970 1191 non
988 1140 1131 1211 peccant,
1218 1152 1219 1157 ¹

124 1214 165 1275 ita
176 1218 322 1278 sentiente
339 1219 456 1278 Novar.
471 1217 516 1277 fb.
527 1235 559 1277 n.
573 1218 623 1277 du.

144 1300 193 1361 si
207 1302 383 1363 ordinarius
394 1302 577 1363 subodorans
588 1301 837 1381 impedimentum
847 1302 919 1362 velit
929 1303 1088 1381 procedere
1100 1310 1133 1369 in
1218 1340 1219 1345 ι

124 1386 447 1464 cognitionemdeiicti,
461 1387 492 1447 id
506 1396 602 1466 potest
613 1432 622 1460 ,
633 1386 695 1449 imo
708 1387 794 1447 debet
807 1386 919 1461 faeere,
936 1389 1050 1449 etiamsi
1063 1410 1133 1453 reus

123 1478 302 1547 protestetur
312 1474 350 1536 de
360 1473 481 1533 obtenti
493 1472 719 1551 dispensatione.
735 1473 764 1531 Si
778 1470 849 1531 verb
859 1473 1034 1533 certioretur
1049 1476 1084 1535 ed
1094 1478 1133 1537 de

123 1570 157 1611 re
171 1554 210 1612 ab
229 1556 329 1633 aliquo
340 1556 398 1614 fide
415 1556 527 1631 digno,
545 1554 607 1615 uti
622 1555 822 1626 confessario,
845 1574 895 1616 seu
910 1556 1058 1633 parocho,
1079 1563 1131 1639 qui

122 1645 245 1714 ponunt
262 1638 293 1697 id
320 1638 395 1699 ciam
419 1640 568 1700 testificari
585 1639 750 1717 Episcopo,
773 1647 844 1699 tune
865 1640 952 1701 debet
972 1644 1132 1723 Episcopus

122 1722 324 1798 acquiescere,
346 1742 399 1784 nec
418 1724 506 1784 debet
520 1724 557 1785 ad
578 1723 719 1784 delictum
747 1725 932 1802 puniendum
952 1728 1131 1805 procedere,

124 1815 159 1864 ut
169 1823 206 1866 ex
218 1808 362 1869 clericato
374 1818 476 1869 monet
488 1809 607 1869 Auctor.
623 1808 667 1869 lb.
681 1826 712 1869 n.
723 1810 771 1869 50.

163 1893 313 1954 Postrema
327 1894 454 1954 cfaasufa
475 1894 516 1953 sie
527 1894 721 1953 enuntiatur:
739 1892 828 1954 Dictct
852 1888 973 1955 muliere
990 1894 1029 1955 de
1040 1896 1135 1959 culfi·
1218 1884 1219 1959 i

126 1983 184 2038 tote
194 1980 306 2060 prioris
319 1979 475 2041 musonem
491 1978 667 2054 certiorate,
681 1976 733 2040 sed
746 1972 790 2040 tac
807 1978 906 2050 cauti,
920 1986 971 2040 etc.
989 1982 1135 2059 Rejicitur
1218 1966 1219 2020 ἕ

125 2065 269 2124 sententia
281 2065 467 2142 opinantium
478 2061 553 2124 banc
565 2081 627 2124 non
640 2079 701 2122 esse
714 2063 912 2124 conditionem
925 2085 934 2140 3
953 2065 1004 2125 sed
1018 2077 1050 2127 ut
1061 2087 1134 2130 con·
1218 2083 1219 2124 a

126 2147 264 2209 fossarius
290 2150 472 2222 instruatur,
494 2165 554 2225 quo
574 2147 683 2208 certior
703 2149 742 2208 sit
762 2157 950 2226 contractum
971 2169 1005 2210 ec
1030 2167 1135 2215 veram
1218 2183 1219 2214 a

126 2249 191 2294 esse
208 2235 409 2296 conditionem
428 2251 465 2295 ex
486 2229 616 2294 cirintabo
636 2229 767 2294 aoraton
782 2277 790 2305 ,
805 2251 864 2312 quo
880 2236 1075 2312 enuntiatur,
1099 2249 1148 2300 ut·
1218 2295 1219 2304 ,

124 2323 169 2378 est
177 2318 355 2378 Jurtstarum
370 2317 730 2388 sensus,demonstratur.
746 2318 844 2378 lastit.
857 2319 964 2378 ficales.
974 2321 1025 2380 87.
1039 2340 1071 2382 ιι.
1081 2325 1134 2384 68.
1218 2349 1219 2382 1

50 2451 54 2456 .
162 2403 224 2461 Nee
233 2402 402 2462 admittitur
416 2402 562 2462 sententia
578 2419 728 2474 asserens,
748 2403 866 2480 quaudo
886 2402 951 2464 fieri
971 2410 1136 2484 nonpossit

127 2485 269 2546 revelatio
283 2485 488 2564 impedimenti
503 2529 512 2558 ‚
525 2485 678 2557 sufficere,
695 2495 729 2547 ut
741 2505 808 2566 pars
824 2487 897 2548 illud
914 2489 1008 2549 sciens
1027 2488 1138 2553 babeat

126 2573 263 2652 capariam
281 2592 352 2634 eum
374 2582 458 2653 parte
479 2573 635 2652 ignorante
655 2571 760 2634 affectu
785 2575 939 2648 maritali,
962 2573 1031 2637 erim
1050 2579 1137 2654 prior

123 2677 282 2721 consensus
299 2661 391 2738 partis
403 2659 501 2719 inscie
517 2657 735 2728 fueritnullus‚
754 2659 885 2738 adeoque
902 2677 938 2719 es
958 2669 1040 2738 parte
1053 2662 1137 2724 illius

127 2747 226 2807 nullus
249 2745 312 2817 sit,
333 2745 414 2804 unde
441 2745 529 2805 debet
544 2746 693 2805 innovari.
708 2745 842 2806 Aliorum
859 2747 1006 2807 sententia
1024 2749 1138 2824 pariter

125 2829 232 2908 rejecta
246 2837 305 2901 est,
325 2845 430 2889 eorum
452 2846 577 2906 nempe,
593 2831 644 2906 qui
666 2829 815 2902 suadeat,
841 2840 875 2892 ut
896 2831 991 2892 sciens
1008 2831 1138 2910 impedi·

126 2926 260 2976 mentum
280 2923 425 2994 proponat
437 2913 539 2984 alteri,
557 2930 588 2971 se
608 2912 682 2974 adab
697 2914 776 2974 illam
796 2925 939 2976 amarent
954 2915 1053 2978 deaub
1067 2937 1138 2980 cunr

126 3001 177 3061 itta
197 3002 268 3062 velit
291 2991 403 3078 ligari]
417 3000 442 3060 si
461 2999 537 3058 aiter
560 2998 737 3077 respondeat
756 2999 952 3076 affirmativis,
976 3019 1138 3064 consensus

125 3096 262 3146 ceantur
274 3087 440 3145 innotatus.
455 3085 523 3144 fiee
535 3092 634 3144 tamen
647 3084 749 3162 opinio
762 3085 895 3163 rejicitur
907 3131 915 3160 ,
927 3086 962 3148 cb
980 3085 1061 3165 qudd
1071 3107 1140 3149 oon·

125 3186 226 3230 sensus
245 3170 394 3248 proestitus
418 3168 436 3230 b
457 3177 541 3248 parte
558 3170 653 3230 inscia
674 3170 714 3230 sit
740 3189 898 3232 consensus
915 3171 1038 3248 junctus
1067 3191 1139 3236 cum

125 3270 245 3325 errore,
260 3270 354 3330 quare
366 3273 427 3314 non
441 3254 622 3332 adimpletur
639 3255 788 3330 conditio,
804 3255 883 3318 dictd
896 3254 1018 3318 souliers
1035 3258 1139 3321 certio·
1218 3311 1219 3314 ,

125 3339 204 3393 reid.

127 3492 134 3505 ι
165 3417 324 3475 Praefertur
340 3419 452 3478 ceteris
472 3408 577 3498 quarta
594 3423 671 3485 ratio
689 3426 844 3486 certiorem
858 3425 1001 3486 reddendi
1019 3435 1138 3526 partem

123 3508 275 3582 ignaram,
289 3505 324 3588 ‘et
336 3506 407 3557 tune
425 3501 478 3572 fit,
500 3503 570 3565 edm
593 3509 671 3585 parti
690 3510 801 3585 ignarae
824 3510 954 3580 dicitur,
979 3511 1020 3570 in
1040 3512 1136 3588 priori

124 3578 315 3634 matrimomo
328 3578 454 3641 defuisse
464 3601 642 3651 consensum
653 3593 783 3654 validum
798 3614 806 3670 3
818 3592 950 3672 odcbquo
963 3611 1051 3655 suasu
1066 3612 1138 3656 con·
