2475 3975
140 122 199 185 ιιι)
417 112 531 178 Procr's
546 112 729 196 confessarii.
744 119 819 201 Cup.
833 122 864 181 a.

138 225 197 297 tia,
212 230 263 285 aut
275 218 469 301 simplicitate.
479 220 509 279 Si
520 217 619 299 aperte
634 219 749 279 noverit
761 219 932 297 hujusmodi
941 222 1070 285 visiones
1082 240 1146 284 esse

138 324 211 387 opus
225 307 403 391 phantasiae,
418 312 468 364 aut
488 302 668 381 diabolicum
685 347 694 375 ,
710 306 780 381 quia
799 302 876 367 forte
892 315 996 368 arcent
1012 309 1145 369 unimam

137 392 174 453 ab
191 392 373 463 obedientie,
387 382 572 459 humilitate,
591 394 644 447 ant
656 389 693 449 ab
706 389 763 449 alia
773 390 884 451 virtute
898 435 906 464 ,
923 398 996 453 tunc
1007 401 1145 471 patenter

137 478 165 538 ei
179 476 234 539 hoc
254 470 341 539 dieat.
355 476 384 537 Si
395 468 468 534 vero
486 472 517 533 id
530 474 722 537 confessarius
743 481 804 535 non
817 474 987 553 discernat,
1003 492 1064 539 non
1077 498 1144 539 om-

138 564 210 627 nino
228 553 345 645 expedit
356 560 557 623 indubitanter
569 566 698 621 asserere
716 562 844 623 visiones
863 556 929 622 illos
942 573 1005 625 ιιιι
1017 566 1063 625 vel
1079 566 1144 625 dia-

138 648 263 722 bolicos,
281 644 525 729 velphantesias,
546 646 797 725 quemadmodum
809 648 905 708 solent
918 648 1039 727 quidam
1053 650 1144 710 nimis

137 722 280 795 increduli
294 734 342 813 (cd
355 730 552 793 differentiam
577 716 703 793 aliorum
723 733 775 809 qui
799 732 889 793 nimis
904 734 1017 796 creduli
1039 749 1143 796 omnes

136 815 245 879 habent
260 828 293 879 ut
307 816 423 895 veras);
441 816 493 877 sed
516 816 592 880 dicat
613 817 790 895 poenitenti,
816 826 851 877 ιιι
874 827 939 879 oret
963 821 1060 879 Deum
1080 820 1143 898 qud
1235 833 1236 836 ’

138 920 198 963 non
211 897 338 983 amplitis
350 903 474 987 duratur
483 920 538 981 per
550 902 611 983 vias
621 900 694 963 eded
705 902 882 980 periculosas
892 946 901 975 ,
911 921 943 963 se
952 906 1143 982 protestando
1235 929 1236 968 ι

23 1026 29 1035 -
137 988 217 1067 quod
230 982 371 1068 quamdiu
385 986 464 1049 vivet
484 988 517 1047 in
533 986 621 1048 terris
634 1030 644 1059 ,
657 988 728 1047 velit
744 988 839 1047 Deum¹
858 994 1031 1066 cognoscere
1044 989 1143 1051 soldm
1235 1025 1236 1030 κ

136 1090 191 1153 per
204 1075 283 1137 viam
301 1074 382 1135 fidei.
399 1071 545 1133 Caetmdm
566 1071 714 1143 insinuet,
728 1079 763 1131 ut
776 1089 813 1131 ex
834 1072 997 1133 visionibus
1011 1070 1141 1147 habitis,

137 1160 184 1219 vel
198 1156 296 1232 salsis,
316 1158 364 1218 vel
378 1157 475 1230 veris,
488 1157 574 1216 illum
587 1156 730 1235 percipiat
743 1156 873 1217 fructum
887 1201 898 1233 ,
913 1159 965 1234 qul
986 1160 1078 1238 magis
1097 1170 1144 1221 est

136 1234 334 1316 necessarius,
355 1252 384 1303 ιι
402 1239 548 1321 praecipue
565 1258 597 1301 se
608 1239 687 1302 recte
702 1261 770 1302 cum
784 1244 846 1302 Deo
857 1242 996 1321 gerendi3
1010 1244 1143 1307 itaenim

136 1326 265 1409 agendo,
285 1346 464 1409 quamquam
482 1328 608 1390 visiones
628 1324 770 1389 luerinid
788 1326 941 1402 daemcne',
957 1326 1075 1391 daemon
1095 1350 1144 1393 re·
1235 1381 1236 1388 ,

135 1414 266 1474 manebit
279 1414 388 1475 elusus.
483 1486 487 1493 .
849 1483 853 1491 4
1235 1413 1236 1420 ’

175 1500 241 1559 tlt.
254 1498 338 1571 Quod
358 1498 429 1561 vero
453 1498 490 1559 ad
506 1494 818 1576 locutioncmwattine't,
841 1494 948 1561 locutio
968 1506 1028 1561 e‘s'sc
1046 1509 1145 1583 potest

134 1583 312 1661 somessicc,
329 1581 467 1666 formalis
487 1592 516 1645 et
535 1580 753 1645 substantiolis.
771 1584 936 1643 Successira
960 1594 1004 1645 est
1024 1589 1142 1664 quando

135 1672 232 1731 anima
256 1658 427 1730 meditando
442 1658 572 1747 aliquem
587 1670 743 1731 'veritatem
760 1668 853 1741 fidei,
878 1668 968 1729 sentit
987 1669 1045 1730 sibi
1059 1676 1143 1753 quasi

134 1756 305 1834 responderi
325 1756 363 1817 ab
382 1750 508 1836 ipsomet
524 1774 577 1816 suo
600 1755 706 1835 spiritu
722 1797 731 1827 ,
745 1754 796 1814 sed
814 1754 907 1814 veluti
927 1773 961 1815 ac
979 1765 1056 1819 esset
1074 1778 1143 1838 per·

135 1859 205 1901 sona
227 1850 375 1901 extranea.
390 1842 458 1901 Ηιιι
481 1840 600 1918 quando
624 1830 717 1899 bonos
742 1839 820 1918 parit
841 1837 982 1913 effectus,
997 1850 1032 1902 ut
1045 1854 1143 1905 essent

135 1926 260 2001 amoris,
281 1924 332 1988 aut
345 1924 522 1986 humilitatis
542 1920 801 1996 extraordinarie,
825 1941 887 1983 esse
903 1931 1000 2003 potest
1019 1930 1143 2007 speciale

135 2012 189 2072 Dei
198 2013 299 2073 lumen
316 2031 324 2070 ι
340 2000 390 2072 sed
404 2009 521 2089 quando
535 2027 595 2069 non
606 2009 687 2068 videt
699 2008 799 2088 augeri
813 2016 986 2085 consuetum
996 2031 1140 2087 amorem,

135 2097 278 2159 indicium
294 2105 355 2170 est,
369 2107 434 2156 earn
448 2113 510 2155 esse
527 2080 754 2173 intelligentium
766 2085 878 2173 proprii
886 2092 1062 2158 intellectus.
1074 2101 1143 2160 For

135 2181 222 2246 anulis
234 2195 279 2245 est
291 2181 408 2263 quando
419 2182 515 2241 anima
529 2180 612 2241 audit
621 2180 718 2258 aliqua
728 2178 818 2239 verba
832 2179 976 2252 formata,
991 2182 1042 2244 sed
1057 2195 1140 2244 extra

135 2287 165 2329 se
177 2289 187 2344 3
199 2277 228 2328 et
241 2278 337 2348 potest
358 2267 421 2326 haec
445 2266 555 2345 percipi
576 2266 625 2325 vel
641 2265 762 2325 auribus
771 2309 782 2340 ,
800 2263 849 2324 vel
868 2265 1075 2343 imaginativa,
1094 2271 1142 2329 vel

135 2351 296 2412 intellectu.
316 2353 383 2410 llaec
399 2393 408 2421 ,
422 2359 457 2408 ut
468 2345 656 2410 discernatur
673 2351 776 2409 utrum
796 2349 834 2408 sit
846 2346 945 2407 divina
957 2391 965 2421 ,
979 2351 1026 2410 vel
1039 2351 1142 2414 disbo-

134 2438 207 2507 lica,
225 2433 358 2495 videndae
369 2435 439 2492 sunt
450 2451 496 2492 res
510 2451 582 2510 ques
595 2434 757 2510 exprimit,
780 2441 832 2492 aut
843 2431 987 2491 iaciendas
1000 2435 1140 2514 imponit3

134 2532 164 2583 et
176 2520 296 2582 effectus
309 2535 382 2597 quos
398 2517 551 2596 relinquit.
566 2515 737 2596 Praecipue,
751 2518 775 2577 si
800 2525 844 2576 est
858 2516 978 2589 divina,
998 2518 1143 2598 imponit·

134 2627 192 2690 que
204 2623 292 2688 opera
307 2603 476 2684 patientiae,
500 2603 630 2682 propriso
648 2600 840 2679 abjectionis,
860 2610 912 2661 aut
923 2598 1046 2679 quodvis
1057 2605 1141 2667 aliud

134 2713 207 2774 opus
228 2691 399 2770 spirituale,
422 2688 571 2768 relinquet
591 2683 760 2748 facilitatem
786 2685 944 2764 quamdam
975 2685 1012 2746 ed
1037 2693 1139 2754 omnia

133 2778 304 2852 toleranda,
325 2776 362 2836 ad
383 2775 587 2856 operandum,
604 2783 635 2838 ιι
659 2793 691 2835 se
706 2774 934 2835 humiliandum.
950 2772 1142 2838 Substantia-

133 2867 171 2930 ιιι
192 2874 236 2929 est
254 2862 357 2926 eadem
380 2879 413 2921 ιι
428 2861 577 2936 formalis,
595 2868 626 2922 ιι
641 2859 738 2920 solum
757 2859 858 2920 differt
875 2860 906 2918 in
922 2858 1027 2929 effectu
1041 2881 1051 2937 3
1064 2881 1141 2942 quo-

133 2956 214 3015 niam
225 2949 356 3012 formalis
376 2952 428 3007 ant
443 2946 586 3021 instruit,
604 2954 656 3006 ιιι
676 2945 804 3023 imponit
820 2965 830 3022 3
848 2944 1048 3006 substantialis
1066 2952 1140 3012 verd

133 3037 191 3100 citi)
206 3043 344 3116 operatur
361 3032 392 3093 id
415 3029 495 3110 quod
517 3032 679 3112 exprimit3
694 3040 729 3090 ut
743 3047 771 3088 ι.
785 3048 812 3090 c.
837 3030 860 3089 si
880 3029 1012 3089 diceret:
1031 3032 1141 3094 Conso-

133 3119 215 3195 lore;
232 3117 296 3180 noli
309 3123 407 3180 timere
421 3112 531 3198 :diliqe
550 3135 616 3176 me:
632 3116 731 3175 anima
743 3123 814 3175 tunc
827 3114 859 3174 in
879 3111 982 3174 eodem
996 3122 1141 3194 temporis

132 3210 240 3283 puncto
254 3210 387 3263 remanet
399 3201 596 3263 consolatione
614 3201 750 3282 repleta,
768 3197 935 3277 intrepida,
953 3207 1005 3259 aut
1030 3206 1140 3266 amoris

133 3291 201 3365 igne
221 3301 369 3344 succensa.
391 3289 459 3346 Ηιιι
482 3286 593 3346 locutio
614 3283 727 3346 caeteris
755 3284 893 3344 omnibus
912 3291 957 3341 est
982 3287 1139 3366 securior3
1235 3276 1236 3313 i

133 3369 228 3443 prims
240 3365 321 3424 enim
336 3377 379 3425 est
398 3369 483 3427 valde
493 3369 603 3429 incerta
622 3387 631 3426 ι
647 3366 792 3440 secunda,
810 3367 839 3426 id
863 3374 907 3426 est
925 3366 1074 3444 formalis,
1095 3385 1139 3433 est

134 3446 260 3506 miiitum
274 3457 404 3520 suspecta
418 3491 426 3516 ,
442 3453 605 3524 praescrtim
628 3449 745 3528 quando
758 3449 844 3526 jubet
859 3461 908 3509 res
927 3454 1114 3527 exequendas
1128 3479 1138 3535 3

80 3556 83 3561 ·
134 3527 212 3586 unde
222 3527 349 3587 director
360 3529 383 3587 si
400 3529 534 3594 observat-
543 3551 577 3593 ea
591 3553 657 3611 quae
665 3532 809 3611 jubentur
822 3549 884 3592 csse
895 3531 1061 3596 christiane
1072 3557 1138 3617 pru·
