2475 3975
346 105 402 210 ¹ia'ec
412 147 548 230 operibus
559 148 713 212 Benedicti
725 150 815 213 XIV.
911 210 917 230 ,
1030 157 1086 218 stt

121 250 173 326 td,
187 249 266 332 quod
275 250 476 331 prescribitur
485 251 523 312 de
533 269 594 312 non
607 250 765 312 miscendis
777 252 915 317 carnibus
926 272 994 317 cum
1006 257 1091 342 pisci·

85 335 155 406 bus,
168 334 251 414 aequb
269 333 446 396 servandum
460 342 504 396 est
521 335 553 395 in
571 337 734 398 Dominicis
746 337 991 416 Quadragesimm.

123 422 288 500 Utrumque
305 418 361 481 boc
380 429 560 501 praeceptum
575 423 670 482 unicae
688 423 894 495 comestionis,
906 433 937 485 et
955 425 1089 488 cavendae

85 504 270 566 admixtionis
293 508 428 575 carnium
453 523 522 570 cum
551 507 680 585 piscibus
700 516 787 589 urget
809 509 901 575 etium
922 509 955 573 in
968 508 1088 587 jejuniis

86 599 165 652 extra
178 589 445 670 Quadragesimam.
459 591 503 650 ib.

115 675 178 748 Qut
201 684 301 735 tamen
321 693 357 734 ex
373 675 590 755 dispensatione
606 683 736 738 utuntur
756 679 863 740 oviset
881 677 1057 751 lacticiniis,
1072 673 1090 734 i

84 759 212 838 piscibus
224 758 370 820 abstinere
385 779 445 820 non
459 771 608 822 tenentur.
625 762 701 821 ibid.

123 845 157 904 in
170 843 304 921 petendis
317 842 334 904 a
354 845 493 906 Pontibus
507 846 772 924 dispensationibus
785 847 999 926 generalibusi
1012 844 1091 925 jeju·

87 928 129 992 nii
149 928 304 1010 discipline
322 949 377 1009 pro
392 932 508 1008 oppidis
517 939 546 992 et
557 932 752 1004 dioecesibus,
769 943 929 994 monentur
943 932 1090 1012 Episcopi,

85 1035 123 1078 ne
140 1017 237 1078 sociles
256 1035 288 1078 se
305 1017 475 1096 praebeant,
493 1017 544 1078 sed
564 1015 648 1096 priuis
667 1019 839 1080 consulendi
852 1020 1005 1080 medicinae
1013 1017 1093 1096 peri·

86 1105 194 1176 tiores,
207 1103 390 1184 exquirendo
403 1103 441 1164 ab
460 1104 537 1176 illis,
554 1103 627 1164 ndm
651 1104 774 1169 morbus
788 1106 827 1166 sit
848 1104 1035 1174 communis,
1051 1102 1092 1162 ita

85 1190 220 1250 utnulla
243 1198 311 1250 oetas
332 1190 425 1252 libera
447 1200 477 1250 et
495 1190 654 1251 incolumis
676 1208 739 1250 esse
765 1201 877 1268 queat,
900 1189 1032 1267 adeoque
1056 1185 1093 1246 ud

85 1276 340 1354 preservationem
357 1274 374 1334 ia
394 1275 498 1335 morbo
511 1275 641 1336 multum
658 1274 823 1335 conducere
835 1275 986 1353 judicent,
1001 1275 1026 1332 si
1047 1272 1093 1332 di·

85 1360 232 1439 spensatio
248 1358 264 1420 a
279 1359 416 1419 carnibus
432 1361 625 1430 concedatur,
639 1361 712 1419 tunc
728 1359 799 1422 verb
816 1360 880 1420 illas
894 1366 1005 1439 petant.
1016 1357 1092 1430 Alia,

85 1465 152 1522 qnae
170 1444 311 1506 servanda
330 1445 367 1506 ab
390 1443 449 1505 ittis
468 1454 555 1519 suut,
569 1443 657 1506 latinis
677 1445 804 1524 explicat
824 1447 976 1523 Eneyclica
987 1441 1095 1505 uinea·

86 1528 278 1608 tiasbni,etc.

125 1617 231 1678 Potum
251 1615 406 1679 cboeointis
421 1616 470 1678 die
481 1615 587 1694 jejunii
607 1618 715 1678 tolerat
736 1615 880 1680 Pontifex.
902 1617 1001 1678 Instit.
1013 1617 1092 1678 lieet.

87 1703 136 1761 ib.
150 1719 181 1760 u.
197 1702 245 1760 t0.
258 1703 316 1760 Vix
328 1712 427 1760 tamen
450 1701 582 1761 admittit
600 1703 745 1778 maiorem
757 1701 845 1778 lange
861 1701 1023 1780 cyathum,
1038 1719 1094 1769 uec

88 1785 208 1848 aurniud
223 1785 329 1849 tolerat
341 1784 447 1862 sapitas
460 1785 561 1853 eidem
572 1786 621 1846 die
634 1788 753 1846 iterare.
764 1786 843 1848 lbid.

125 1871 215 1932 Filios
240 1887 291 1928 seu
320 1867 446 1928 famulos
464 1886 666 1951 non—servare
689 1867 839 1944 jejunium
862 1869 1096 1946 Quadrcgosimae

88 1953 185 2033 quoad
200 1953 407 2023 abstinentiam
429 1951 447 2013 ia
467 1953 623 2028 carnibus,
636 1951 673 2015 cd
689 1951 771 2031 qudd
792 1970 863 2021 cum
888 1953 1097 2030 patrefamilias

88 2040 295 2119 dispensetur,
320 2057 375 2100 nce
395 2046 491 2117 potest
514 2039 649 2098 sufficere
672 2037 841 2117 sumptibus
864 2038 990 2115 duplicis
1012 2057 1097 2102 men·

86 2142 142 2200 sae,
172 2124 203 2186 id
234 2142 294 2185 non
327 2124 392 2184 sine
425 2122 554 2191 inaximd
584 2123 729 2185 abusione
755 2122 973 2184 admitteretur.
1000 2122 1097 2183 lustit.

88 2210 197 2271 Eceles.
213 2211 260 2271 db.
276 2227 307 2271 u.
320 2210 371 2271 ib.
399 2245 401 2249 ·
962 2231 967 2235 ·

127 2301 278 2363 Benedict.
296 2300 377 2361 XlV.
389 2300 421 2361 in
435 2301 488 2363 sot
502 2300 602 2365 const.
621 2299 692 2365 Pice
706 2298 818 2361 ctrtso
826 2294 980 2379 fideliam,
994 2316 1098 2364 cenec-

87 2387 134 2447 dit
149 2382 260 2457 iterum
270 2384 392 2463 singuiis
405 2386 601 2457 boniratribus
619 2386 875 2455 Conirmernitatis
893 2387 924 2448 S.
944 2386 1045 2447 biarioe
1060 2384 1098 2444 de

87 2474 253 2539 succursu,
275 2469 439 2530 incivitate
462 2472 564 2530 tanum
581 2480 701 2541 erectae,
727 2470 979 2536 commorantibus
999 2470 1032 2531 iu
1048 2470 1100 2530 Ja-

87 2551 193 2618 u'ucnsi
211 2554 340 2631 ditione,
366 2563 396 2615 ct
420 2556 574 2635 dominio,
600 2565 633 2617 et
659 2556 878 2633 complentibus
903 2562 1098 2625 statuta,scu

87 2641 137 2719 piu
157 2658 245 2719 opera
263 2640 295 2699 in
315 2640 349 2699 cd
366 2642 557 2719 praescripta,
582 2640 773 2719 privilegium
799 2640 863 2699 ovis
890 2646 922 2700 et
945 2638 1099 2697 lacticiniis

87 2724 224 2785 uescendi
243 2723 330 2783 certis
346 2722 451 2783 diebus
463 2722 717 2801 Quadragesimm,
734 2740 843 2801 nempe
853 2722 956 2787 diebus
968 2722 1100 2784 Domini·

87 2808 130 2871 cis
144 2852 153 2881 ,
169 2806 322 2880 secundis,
340 2808 453 2879 tertiis,
468 2815 497 2867 et
515 2807 628 2884 quintis
646 2806 738 2870 feriis.
761 2808 822 2875 Hoc
840 2808 961 2885 insuper
979 2807 1099 2885 privile·

87 2894 174 2970 giam
193 2901 278 2952 autea
297 2908 484 2962 concessum,
499 2900 638 2970 prorogat
649 2890 752 2951 eadem
765 2891 845 2951 bulla
856 2892 894 2959 ad
905 2909 1007 2952 omnes
1018 2891 1101 2952 seria·

87 2980 132 3039 les
144 2976 206 3039 dies
217 2975 454 3054 Quadragesimae
466 2976 554 3038 etium
567 2975 735 3036 Domiuieas
748 3019 756 3044 ‚
769 2974 979 3053 comprehensi
991 2976 1101 3051 pariter

87 3061 246 3123 Dominiet
261 3060 293 3119 iu
311 3058 420 3121 Palmis
440 3066 470 3125 et
494 3058 684 3119 Hebdomada
697 3058 825 3135 maiori,
845 3076 934 3135 quum
955 3059 987 3127 in
1008 3057 1099 3137 priori

89 3145 248 3227 privilegio
267 3150 430 3222 exceperat.
446 3142 504 3207 Sed
516 3144 553 3211 ab
571 3141 627 3203 bdc
642 3146 829 3222 exemptione
848 3142 958 3221 ancipit
977 3142 1100 3204 brebie·

86 3233 245 3311 piscopos,
263 3228 437 3306 Episcopus,
452 3228 605 3290 inferiores
626 3229 852 3301 bretenniaco
869 3246 930 3290 uon
943 3228 1102 3307 Regularas

86 3333 213 3387 omues,
230 3320 261 3373 ct
270 3312 366 3393 quoad
379 3314 532 3377 saculares
545 3314 753 3385 ecclesiasticos
769 3330 837 3386 eos,
851 3313 903 3391 qui
915 3313 953 3375 ad
965 3313 1101 3379 ordinem

85 3399 311 3483 presbyteratus
334 3400 445 3461 fuerint
464 3400 615 3479 promoti,
630 3399 688 3459 uisi
709 3406 807 3459 tamen
829 3398 874 3462 illi
890 3396 1101 3474 sexagesimum

85 3486 186 3549 aetatis
196 3501 308 3549 annum
318 3482 541 3561 compleverint.
550 3483 623 3542 Vult
631 3491 730 3541 tamen
740 3524 750 3557 ,
759 3490 793 3541 ut
804 3483 847 3546 illi
859 3498 962 3541 omues
974 3476 1102 3551 exempti

87 3570 207 3655 legibus
224 3567 331 3649 jejunii
349 3570 387 3631 dc
399 3568 486 3631 onice
501 3566 680 3634 comestione
691 3565 724 3627 in
734 3566 784 3626 die
795 3564 997 3643 subjiciantur.
1010 3560 1104 3620 Datur
