2475 3975
115 182 175 244 2⁹6
309 177 600 263 Epitamedootriocr
613 173 937 242 mactaremur

115 280 247 360 primirm
261 283 417 359 potuerint
432 299 532 344 coram
551 281 705 358 superiore
722 297 754 341 se
770 279 894 353 sistant,
915 289 946 340 et
967 296 1093 340 noram
1109 278 1155 340 ab

114 363 303 428 irrisoribus
323 377 353 429 et
371 367 499 428 censuris
514 365 731 427 absolutionem
751 365 914 428 obtineant.
928 366 972 429 lta
993 382 1030 424 ex
1064 383 1154 426 con·

116 451 213 518 stitut.
228 449 340 522 Brattd.
354 451 444 514 m.
460 449 546 528 Quod
560 449 728 512 Gomaruai.

442 619 556 682 CASUS
576 619 799 682 REsEltvtll.

155 792 311 855 Sedetates
333 789 469 874 quedam
485 811 522 864 er
540 793 570 852 vi
588 809 712 854 suornm
733 790 960 870 privilegiorum
980 809 1043 852 non
1065 812 1154 872 pns-
1227 820 1228 845 2

117 888 186 942 sunt
210 877 271 938 ullo
300 877 391 940 modo
413 878 446 940 in
470 877 648 959 quibusdam
669 877 739 938 anni
759 877 994 936 solemnitatibus
1019 879 1153 956 eligere
1227 847 1229 993 J

116 963 172 1026 sibi
187 963 419 1039 confessarium,
435 963 451 1024 b
469 982 529 1044 qno
549 963 567 1026 b
583 963 696 1026 casibus
705 961 848 1040 Episcopo
866 961 1046 1034 reservatis,
1068 967 1154 1025 sine
1227 998 1228 1001 =

118 1047 252 1130 Episcopi
263 1049 400 1122 licentii,
418 1050 626 1121 absolvantur,
637 1057 672 1109 ut
685 1055 792 1126 prater
808 1047 967 1107 decisiones
979 1048 1010 1106 S.
1020 1051 1149 1128 congr.
1227 1014 1229 1111 l

117 1133 219 1196 ierunt
233 1135 339 1196 litteras
350 1133 460 1196 Bencd.
472 1137 524 1198 XI
527 1135 563 1204 V,
577 1133 751 1212 incipientes
762 1130 838 1192 Pius
852 1130 964 1195 Christi
974 1128 1150 1210 fidelium,

121 1220 224 1280 relata
235 1219 272 1280 de
286 1219 397 1302 synod.
410 1219 496 1281 dioee.
508 1218 528 1278 l.
543 1219 571 1279 5.
583 1238 609 1279 c.
621 1220 651 1284 li.
666 1237 698 1279 n.
714 1218 745 1276 s.
803 1262 805 1264 ψ

157 1305 293 1384 Denique
316 1304 483 1376 accedentes
509 1305 541 1369 in
569 1303 705 1367 incudem
730 1302 873 1364 adoliam
897 1301 1071 1374 diocesim,
1104 1313 1148 1366 ut

119 1387 310 1450 absolvantur
328 1387 344 1448 i
362 1391 518 1452 reservatis
537 1408 597 1458 sure
616 1389 768 1463 diaecesis,
790 1388 901 1451 absolvi
925 1404 986 1449 non
1006 1400 1148 1466 possunt

119 1489 155 1534 ex
167 1474 250 1534 Bnllrl
270 1471 358 1535 Clcm.
369 1478 412 1538 X.
426 1479 561 1558 Superata
580 1474 694 1558 erepat.
707 1477 754 1536 lb.
1227 1438 1229 1577 l

156 1559 318 1618 canonicus
336 1561 571 1636 poenitentiarius
583 1561 614 1620 vi
635 1561 682 1619 sui
703 1561 966 1621 munerisnullam
982 1558 1073 1622 habet
1091 1563 1144 1622 fa·
1227 1584 1228 1591 ¹

119 1640 257 1701 cultatem
275 1640 445 1702 absolvendi
466 1641 483 1700 a
505 1644 628 1721 peccatis
637 1643 780 1724 Episcopo
790 1647 958 1724 reservatis,
973 1643 1035 1711 uti
1054 1647 1088 1707 S.
1102 1648 1143 1714 G,

119 1725 241 1788 Consilii
253 1725 384 1788 decisum
396 1727 535 1791 refertur.
547 1728 624 1790 lbid.
636 1748 668 1790 n.
682 1730 712 1790 8.

374 1872 377 1880 ’
422 1901 625 1972 crusnauu
644 1904 834 1968 mortno.

159 2071 260 2130 Causae
283 2082 385 2129 omnes
404 2072 463 2135 tam
485 2066 602 2143 civiles,
625 2065 714 2145 quim
736 2067 903 2128 criminales
924 2078 1140 2149 exemptarum

121 2172 315 2233 personarum
336 2154 369 2213 in
391 2153 489 2231 prima
516 2152 655 2215 instantiis
684 2170 783 2214 coram
808 2153 974 2215 Ordinariis
997 2155 1139 2222 loeoruna

120 2239 273 2301 dumtaxat
295 2237 503 2319 cognoscendae
525 2246 615 2314 sunt,
637 2238 731 2305 causis
759 2238 952 2320 privilegiatis
977 2242 1134 2319 exeeptis=

120 2342 217 2403 neque
233 2323 379 2385 committi
398 2330 522 2406 possunt
538 2324 630 2383 ctiam
656 2323 783 2386 auditori
806 2324 936 2388 Camerae
957 2325 1138 2403 Apostolicae

120 2408 177 2467 nisi
197 2424 251 2483 per
271 2408 349 2465 riam
368 2406 507 2483 legitimas
531 2408 746 2487 appellationis.
761 2408 792 2472 Si
813 2418 912 2469 autem
934 2405 1136 2487 pendentibus

119 2490 210 2551 causis
231 2490 262 2548 in
288 2489 384 2566 primi
408 2490 565 2562 instantis,
590 2492 791 2569 impetrentur
805 2494 957 2562 citationes
980 2496 1012 2554 in
1033 2496 1136 2573 signa-

120 2573 186 2636 turi
196 2572 336 2651 justitiae,
351 2571 397 2633 hae
408 2572 528 2652 quidem
539 2576 639 2635 volent
648 2575 685 2635 ad
698 2576 945 2655 comparendum,
960 2581 1008 2640 vel
1021 2580 1137 2639 adeun-

120 2658 188 2721 dam
203 2658 402 2737 signaturam,
417 2676 477 2719 non
488 2658 559 2723 verb
572 2661 607 2721 ad
621 2661 828 2722 retardandum
847 2665 1049 2725 executionem
1061 2684 1136 2744 pro-

121 2745 302 2807 cessuumad
313 2744 463 2804 ulteriora.
479 2748 662 2808 Constitlil.
678 2745 724 2808 Ad
735 2744 916 2821 Militantis,
929 2750 1018 2809 nli.
1028 2758 1058 2810 et
1068 2768 1132 2828 seq.

160 2834 258 2895 Causas
270 2828 454 2891 beneiioialcs
467 2827 578 2891 hubent
592 2832 819 2909 appellationem
832 2834 1033 2909 suspensivam
1046 2835 1084 2895 sb
1095 2852 1134 2896 co
1226 2807 1229 2970 1

122 2916 326 2995 interpositam
340 2956 348 2983 ‚
363 2912 414 2991 qui
430 2912 461 2973 in
475 2914 571 2990 primia
588 2914 725 2973 instantiis
737 2913 911 2990 succubuit3
926 2932 981 2973 nec
993 2916 1050 2974 nisi
1064 2927 1136 2993 post

120 3003 296 3068 sententiam
309 2997 493 3063 definitivam
513 2998 591 3076 apud
606 2996 712 3059 Sedem
728 2996 925 3073 Apostolieam
938 2997 1000 3057 sivo
1011 2998 1044 3059 in
1054 3002 1134 3079 peti-

121 3087 217 3159 torio,
235 3087 297 3147 sive
315 3086 347 3145 in
370 3084 546 3163 possessorio
565 3090 608 3143 est
628 3082 710 3145 loeus
725 3082 951 3159 sequestrationi
964 3082 1128 3149 fruetuum.

124 3168 212 3235 clem.
231 3169 312 3233 oric.
326 3169 511 3250 decoquor.
525 3186 634 3250 posses.
659 3176 689 3228 et
706 3163 797 3247 fricet.
822 3185 920 3247 neque
937 3170 1024 3231 aliter
1042 3178 1130 3234 statut
1227 3205 1229 3272 Ι

121 3262 218 3332 puteat
231 3255 261 3313 in
275 3256 397 3332 synodis
416 3254 639 3335 particularium
656 3253 860 3316 Ecclesiarum.
874 3254 919 3314 lta
937 3256 970 3315 in
982 3257 1080 3317 Traot.
1093 3257 1130 3319 do

120 3339 193 3413 syn·
207 3336 293 3400 diffie·
308 3339 330 3395 l·
344 3340 430 3401 ¹200·
448 3342 474 3405 ί·
490 3359 522 3405 no
537 3342 565 3402 5·
607 3380 609 3385 ’
1083 3389 1086 3396 ·

159 3422 258 3477 causac
279 3436 381 3483 omnes
404 3425 493 3485 etiam
516 3426 635 3498 civiles,
659 3434 690 3487 et
713 3426 751 3487 de
770 3444 804 3487 re
827 3427 917 3489 otiam
941 3427 1079 3505 profani,
1097 3428 1127 3492 in

120 3498 227 3569 quibus
247 3501 433 3565 ecclesiastici
454 3514 608 3587 tamquam
626 3512 670 3572 rei
689 3513 925 3584 conveniuntur,
945 3532 1062 3593 semper
1080 3530 1128 3572 eo·

118 3579 432 3669 8⁰⁰Soe1¹daesutttin
452 3588 517 3651 loro
538 3598 752 3673 ecclesiastico,
778 3606 808 3659 ct
826 3600 859 3659 in
878 3598 974 3676 primi
994 3597 1127 3659 instantii
