2475 3975
149 183 209 246 tto
337 177 477 260 spirans
491 175 632 242 doctrinae
642 174 964 239 mmoiiactcnnonicoe

144 279 283 344 omnibus
304 279 505 342 maerdatibus
523 277 724 357 approbandis
742 276 855 338 attenti
873 277 933 358 legi
957 284 989 338 et
999 275 1162 341 observari
1225 280 1227 313 r

143 374 260 426 curent.
274 367 317 426 ita
332 365 364 426 in
377 365 458 426 bulld
471 366 698 426 Snnnnnntum
710 362 910 424 Poenitcntioe.
1225 422 1226 425 ,

181 451 355 511 confessarii
371 447 518 512 absolutio
538 449 606 510 data
626 448 834 525 ignorantibus
853 445 1017 510 neccssaria
1032 449 1163 509 necessi·
1225 440 1226 453 ¹

144 541 205 596 tate
218 535 308 596 medii
321 543 364 596 est
374 533 513 596 invalida.
536 534 690 614 Encycliea
705 533 775 594 Etsi
788 532 920 594 arinini.
1224 482 1227 663 ⁴

183 621 214 680 Si
229 618 299 682 vsrd
321 621 434 696 ignoret
453 619 600 697 paenitens
622 619 784 679 necessaris
804 618 975 686 necessitate
992 617 1162 695 praecepti,
1225 667 1227 683 ,

144 713 176 764 et
187 702 244 766 riti
255 703 350 764 dolest
363 702 400 762 de
416 701 472 766 lude
489 703 676 780 ignorantia,
689 721 725 764 ac
734 702 971 764 emendationem
982 704 1162 779 promittat,
1224 685 1227 792 l

144 805 227 866 posse
238 787 348 849 absolvi
358 787 482 866 judicet.
495 789 572 851 lbid.
584 787 612 869 S.
626 790 676 848 lb.

182 872 380 935 Conlessarius
402 873 429 934 sl
446 873 575 936 audierit
598 875 816 952 poenitentem,
836 882 868 936 et
889 891 951 934 non
971 872 1160 946 absolverit,

143 955 373 1036 requiraturque
391 957 430 1020 de
451 960 638 1021 attestatione
650 959 841 1021 consessionis
862 959 893 1018 in
917 958 1052 1036 seriptis,
1069 959 1163 1022 debet

144 1041 227 1104 illam
255 1045 436 1119 concedere,
455 1064 517 1108 non
540 1054 641 1108 tamen
663 1063 806 1124 umquam
825 1043 973 1104 affirmare
997 1042 1107 1117 debet,
1128 1063 1161 1106 se

144 1129 231 1193 illum
241 1132 415 1203 absolvisse,
429 1150 483 1192 uec
502 1142 573 1192 tunc
589 1131 700 1210 pariter
711 1127 780 1190 eirm
793 1130 879 1190 illum
893 1129 1054 1191 absolverit
1066 1174 1075 1203 ,
1086 1146 1160 1192 nam

144 1214 234 1289 nlils,
252 1217 278 1277 si
295 1217 333 1278 de
352 1218 450 1295 aliquo
462 1215 519 1276 hoe
531 1225 685 1277 attestatus
702 1215 825 1285 nisset,
846 1214 926 1276 etde
940 1216 1044 1293 aliquo
1069 1233 1135 1276 non
1145 1261 1156 1292 ,

144 1301 333 1367 revelationis
356 1301 545 1366 consessionis
561 1301 730 1380 perieulum
748 1299 874 1366 subiret.
900 1301 974 1369 lust.
997 1301 1076 1361 Eecl.
1105 1302 1158 1368 tt,

146 1402 231 1446 num.
244 1389 293 1448 lo.

183 1471 284 1534 Patres
303 1471 459 1552 Cs'puceini
479 1473 504 1536 si
527 1472 627 1534 adsint
646 1473 679 1534 ln
701 1471 856 1545 loco,ubi
872 1467 972 1532 nullus
992 1481 1159 1532 conventus
1225 1438 1227 1545 i

144 1574 195 1616 seu
214 1555 376 1636 hospitium
395 1561 442 1619 sui
458 1560 571 1619 ordinis
586 1559 704 1630 existit,
724 1558 882 1635 nullusque
901 1559 1005 1617 Frater
1016 1557 1062 1617 sui
1076 1557 1162 1618 ordi·

145 1641 191 1702 nis
206 1641 397 1702 confessarius
411 1643 522 1704 ibidem
538 1643 655 1716 existit,
668 1652 792 1723 possunt
811 1643 1006 1704 confessiones
1018 1661 1087 1702 suas
1106 1641 1161 1703 lra-

144 1724 214 1786 lrdre
232 1725 310 1804 apud
326 1727 532 1808 presbyterum
551 1728 721 1788 secularem
740 1728 948 1788 confessarium
961 1727 1160 1805 approbatum

144 1811 183 1870 ab
206 1809 364 1874 ordinario
390 1813 446 1875 loci
459 1859 469 1886 ,
484 1831 535 1874 seu
559 1812 638 1892 apud
661 1813 838 1893 Regularem
853 1811 1083 1890 approbatumd
1105 1831 1160 1875 suo
1225 1876 1226 1895 χ

143 1896 298 1974 superiore
325 1899 454 1978 regulari
477 1899 513 1959 ad
536 1899 731 1960 consessiones
749 1894 923 1966 habendas,
943 1914 1003 1957 non
1021 1898 1160 1958 obstante
1225 1904 1227 1979 l

143 1990 256 2047 statuto
271 2003 331 2046 suae
342 1985 493 2064 religionis
512 1984 544 2045 in
559 1985 754 2046 contrarium.
773 1979 874 2055 Bulla,
893 1981 980 2061 Quod
994 1983 1158 2047 consmuni.

184 2070 358 2132 Confessnrii
376 2070 525 2150 regulares
545 2086 605 2130 non
625 2075 767 2129 tenentur
791 2068 892 2128 edesse
913 2067 1089 2129 resolutioni
1111 2091 1159 2131 ea-
1225 2077 1227 2156 ξ

144 2170 232 2215 strum
246 2155 451 2226 conscientie,
465 2172 530 2236 quse
540 2152 667 2219 habetur
679 2165 778 2215 coram
791 2154 935 2233 Episcopo
946 2172 1001 2232 pro
1011 2154 1159 2217 totddioe-
1225 2159 1227 2230 l

144 2241 370 2315 cesl3tenentur
381 2250 480 2303 tamen
494 2241 526 2303 ln
546 2241 607 2303 suis
629 2240 815 2303 monasteriis
833 2236 943 2299 hahere
960 2245 991 2299 et
1014 2240 1158 2301 interesse

144 2324 264 2385 lectioni
277 2327 452 2388 eorumdem
465 2345 596 2388 casuum.
611 2328 684 2401 Quae
699 2327 787 2385 lectio
807 2323 942 2385 habenda
958 2330 1002 2385 est
1014 2325 1045 2385 in
1059 2326 1159 2403 singus

144 2410 182 2471 lis
196 2410 382 2469 monasteriis
399 2426 435 2469 ex
448 2412 607 2487 apostolico
627 2412 798 2489 praescripto
808 2432 818 2485 3
830 2410 877 2471 cui
893 2409 917 2468 si
939 2428 1000 2469 non
1011 2410 1158 2471 interfue-
1225 2403 1226 2460 l

143 2493 222 2564 rint,
236 2501 331 2571 potest
344 2494 504 2573 Episcopus
516 2495 582 2554 illos
595 2511 701 2573 cogere
711 2540 720 2569 ,
732 2502 766 2556 ut
777 2497 919 2557 intersint
929 2496 1157 2574 congregationi

143 2590 264 2639 nnsuum
285 2579 487 2655 conscientiae,
508 2595 574 2657 quae
586 2578 714 2641 habetur
734 2599 834 2642 eornm
853 2581 907 2643 illo
932 2598 968 2640 ex
983 2582 1157 2659 prescripto

144 2667 195 2726 SS.
210 2667 375 2728 canonum.
388 2669 431 2727 lte
451 2682 487 2727 ex
500 2666 653 2745 Encyclicl
669 2668 700 2727 S.
714 2668 956 2746 Congregationis
968 2664 1036 2727 datl
1054 2667 1105 2727 die
1119 2667 1157 2728 29

145 2750 214 2827 Mnji
233 2770 302 2811 ann.
320 2752 408 2811 litt.
428 2752 481 2813 ubi
494 2754 608 2833 parlier
619 2752 701 2814 adest
718 2753 871 2813 decretum
886 2753 1014 2812 altarum
1025 2754 1157 2832 Congre-

144 2837 270 2915 gationis
288 2836 402 2896 editum
416 2854 495 2897 enno
511 2840 598 2907 1682,
622 2840 731 2915 inquo
754 2838 785 2898 id
807 2838 949 2897 statuitur
970 2837 1003 2896 in
1024 2836 1156 2899 favorem

146 2921 337 3001 llcgulsrinm
353 2922 442 2981 etlam
468 2921 552 2984 iniis
571 2923 779 3004 monasteriis,
796 2922 950 3001 inquibus
969 2920 1156 3003 nondegunt

147 3006 455 3086 Xll.uirilleligiosi.
811 3014 816 3021 ·

544 3179 755 3243 consessio.

184 3342 278 3401 Nemo
296 3361 438 3421 umquam
455 3347 665 3426 quodcumque
677 3350 867 3428 privilegium
881 3352 1018 3415 obtinens
1030 3354 1154 3425 ,audire

146 3431 242 3517 potest
257 3425 451 3486 consessiones
465 3432 649 3492 saecularium
667 3434 779 3510 absque
792 3438 1004 3513 approbatione
1025 3440 1151 3504 Ordina-

143 3516 200 3590 ru,
219 3504 309 3579 idque
318 3507 396 3565 valet
412 3512 502 3570 etiam
521 3534 577 3591 pro
590 3514 822 3577 contessionibus
833 3521 1014 3596 venialium,
1028 3534 1059 3583 et
1073 3545 1151 3587 mor-

144 3578 343 3657 taliumque
361 3588 431 3647 aliis
450 3594 583 3659 clavibus
598 3601 728 3677 subjecto
751 3610 831 3662 sunt.
853 3604 887 3663 ld
906 3607 996 3666 etiam
1019 3626 1153 3698 compre„
