2475 3975
368 165 417 224 lic
433 161 568 244 operibns
579 164 732 226 Benedicti
750 167 838 229 XIV.
1053 176 1110 235 537

137 452 140 458 .
195 391 400 470 2EXECUT10
422 391 679 452 PROVlSlONUbl
698 393 821 455 CURlAE
834 396 1012 457 ROMANAE.

141 591 176 648 ln
190 586 271 648 bulla
280 583 446 648 Pasiocolis
461 586 612 668 repimioc's
625 588 794 659 ‚feriuntur
809 593 1111 653 excommunicatione

101 672 239 734 Pontifici
258 674 391 732 Romano
410 671 576 746 reservati,
594 673 659 732 laici
686 673 882 750 impedientes
909 677 1111 738 executionem

101 757 331 827 mandatorum,
346 756 539 828 citationum,
560 757 746 835 aliarumque
757 760 962 836 provisionum
973 761 1112 823 Romanae

20 851 21 854 ’
100 843 192 902 curiae
204 861 211 899 ε
224 850 254 902 et
271 840 316 900 illi
330 841 440 920 pariter
449 842 501 918 qui
514 841 746 920 impedientibus
755 840 925 920 hujusmodi
946 847 1088 907 auxilium
1102 893 1110 918 ‚

101 927 258 988 consilium
277 925 325 986 vel
343 924 473 986 savorem
497 935 637 1004 praestant
658 946 667 983 c
688 925 846 1003 Regulares
873 929 945 989 verb
970 940 1001 990 et
1020 933 1111 992 ecclc-

100 1011 207 1070 siastici
225 1009 447 1088 suspensionem
468 1010 532 1088 ipsc
552 1010 627 1070 lacto
642 1010 820 1084 incurrunt,
837 1021 899 1072 tam
919 1013 956 1072 ab
973 1014 1111 1074 exercitio

100 1094 240 1156 ordinum
257 1091 345 1171 quim
367 1093 530 1154 officiorum
547 1139 555 1166 ‚
575 1113 642 1172 quae
665 1094 760 1154 ambae
776 1113 908 1156 censurae
929 1106 999 1156 sunt
1017 1116 1112 1158 reser-

99 1187 175 1239 vatae
194 1179 326 1238 llomano
346 1177 493 1238 Pontifici.
516 1180 631 1241 Notarii
658 1177 732 1240 verb
752 1179 813 1240 sive
837 1179 1008 1241 tabelliones
1027 1200 1111 1242 recu-

99 1272 199 1324 santes
218 1263 312 1322 iacere
326 1261 495 1338 hujusmodi
516 1265 719 1342 provisionum
733 1273 763 1324 et
780 1266 987 1326 executionum
1000 1267 1111 1326 instru-

99 1356 201 1408 menta
217 1347 333 1424 publica
349 1345 385 1406 ad
407 1347 576 1408 instantiam
599 1349 712 1428 partis,
730 1351 887 1429 privantur
906 1352 1003 1415 officio
1027 1363 1111 1416 nota·

98 1431 194 1494 clatris
206 1441 236 1494 ct
251 1431 374 1492 infames
395 1431 592 1494 declarantur.

516 1636 699 1710 EXEQUIAE.

138 1838 169 1898 Si
196 1831 318 1900 testator
335 1835 456 1914 jusserit
475 1835 637 1913 sepulturae
658 1835 791 1898 mandari
813 1854 919 1914 corpus
939 1857 1027 1900 suum
1043 1843 1109 1904 sinc

97 1922 236 2007 precibus
249 1967 258 1997 ‚
271 1931 300 1983 et
316 1921 436 2001 psalmis
450 1928 480 1981 ct
494 1919 613 1993 missis,
629 1921 818 1989 associatione
834 1921 1026 1996 clericorum,
1042 1945 1110 1985 can-

96 2012 172 2073 delis
185 2010 355 2072 ardentibus
368 2053 376 2080 ‚
388 2006 451 2085 ejus
467 2007 601 2067 voluntas
615 2026 677 2068 nou
689 2017 732 2068 cst
743 2007 940 2081 attendenda,
956 2019 990 2069 ut
1001 2010 1109 2072 decidit

95 2099 128 2157 S.
147 2098 220 2157 Rota
232 2114 330 2156 coram
346 2095 469 2153 Molines
488 2094 520 2153 iu
542 2094 674 2152 Romana
694 2093 885 2163 funeralium
904 2093 954 2154 die
975 2096 1012 2155 lb
1026 2098 1108 2156 lunii

95 2182 186 2243 tutu.
203 2180 299 2240 Instit.
314 2178 391 2239 Eccl.
412 2180 462 2237 56.
489 2196 521 2237 n.
543 2177 592 2235 Ὦ.

137 2264 272 2325 Clemens
301 2264 352 2322 Xl.
385 2260 538 2322 mandavit
569 2261 600 2319 in
623 2259 719 2320 edicto
738 2258 864 2339 legendo
889 2262 921 2323 iu
942 2260 1006 2341 ejus
1024 2265 1103 2324 Bull.

94 2368 166 2429 pag.
185 2350 262 2423 5t7,
282 2356 314 2407 ut
331 2348 361 2406 in
381 2345 571 2407 associatione
587 2344 698 2405 funeris
722 2344 933 2425 cujuscumque
955 2357 1109 2410 serventur

94 2438 176 2513 loges
195 2432 319 2493 Ritualis
332 2433 456 2493 Romani
470 2432 501 2490 iu
518 2430 564 2491 tit.
582 2432 627 2490 De
645 2430 805 2512 Emporiis,
818 2429 844 2510 S.
861 2434 1024 2495 Constituto
1039 2443 1109 2495 teoc-

91 2520 266 2602 ponerint
282 2526 379 2578 tanen
391 2524 503 2595 potest,
518 2526 550 2577 ut
561 2516 592 2576 iu
606 2516 706 2595 aliquo
716 2518 858 2594 singulari
868 2536 969 2577 rerum
985 2521 1107 2579 articulo

96 2604 221 2665 cadaver
231 2603 424 2663 deserendum
443 2603 482 2662 sit
496 2602 582 2661 aliter
593 2600 681 2679 quim
696 2600 865 2679 praescribat
881 2602 1016 2679 Rituaie5
1028 2604 1107 2680 quod

95 2699 196 2751 tamen
217 2688 281 2749 ficri
302 2706 362 2748 uon
380 2687 468 2747 debet
482 2686 592 2763 absque
609 2686 744 2763 Episcopi
757 2684 901 2755 sciendi,
922 2695 956 2745 ut
971 2704 1007 2746 ex
1017 2704 1063 2765 gr.
1082 2689 1107 2746 si

95 2774 289 2834 deserendum
319 2772 357 2832 sit
389 2772 512 2832 cadaver
534 2771 565 2829 in
590 2788 679 2829 curru
705 2777 806 2843 tecto,
831 2770 911 2849 quod
932 2770 1009 2851 saepie
1037 2770 1106 2831 aliis

95 2857 251 2937 probibuit
264 2858 293 2917 S.
307 2860 340 2917 C.
355 2856 433 2936 apud
446 2858 537 2917 Petra
554 2855 585 2913 in
605 2854 731 2915 Constit.
751 2855 855 2932 Apost.

137 2944 452 3005 Parochiassociantes
473 2943 562 3002 iuncis
581 2940 617 2999 ad
637 2942 793 3000 Ecclesiam
807 2938 998 3018 Regularium
1013 2944 1106 3003 arceri

95 3048 158 3091 uon
171 3036 292 3109 possunt
312 3028 349 3087 ab
375 3028 506 3106 ingressu
524 3026 750 3109 Ecclesiae'illius
767 3042 835 3083 curu
857 3042 943 3083 cruce
962 3032 993 3084 et
1008 3027 1104 3101 stoici,

96 3123 132 3175 ut
152 3132 188 3173 ex
200 3111 281 3173 bulld
293 3113 446 3173 Pretiosos
459 3108 570 3170 Bertcd.
584 3108 812 3182 X111.lbid.u.
828 3109 877 3169 26.

135 3196 281 3258 Cadavcra
308 3195 520 3269 sacerdotum,
545 3194 766 3266 diaconorum,
801 3202 832 3255 et
858 3192 1106 3255 subdiaconorum

95 3284 203 3363 exponi
217 3300 277 3344 non
291 3289 413 3363 possunt
426 3282 456 3341 in
470 3280 594 3340 Ecclesia
605 3323 613 3353 ‚
626 3280 682 3339 alii
693 3279 797 3341 induta
810 3287 891 3341 veste
902 3324 912 3353 ,
923 3280 1013 3359 quim
1027 3280 1107 3338 sacrat

96 3370 143 3429 sui
164 3367 277 3433 ordinis
292 3412 301 3441 ,
314 3376 348 3429 ut
363 3384 399 3428 cx
417 3366 535 3427 decreto
558 3362 713 3425 Clecneatis
723 3364 783 3424 XI.
797 3365 873 3425 lbid.

140 3674 220 3735 Touo.
232 3674 293 3736 IX.
