2475 3975
165 166 224 233 8⁹8
352 160 644 249 Epitosacdoctriaoe
655 156 978 245 maroiiretcuaoot'ie

162 272 332 331 consuetam
344 264 572 344 eleemosynam.
584 261 673 325 &aas
685 261 738 341 qui
754 260 874 333 lecerit,
887 268 919 321 et
932 260 1025 322 laicus
1044 261 1099 339 qui
1115 262 1173 323 cal·

161 352 234 433 ligat
257 350 358 413 missas
381 352 414 411 in
435 351 499 412 loco
521 349 572 411 ubi
594 347 684 409 datur
715 345 813 422 majus
834 344 1068 423 stipendiumne
1093 364 1175 409 com·

163 439 264 501 mittat
275 435 393 501 easdem
406 437 507 497 missas
521 431 708 495 celebrandas
720 431 806 493 alteri
827 430 972 498 sacerdoti
987 430 1100 494 minori
1122 434 1175 493 sti·

148 513 290 605 pendia,
309 519 422 583 rctcntd
437 519 492 580 sibi
507 527 592 598 parte
603 517 777 579 earumdem
793 516 1047 593 cletimosynarum
1059 532 1116 577 seu
1129 516 1177 576 sti·

164 607 343 689 pendiorum
365 613 568 682 acceptorum,
583 602 688 663 incidit
703 601 735 661 in
758 599 1112 673 excommunicationem,
1129 616 1177 661 sa·

165 691 267 756 cordos
291 689 363 752 rcrd
385 708 436 750 scu
456 688 579 750 clericus
602 687 635 748 in
655 687 878 765 suspensionem
903 684 968 763 ipso
985 684 1087 760 tactn3
1109 704 1176 763 quas

165 775 428 837 excommunicatio
445 783 476 833 ct
499 773 651 851 suspensio
667 772 803 832 Pontifici
818 772 950 829 Romano
962 778 1006 837 est
1014 780 1175 837 reservata.

165 858 290 923 Constit.
304 859 425 933 thoatc
437 876 521 919 curo.
532 857 608 919 vida
621 858 696 920 lnst.
712 856 788 917 Eccl.
803 855 852 915 tt.
867 872 897 913 n.
911 854 945 915 l.

203 944 338 1005 tautum
350 953 394 1003 est
407 944 538 1023 accipere
557 960 648 1003 novas
661 946 817 1003 missarum
837 939 1036 1015 elcimnaynas
1053 938 1109 1009 iia,
1122 939 1176 1017 qui

166 1027 398 1094 veteresltabcnt
409 1027 642 1099 satisfaciendos,
655 1022 822 1096 tanesia
834 1030 868 1084 ut
882 1023 992 1101 legitur
1008 1022 1040 1082 in
1054 1022 1175 1083 decreto

170 1112 285 1175 ortam·
289 1115 369 1175 VIII
370 1155 378 1172 .
393 1110 628 1193 iosrdmodicum
641 1120 753 1190 tempus
766 1128 828 1171 aton
842 1107 935 1189 possit
944 1106 1079 1169 carnibus
1090 1106 1179 1168 cotis·

164 1196 244 1278 ficri.
266 1197 414 1259 Modicum
440 1207 557 1275 tempus
580 1194 717 1256 definivit
738 1196 767 1255 S.
793 1196 826 1255 C.
844 1193 970 1255 Consilii
995 1208 1057 1252 esse
1079 1209 1178 1253 unum

167 1300 312 1342 mensem.
330 1282 478 1342 Desacrii.
492 1283 571 1341 miss.
586 1281 609 1339 l.
627 1282 655 1339 t.
676 1299 702 1338 c.
724 1280 772 1339 Ed.
788 1297 820 1338 n.
834 1278 884 1337 ll.

207 1368 237 1426 Si
252 1367 377 1427 Ecclesia
399 1375 429 1426 et
439 1367 503 1430 loco
518 1366 567 1446 pia
583 1372 702 1428 careant
720 1364 887 1441 reditibus,
907 1359 979 1423 adad
989 1369 1022 1421 ut
1037 1378 1098 1427 non
1111 1382 1182 1441 pns-

169 1451 229 1513 sint
252 1451 331 1515 liciat
355 1454 421 1513 illos
438 1471 559 1535 erogare
582 1453 615 1511 in
643 1469 782 1529 expensas
799 1468 855 1529 pro
872 1450 1027 1509 ntissarum
1047 1450 1186 1511 celebra·

168 1536 269 1607 tione,
290 1538 333 1595 sas
353 1536 416 1611 ejus
431 1536 720 1600 administratoribus
744 1542 788 1595 est
810 1534 922 1612 aliquid
942 1531 1119 1594 subtrahere
1141 1536 1181 1595 dc

165 1619 304 1679 consuetu
321 1618 522 1697 eleemosynis,
541 1620 686 1697 quantum
709 1638 824 1680 necesse
846 1630 890 1680 est
907 1636 960 1698 pro
978 1618 1182 1681 celebratione

166 1702 247 1763 illius
262 1703 378 1777 missae,
401 1712 435 1763 ut
454 1723 490 1763 cx
514 1704 594 1763 decr.
613 1702 727 1765 Urbani
745 1706 835 1766 VIII.
853 1708 966 1765 certum
984 1713 1038 1763 est.
1060 1704 1119 1765 Sed
1142 1724 1182 1767 ex

168 1786 306 1867 pluribus
321 1788 447 1849 decretis
467 1789 561 1855 Sacra
573 1791 682 1869 congr.
703 1789 840 1861 eruitur,
857 1786 973 1848 detrahi
992 1789 1025 1851 in
1047 1804 1084 1849 en
1107 1808 1181 1851 casu

169 1872 282 1951 aliquid
300 1892 383 1952 posse
393 1892 430 1934 ex
441 1874 627 1955 eleimosyna
641 1876 672 1935 in
687 1874 781 1936 missis
794 1872 964 1953 perpetuis:
982 1882 1053 1935 tuac
1077 1882 1184 1938 autern

167 1957 330 2019 videndum
348 1967 411 2034 est,
434 1958 506 2026 nina
522 1959 598 2020 adsit
609 1960 715 2038 aliquis
729 1960 801 2037 ,qui
812 1958 848 2023 sit
861 1958 1007 2036 obligatus
1019 1959 1182 2038 supplem,

169 2050 200 2102 et
221 2041 295 2141 niam
309 2044 407 2124 potitis
427 2043 625 2128 supplendum
644 2046 683 2105 sit
700 2043 882 2107 recurrendo
898 2060 954 2122 pro
978 2043 1185 2108 diminutione

169 2145 286 2190 numen
303 2147 469 2192 rnrssarum.

208 2213 276 2272 Sive
291 2223 389 2274 autem
401 2214 526 2278 Ecclesia
538 2213 577 2277 sit
597 2215 795 2299 paupercula,
814 2212 876 2272 sire
895 2229 974 2288 uon,
998 2229 1060 2273 non
1079 2224 1185 2294 potest

164 2296 282 2373 ¹aliquid
296 2299 372 2375 exigi
393 2297 430 2356 ab
443 2299 479 2357 iis
499 2297 718 2370 sacerdotibus,
733 2299 783 2380 qui
808 2295 914 2376 sponte
929 2297 1073 2374 religione
1096 2299 1185 2362 ducti

168 2382 293 2438 veniunt
315 2381 347 2437 in
366 2383 462 2458 aliqua
480 2383 603 2443 Ecclesia
627 2382 828 2458 celebraturi,
854 2383 929 2444 sicut
953 2382 1042 2442 ctiam
1063 2384 1102 2443 ab
1123 2386 1185 2458 iis,

168 2461 221 2558 qul
235 2461 272 2520 ab
287 2461 575 2529 administratoribus
587 2468 721 2532 Ecclesia
742 2468 958 2548 eleimosynam
976 2467 1091 2532 nnllam
1103 2455 1187 2532 reci·

191 2555 268 2607 runt.
1077 2597 1078 2600 ,

169 2563 402 2705 pduretamen
419 2635 549 2716 exigitur
578 2635 642 2700 hue
670 2638 813 2700 detractio
837 2637 875 2700 ab
899 2637 957 2710 iis,
977 2640 1029 2719 qui
1052 2643 1183 2707 omnind
1225 2619 1226 2704 l

170 2721 211 2784 ibi
229 2723 376 2783 celebrare
395 2725 520 2797 volunt,
544 2743 599 2787 nec
625 2727 751 2787 Ecclesia
775 2725 865 2786 habet
891 2724 929 2784 de
954 2743 1007 2786 sun
1024 2730 1183 2804 quomodo

168 2805 343 2868 utensilibus
357 2808 528 2884 provideat,
553 2829 608 2871 nec
620 2811 658 2871 dc
674 2829 727 2872 suo
741 2809 877 2888 providet
892 2809 963 2884 itta,
989 2811 1040 2887 qui
1054 2811 1185 2874 eleimo-

169 2892 500 3035 mnamguppcditavit.
514 2893 582 2954 aaa
599 2895 700 2956 omnia
724 2894 761 2954 dc
776 2894 873 2972 sacril.
895 2895 977 2955 miss.
991 2894 1014 2955 1.
1032 2895 1063 2956 2.
1084 2916 1115 2958 c.
1128 2899 1182 2960 bd.

170 2993 254 3036 num.
307 3019 315 3036 .

185 3132 189 3135 4
209 3062 413 3140 Eletmosynas
422 3069 552 3141 receptas
558 3079 613 3143 pro
629 3061 724 3122 missis
733 3062 861 3125 sacristae
873 3062 1024 3142 regulares
1037 3072 1186 3129 tenentur
1225 3055 1226 3070 ἢ

168 3163 282 3224 ponere
297 3147 329 3205 in
347 3149 414 3208 ared
435 3148 549 3209 duabus
565 3147 697 3209 clavibus
722 3147 878 3220 obserati,
903 3165 1030 3225 quarum
1054 3149 1185 3216 alterurn

170 3230 273 3290 tenere
286 3229 375 3293 dehet
389 3232 524 3312 superior
541 3232 658 3306 localis,
675 3233 797 3300 alteram
818 3249 896 3294 unus
907 3250 943 3292 ex
960 3232 1150 3311 regularibus
1165 3233 1184 3301 b
1225 3247 1226 3254 ’

169 3313 304 3389 Capitulo
318 3314 491 3392 deputatus,
509 3335 543 3374 ae
561 3315 630 3376 dein
647 3317 685 3377 de
699 3315 894 3383 satisfactione
915 3317 1087 3385 arandara
1107 3321 1186 3382 mis-

168 3413 268 3457 sarum
289 3404 432 3460 tenentur
448 3399 573 3462 reddere
587 3402 732 3464 rationem
751 3419 850 3476 coram
864 3403 1000 3472 Patribus
1020 3404 1182 3480 discretis,

168 3484 202 3530 aa
217 3493 254 3532 ex
268 3476 387 3538 decreto
402 3480 518 3542 Urbani
536 3485 624 3546 vm.
647 3485 685 3548 ab
708 3482 882 3548 Innocentio
899 3485 978 3548 ΧΠ.
999 3487 1183 3558 confirmato

167 3561 491 3654 constatadustltallccl.
508 3567 557 3627 72.
571 3586 602 3658 u.
617 3569 668 3632 29.
901 3589 905 3596 '
