2475 3975
389 209 438 269 Ec
453 189 588 288 operibus
602 203 755 267 Benedicti
769 208 818 269 Xl
823 209 860 270 V.
1071 213 1126 274 181

123 317 236 386 potest,
251 309 320 372 edm
341 308 473 371 dandum
489 318 532 370 est
549 328 585 371 ex
610 309 809 387 resignatione
829 309 937 388 prioris
954 310 1129 374 beneficiati.

121 395 166 454 lta
177 394 214 456 dc
225 395 339 474 Synod.
354 395 441 456 dioec.
458 394 531 454 ibid.
544 413 575 454 n.
591 395 622 454 t.
640 412 677 454 ex
691 393 771 453 decr.
786 395 817 453 S.
829 397 938 472 Congr.

160 481 394 543 consuetudines
404 479 597 539 Ecclesiarum
607 478 776 540 reservandi
790 477 956 540 heredibus
967 479 1131 542 beneficiati

118 581 180 640 gam
196 564 326 626 defuncti
353 564 466 624 tructus
499 563 589 642 primi
619 563 690 623 anni
715 563 988 640 obtenti-beneficii
1016 566 1131 641 valcat3

121 649 196 710 nihil
209 651 289 710 enim
301 649 422 727 derogat
437 647 498 726 juri
512 650 606 722 illius,
624 649 676 727 qui
693 649 725 709 in
739 648 916 710 beneficium
934 667 1035 710 recens
1048 651 1128 710 inre·

120 743 259 805 ctusest,
276 732 343 794 eirm
357 740 388 793 et
404 734 466 813 ipse
479 743 544 813 post
561 743 691 794 mortem
705 733 773 810 jure
798 735 854 794 isto
879 736 1021 812 potiatur.
1032 736 1130 808 Quare

121 820 131 878 i
136 836 153 876 n
168 819 298 880 savorem
311 817 400 896 hujus
420 819 640 879 consuetudinis
653 816 760 895 saepiirs
772 817 790 877 1
802 820 882 878 saera
897 821 1130 899 congregatione

120 903 251 964 decisum
260 913 314 964 est.
328 905 371 964 De
385 903 458 982 Syn.
475 902 592 963 dioeceS.
604 903 658 962 lib.
672 904 721 962 tu.
734 920 760 961 c.
774 904 805 962 7.
819 921 850 961 ιι.
865 905 894 963 5.

157 987 370 1051 Beneficiorum
381 985 594 1066 parochialium
608 1031 617 1059 ,
632 994 662 1046 et
674 986 850 1046 vicariarum
871 997 933 1046 tam
946 989 1129 1049 secularium

121 1071 209 1150 quim
230 1073 412 1153 regularium
431 1089 548 1150 capaces
571 1089 632 1131 esse
652 1072 807 1132 canonicos
818 1072 966 1148 regulares
982 1074 1130 1133 Prasmon-

118 1166 274 1218 stratenses
286 1202 294 1229 ,
306 1158 396 1218 etiam
416 1174 476 1216 non
499 1155 699 1217 intercedente
714 1155 881 1235 Apostolicd
895 1155 1128 1239 dispensatione,

118 1241 224 1301 definit
243 1242 376 1302 Pontifex
395 1241 434 1300 ¹in
455 1240 539 1300 Bullai
555 1244 684 1303 Orteroso
697 1285 705 1312 ,
719 1249 777 1302 ete.

157 1327 201 1386 De
209 1326 277 1387 liliis
290 1327 451 1403 illegitimis
470 1327 645 1386 clericorum
671 1326 747 1386 eirca
767 1325 908 1386 beneficia
924 1334 1080 1404 parentum
1096 1328 1126 1386 in

119 1409 221 1472 eidem
236 1412 382 1486 Ecclesii,
407 1411 459 1490 qui
481 1411 613 1490 possint,
629 1419 660 1473 et
682 1409 743 1474 non
763 1413 895 1490 possint,
910 1421 966 1472 etc.
987 1411 1062 1474 Vide
1084 1414 1128 1473 lr-

118 1497 300 1576 regularitas.

156 1583 246 1643 Filius
268 1582 416 1662 legitimus
438 1583 575 1660 consequi
590 1582 776 1682 »prohibetur
801 1581 976 1655 beneficium
1005 1581 1128 1662 h'patre

118 1666 339 1746 praehabiturn,
364 1675 440 1728 esset
464 1670 545 1728 euim
568 1669 678 1748 speeies
706 1669 901 1730 haereditariae
927 1669 1125 1728 successionis.

12 1759 15 1766 ’
117 1753 196 1814 1111111
209 1763 308 1814 tamen
321 1713 401 1812 detat
414 1750 573 1829 quominds
593 1762 676 1830 pater
693 1755 785 1830 possit
799 1753 933 1812 obtinere
952 1753 1127 1813 beneficium

118 1861 134 1899 a
152 1837 214 1902 filio
229 1835 437 1916 praehabitum
449 1829 534 1910 Quod
548 1846 655 1896 verum
672 1847 716 1896 est
727 1839 817 1896 etiam
831 1838 868 1896 de
890 1845 974 1914 patre
992 1848 1126 1916 respectu

117 1921 279 1984 beneficii
269 1943 285 1983 a
302 1923 365 1983 filio
384 1921 539 1999 illegitimo
560 1921 695 1994 obtenti,
715 1931 749 1982 ut
776 1939 810 1981 ex
833 1921 1022 2000 responsione
1045 1923 1125 1982 Sacr

12 2014 13 2019 ’
116 2014 225 2089 Congr.
240 2012 283 2069 De
300 2007 418 2088 Synodo
433 2006 593 2067 dioecesana
614 2008 668 2068 lib.
686 2010 731 2067 15.
749 2025 813 2085 cap,
833 2008 882 2066 11.
908 2024 940 2065 ιι.
960 2007 1009 2065 lh.
1067 2064 1072 2069 .

156 2095 305 2173 illegitimi
324 2103 422 2152 autem
447 2091 501 2152 11111
522 2092 619 2169 quoad
640 2092 696 2153 hoc
713 2093 757 2151 illi
772 2094 863 2151 etiem
885 2099 1061 2163 censentur,
1075 2095 1125 2172 qui

115 2179 305 2261 postmodum
325 2177 479 2255 legitimati
502 2186 593 2247 sunt,
615 2194 675 2237 non
693 2177 764 2236 veria
787 2177 851 2247 illi,
871 2176 923 2253 qui
943 2186 1009 2253 post
1026 2179 1127 2239 subse-

116 2282 212 2343 quens
227 2262 451 2325 matrimonium
469 2261 624 2337 legitimati
644 2261 811 2337 habentur,
835 2271 870 2322 ut
895 2263 1003 2339 partim
1019 2281 1056 2323 cx
1075 2266 1127 2325 de-

116 2351 204 2413 cretis
220 2367 294 2410 saer.
305 2347 567 2425 Congregutionis,
584 2348 692 2425 partim
712 2351 914 2430 eanprteno.
927 2348 1045 2410 lbidn
1049 2353 1123 2411 ,111

91 2446 93 2451 ’
153 2438 233 2497 Num
260 2434 331 2496 veih
357 2433 420 2493 silio
441 2430 574 2491 obtinere
596 2431 772 2494 beneficium
793 2435 835 2494 ias
859 2435 919 2509 sit,
944 2434 1023 2512 quod
1041 2444 1126 2514 pater

114 2522 237 2601 quidem
259 2518 388 2591 hahuit,
406 2516 456 2577 sed
479 2515 515 2575 ab
536 2532 571 2576 eo
593 2519 750 2579 transivit
742 2535 774 2577 m
789 2518 937 2589 tertium,
960 2528 990 2589 et
1011 2520 1048 2578 ab
1067 2523 1124 2582 isto

116 2608 147 2666 in
164 2604 302 2666 cumdem
323 2604 447 2663 hlium?
469 2601 690 2679 respondetur,
711 2602 774 2662 lilio
797 2602 929 2678 legitimo
951 2602 980 2660 id
1003 2605 1124 2679 quidem

115 2708 175 2750 ιιοιι
198 2688 369 2791 prohiberi,
388 2705 423 2746 ex
437 2704 499 2763 cap.
521 2684 566 2745 At
585 2686 779 2765 extirpandas
798 2685 835 2744 de
848 2685 891 2743 iil.
918 2684 1041 2761 Presh.;
1060 2688 1125 2746 ille-

113 2774 226 2851 grumis
238 2770 308 2833 vero
329 2789 389 2831 non
402 2771 490 2841 hcet
505 2778 539 2829 ut
552 2787 588 2830 ex
606 2771 689 2831 Bulla
703 2767 857 2832 Clementis
870 2769 942 2831 VII
960 2779 990 2831 et
1002 2787 1125 2849 respon

115 2859 201 2919 sisS
214 2859 323 2935 Congr.
338 2856 413 2916 lbid.
428 2874 461 2915 ιι
477 2856 525 2916 18

152 2944 250 3019 Nepos
272 2939 342 3001 verit
363 2940 511 3018 legitimus
537 2930 574 3002 eit
590 2946 674 3019 patre
693 2940 848 3019 illegitimo
878 2947 965 3000 natus
995 2939 1124 3003 obtineri

114 3046 161 3087 avr
153 3026 354 3087 heneficium
373 3043 433 3086 non
455 3032 596 3097 vetatur,
627 3027 672 3103 ips
660 3044 691 3085 o
708 3026 778 3086 licet
800 3042 856 3085 avo
877 3026 1014 3098 vivente,
1036 3036 1069 3087 ut
1088 3046 1124 3089 ex

114 3111 260 3189 responsis
272 3112 303 3170 8.
314 3110 571 3189 CongregationiS,
600 3119 629 3189 et
644 3110 741 3190 Rotali
756 3109 913 3169 decisione.
933 3109 1008 3171 lbid.
1024 3128 1055 3171 ιι.
1075 3115 1123 3177 lli.

155 3198 183 3255 Si
201 3206 342 3276 patronus
360 3190 494 3256 beneficii
517 3203 663 3254 rectorem
680 3195 859 3266 interliciat,
882 3196 963 3274 ipse,
977 3205 1008 3257 et
1023 3216 1124 3259 omnes

114 3280 151 3339 nd
176 3289 363 3357 patronatum
381 3277 429 3355 jus
449 3277 613 3357 hahentes,
637 3279 712 3339 illud
745 3278 908 3354 amittunt,
933 3292 974 3342 ex'
990 3300 1054 3360 cap.
1084 3288 1124 3344 lu

113 3362 309 3445 quibusdum,
331 3366 369 3423 de
386 3363 492 3441 poenis.
510 3362 638 3424 lbid.·n.
660 3366 709 3423 11.

153 3450 291 3508 Beneficii
310 3447 511 3528 permutatio,
529 3465 594 3543 quae
614 3448 649 3507 fit
662 3466 758 3508 eoram
772 3448 959 3519 ordinariis,
975 3447 1124 3509 interdum

112 3542 211 3631 potest
227 3550 288 3592 esse
301 3530 450 3611 prohibita
469 3531 678 3590 constitutione
700 3533 732 3591 8.
756 3530 809 3591 Pu
822 3534 858 3593 V
877 3532 1037 3605 incipiente
1052 3528 1125 3607 Offi-

111 3619 215 3693 citent,
233 3619 264 3679 in
285 3618 342 3697 qui
360 3616 557 3677 admittuntur
579 3614 710 3693 quidem
722 3616 1056 3739 permutationgs,
973 3613 1056 3683 istae,
1073 3612 1124 3669 sed

905 3698 969 3756 Ab·
