2475 3975
133 163 191 226 ets
320 165 458 244 Epitotnc
470 161 614 226 doctrine
624 161 749 226 oracolis
763 173 793 226 et
803 167 950 228 cononice

131 266 194 326 rint
219 279 288 324 cum
314 265 507 342 resignatorio
526 265 564 326 de
592 265 722 326 ccdcndt
743 265 787 326 illi
803 269 967 344 pensione,
986 280 1039 328 scd
1064 287 1144 330 com-

132 347 221 411 modo
246 349 383 427 exigendi
409 350 519 411 fructus
539 349 671 427 ejusdem
691 350 858 429 pensionis,
871 351 967 413 soluti
986 353 1143 431 anticipati
1226 398 1228 401 -

132 436 259 514 perunit
270 445 408 514 ,pactum
420 435 499 496 istud
510 435 687 510 irriturn,ct
700 435 788 496 inane
801 435 975 496 decimatur.
990 439 1065 496 item
1077 439 1143 498 resi·

129 519 255 596 guntarii
278 530 308 582 et
322 521 502 598 resignantes
518 519 659 580 decidunt
672 519 711 579 ab
729 521 813 581 omni
826 518 896 596 jure
921 520 1058 582 benefmi
1079 523 1143 600 ipso

130 605 207 666 facto
220 605 329 684 absque
344 605 403 665 ullt
420 603 527 681 judicis
539 603 738 664 declaratione
751 649 761 672 ,
775 615 805 664 ct
815 605 937 682 pecunia
950 607 1045 666 soluta
1058 608 1143 668 resti-

131 691 175 750 tui
189 690 276 752 debet
290 689 345 750 sub
355 698 472 767 peccata
487 682 593 768 gravi,
607 707 674 767 quoe
688 690 727 747 eb
741 690 901 750 Ordinario
914 691 1087 768 applicanda
1099 701 1144 753 cst

131 773 202 836 locis
214 776 279 852 piis.
295 775 413 834 Eisdem
426 776 520 854 poenis
532 772 685 850 subjacent
698 773 760 834 haee
768 774 872 834 cadem
887 785 968 852 pacta
980 774 1053 859 inita
1064 779 1143 838 intra

129 875 180 918 sex
194 873 308 920 menses
324 850 342 918 i
358 860 408 920 dic
420 868 545 938 receptes
558 877 612 939 per
626 859 853 938 resignatarium
870 859 1006 920 macine
1029 878 1143 939 posses·

130 941 232 1002 sionis.
249 939 326 1004 Bull.
337 941 519 1005 lasabfiani.
685 1021 688 1026 .

171 1029 205 1088 la
221 1021 299 1088 uult.
313 1020 519 1090 Ecclesiastico
539 1027 726 1100 miraistnio,
740 1028 860 1088 mandat
879 1024 1012 1088 Pontifex
1024 1029 1057 1089 in
1070 1030 1144 1092 resi-

130 1113 320 1196 gnationibus
344 1113 577 1186 beneficiorum,
597 1124 633 1174 ut
651 1115 806 1192 resignatis
829 1114 864 1187 in
886 1131 976 1172 manu
993 1115 1143 1174 Pontificis

131 1195 299 1270 beuclicils,
313 1198 392 1258 stab
411 1198 464 1258 illo
485 1196 640 1268 admissis,
653 1208 743 1276 atque
759 1197 889 1257 vicissim
900 1197 1036 1258 admissis
1052 1217 1143 1277 supcr

131 1300 166 1344 co
189 1282 424 1360 provisionibus,
437 1282 698 1362 dispositionibus,
712 1291 768 1344 ete.
778 1283 885 1342 littcrae
899 1283 1001 1360 gratior
1019 1283 1143 1362 signeto

131 1369 271 1429 inuasere
293 1385 407 1429 menses
420 1370 460 1429 ita
476 1367 689 1448 perficiantur,
709 1378 745 1430 ut
765 1370 844 1430 intra
857 1367 975 1430 cosdem
993 1369 1143 1429 mensesb

131 1469 207 1512 noro
224 1454 343 1532 proviso
359 1455 502 1530 possessio
524 1453 661 1514 beneficii
683 1455 835 1532 capiatur,
857 1453 883 1512 si
905 1450 979 1512 rcrb
998 1452 1141 1514 beneficia

129 1537 181 1596 illa
205 1545 275 1596 sunt
293 1538 370 1599 ultra
389 1546 523 1618 montes,
541 1546 682 1616 prorogat
695 1538 859 1598 terminum
883 1538 972 1596 istum
989 1555 1083 1616 usque
1102 1538 1140 1597 ad

130 1638 236 1682 novom
253 1637 368 1680 menses
390 1619 408 1679 i
431 1621 497 1680 datd
516 1621 711 1682 macessionis
734 1622 830 1699 gratid
853 1621 1061 1684 numerandos.
1084 1625 1138 1684 ilbi

129 1703 200 1764 verb
210 1704 297 1782 justis
312 1704 350 1764 de
365 1705 458 1764 causis
479 1706 647 1784 prorogatio
661 1706 760 1784 aliqua
781 1706 964 1783 postulatur,
979 1708 1139 1784 permittit,

128 1797 162 1850 ut
178 1788 266 1852 docto
283 1787 366 1869 prids
379 1789 466 1868 officii
486 1789 701 1852 subdatoriode
713 1786 882 1869 apostolicis
896 1790 1003 1851 litteris
1018 1794 1140 1871 expedi-

129 1876 187 1946 tis,
202 1875 255 1935 fiat
269 1875 439 1955 prorogatio
454 1875 552 1954 primi
570 1885 599 1936 ct
615 1876 742 1938 secundi
753 1877 838 1948 vice,
863 1876 1019 1936 ulteriores
1035 1895 1140 1939 ornnes

129 1961 218 2022 tollit.
229 1962 266 2021 Et
278 1962 302 2021 si
313 1961 479 2040 legitimum
499 1960 746 2038 impedimentum
760 1977 948 2038 perseverare
962 1961 1141 2025 concluden-
1226 2017 1227 2032 ,

130 2056 174 2107 tos
189 2046 268 2125 opud
280 2048 433 2107 flotarium
450 2046 607 2125 probatam
621 2045 807 2118 stt,facultas
821 2046 860 2104 sit
872 2046 1045 2106 Datariotot
1063 2050 1142 2110 ulte·
1226 2101 1227 2118 2

129 2132 222 2192 riores
236 2132 456 2211 prosecutiones
465 2130 642 2191 concedendi
660 2129 1041 2207 adexcquendumlitteras
1053 2152 1143 2211 opos.
1226 2135 1227 2200 t

130 2218 251 2289 tolicas,
267 2228 341 2295 quot
359 2218 527 2279 necessariae
544 2226 614 2283 sunt
638 2216 675 2277 ad
700 2215 905 2295 impedimenti
930 2218 1139 2280 remotionem.
1226 2213 1227 2240 t

129 2302 252 2361 Sublato
268 2302 340 2361 verb
359 2304 402 2361 sic
422 2302 656 2379 impedimento,
678 2302 704 2361 si
724 2298 920 2363 nibilomiairs
936 2311 1141 2379 perseveretur

128 2385 159 2443 in
181 2385 343 2444 differendi
368 2387 539 2445 executione
551 2387 743 2459 litterarum,
761 2386 928 2465 Aprostalica
953 2396 1025 2447 tunc
1043 2390 1141 2467 gratia

129 2469 211 2529 ttulla
224 2476 255 2527 et
273 2468 357 2527 irrita
371 2478 519 2529 censetur.

166 2553 197 2613 si
211 2551 386 2613 beneficium
406 2553 541 2615 obtinens
551 2556 728 2635 religionem
740 2558 944 2637 ingrediatur,
960 2557 1142 2621 beneficium

128 2648 228 2699 tamon
251 2657 314 2699 non
336 2648 420 2701 sont
438 2641 494 2701 nisi
512 2658 563 2719 per
582 2644 812 2721 professionem,
838 2656 972 2723 tempore
995 2643 1067 2705 verb
1086 2646 1142 2706 illo

127 2722 304 2785 intermedio
323 2724 402 2787 inter
418 2726 583 2803 ingressum
603 2734 635 2787 ct
653 2728 865 2807 professionem
883 2727 979 2806 quoad
995 2728 1141 2790 beneficia

128 2818 227 2871 curata
245 2805 333 2868 debet
348 2810 509 2887 Episcopus
521 2810 652 2889 idipsum
665 2831 753 2891 agere
764 2856 773 2885 ,
786 2812 867 2891 quod
880 2821 1053 2890 prestaret,
1068 2811 1142 2877 citur

128 2890 272 2973 parochus
296 2892 508 2971 impedimento
533 2895 634 2975 aliquo
660 2897 856 2957 detineretur.
872 2895 974 2967 Quoad
995 2895 1168 2959 beneficia

127 2978 198 3040 verb
216 2978 343 3039 choralis
356 2979 466 3040 relictis
487 2984 588 3057 tyroni
608 2981 746 3059 religioso
765 2980 857 3057 ipsius
877 2978 1013 3038 beneficii
1032 2978 1143 3063 frueti7

47 3124 50 3129 ,
128 3061 184 3123 bus
196 3106 206 3134 ,
219 3064 256 3124 de
268 3063 526 3125 distributionibus
545 3065 588 3126 ita
606 3074 732 3136 statuet,
753 3074 788 3123 ut
803 3062 871 3141 jura
885 3061 1090 3139 praescribunt
1106 3067 1141 3128 Si

126 3146 203 3207 forte
215 3147 404 3211 beneficiatus
427 3150 602 3227 religionem
620 3151 826 3227 ingressurus,
844 3147 1024 3219 beneficium
1048 3166 1140 3211 suum

126 3228 308 3303 dimitteret,
332 3254 398 3311 qun
413 3233 596 3299 renunciatio
625 3233 741 3293 admitti
763 3234 801 3293 ab
822 3233 968 3311 Episcopo
983 3242 1081 3312 posset
1100 3252 1140 3295 ex

125 3310 241 3369 constit.
258 3314 305 3370 58.
316 3318 347 3375 S.
362 3318 417 3377 Pii
429 3320 465 3379 V.
479 3319 540 3377 sive
553 3335 619 3379 eam
636 3318 890 3383 renuntiationem
909 3320 1019 3381 laceret
1030 3318 1068 3379 ad
1082 3328 1140 3379 tra·

125 3392 211 3486 mites
228 3395 334 3485 eapitis
346 3400 426 3459 XVl.
441 3403 518 3463 sess.
533 3404 582 3463 it.
605 3404 718 3465 Concil.
731 3404 817 3467 Trid.
836 3406 875 3467 de
894 3404 1013 3485 Regni„
1026 3403 1139 3467 nihilo·

124 3486 222 3555 manus
239 3492 271 3567 tn
287 3492 428 3551 suspenso
443 3488 599 3549 romanice
611 3489 722 3551 debent
738 3508 772 3550 ca
788 3490 946 3566 beneficia,
966 3508 1021 3550 uec
1038 3497 1138 3567 posset

74 3606 76 3609 .
122 3546 172 3601 1¹1³
184 3550 268 3611 alten
282 3559 416 3619 conterre
429 3566 608 3647 Episcopus,
632 3574 690 3637 nisi
708 3585 776 3655 post
795 3576 901 3636 saetam
915 3574 1136 3636 drcnuntiante
