2475 3975
261 105 289 185 §-
304 105 382 166 Vlll.
396 105 499 166 Preces
513 149 521 177 ,
534 113 617 167 octos
636 104 794 168 eleccioni
806 153 813 180 ,
828 117 880 172 etc.
1022 115 1078 176 187

34 251 124 313 Atei
134 247 293 332 infirnus
310 257 383 311 esset
401 256 464 310 tom
474 250 564 310 morti
574 249 747 330 proximos,
765 259 800 310 nt
811 259 992 332 tempnsnon
1004 271 1076 337 eop-

76 343 214 416 peteret
225 332 403 416 snprodictis
413 334 567 414 procellos,
578 331 711 395 sacerdos
727 335 831 396 statim
843 339 1035 418 impertiatur
1046 341 1075 400 ei

73 417 265 500 praesatorn
281 416 516 481 benedictionem.

77 573 250 636 Dominus
261 580 362 632 noster
370 572 454 632 lesos
467 571 600 634 christoe
609 617 618 644 ,
627 579 683 634 etc.

79 728 165 789 290.
180 721 355 788 Benedictio
367 722 539 806 Scopnleris
549 726 580 786 S.
592 725 704 788 Morino
713 725 748 788 de
759 729 862 790 Monte
873 726 1006 791 Connoto
1018 729 1072 810 (l).

43 931 46 935 ,
80 877 242 944 Sacerdos
255 893 409 940 coricersos
422 877 462 938 od
475 877 610 941 holitum
629 876 735 939 dicat.-

81 1043 132 1118 ί.
149 1038 291 1102 Ostende
305 1039 408 1114 nobis,
422 1040 567 1116 Domine,
582 1039 816 1103 misericordiam
830 1051 924 1114 tuem,

81 1135 127 1206 nt.
144 1131 190 1188 Et
204 1127 331 1186 solutore
342 1132 429 1185 tuum
443 1125 480 1185 do
496 1125 592 1185 nobis.

84 1213 120 1285 y
127 1256 135 1272 .
150 1211 288 1272 Domine
301 1211 381 1269 Deos
395 1209 559 1286 virtutum,
576 1221 716 1271 converte
735 1229 799 1272 nos.

83 1303 127 1373 ni.
148 1299 193 1358 Ec
205 1294 328 1356 ostonde
344 1294 448 1353 sociem
460 1304 556 1366 tuam,
570 1305 600 1354 et
612 1297 685 1356 salvi
698 1298 825 1367 erimus,

86 1381 135 1454 j.
151 1381 288 1442 Domine
303 1377 409 1440 exaudi
424 1381 588 1440 orationem
601 1397 708 1441 meam.

62 1464 65 1473 “
84 1472 127 1542 ni.
151 1469 194 1528 Et
205 1467 317 1526 clamor
332 1463 463 1525 meused
474 1472 504 1526 te
521 1465 631 1527 veniet.

85 1551 135 1623 Ji.
152 1552 305 1612 Dominus
316 1551 478 1611 vobiscum.

87 1641 130 1712 ni.
151 1639 193 1696 Et
206 1653 275 1703 oum
287 1635 395 1714 spiritu
410 1644 473 1696 tuo.

483 1807 649 1876 OREMUS,

51 1932 179 2064 Ceron
199 2004 334 2063 omnium
348 2000 482 2063 fidelium
496 2004 591 2075 Deus,
607 2010 638 2062 el
653 2000 775 2063 humani
791 2001 907 2081 generis
919 2003 1071 2079 Salvator,

51 2082 133 2145 huno
143 2086 284 2147 hobitum
296 2132 304 2158 ,
316 2106 407 2165 quem
423 2096 545 2165 propter
558 2096 662 2159 tuum,
676 2096 792 2165 tuaeque
806 2088 961 2147 Genitrieis
973 2088 1072 2165 Virgi-

52 2170 98 2227 nis
124 2172 233 2229 Meriae
255 2172 414 2231 demente
436 2173 571 2232 Carmelo
595 2188 749 2243 amorem,
771 2179 859 2247 etque
882 2172 1072 2233 devotionem

53 2269 165 2311 servus
179 2261 249 2313 tuus
268 2263 311 2313 est
329 2254 497 2327 deleturus,
512 2256 632 2315 dextere
648 2263 698 2314 tuo
716 2256 863 2315 sanctifica
881 2260 938 2329 >1⁴²
952 2264 981 2316 el
999 2255 1071 2328 hoc,

54 2337 137 2411 quod
153 2356 209 2415 por
226 2337 303 2398 illud
322 2338 447 2417 mystice
463 2339 550 2399 detur
570 2340 719 2418 intelligi,
741 2340 792 2399 tuci
807 2356 923 2419 semper
941 2342 1071 2402 custodii

57 2436 184 2499 corpore
192 2431 223 2483 et
231 2424 332 2484 enimo
347 2431 499 2497 servetur,
516 2434 546 2485 et
562 2425 600 2485 ad
613 2427 883 2485 remunerationem
897 2435 1070 2507 perpetuom

58 2522 126 2598 cum
135 2508 249 2569 Sanctis
259 2509 398 2570 omnibus
408 2510 573 2573 felicissimi
581 2510 771 2589 perducetur.
780 2511 837 2585 Qui
846 2512 920 2573 vivis
929 2521 958 2571 et
967 2530 1071 2591 regnes

59 2604 90 2647 ιιι
101 2594 212 2653 scocula.
219 2594 406 2655 seculorum.
423 2599 529 2657 Amen.

67 2747 174 2815 Deinde
186 2762 324 2837 osperyot
337 2775 448 2838 oqnorn
462 2755 640 2819 benedictam
654 2753 909 2837 superinlitum,
927 2760 957 2815 et
967 2720 1069 2835 posteo

207 2836 308 2921 ipsum
327 2842 464 2924 imponat
475 2861 609 2923 persone
623 2841 791 2922 recipienti,
803 2840 923 2903 dicens:

44 3046 47 3050 J
99 2999 221 3081 Accipe,
242 3002 290 3063 vir
309 3004 432 3076 devote,
454 3002 536 3064 huno
561 3002 699 3064 habitum
720 3002 927 3072 benedictum,
949 3018 1072 3078 precans

65 3078 111 3140 SS·
123 3085 298 3169 Virginem,
318 3098 353 3150 nt
371 3089 435 3167 ejus
454 3089 568 3149 meritis
586 3090 673 3149 illum
695 3089 825 3166 perieras
850 3086 913 3144 sine
935 3086 1069 3157 macula,

68 3174 94 3223 ot
106 3176 133 3228 to
151 3172 189 3231 ab
201 3174 283 3233 omni
299 3172 476 3236 adversitate
495 3173 635 3234 desendet
643 3218 653 3251 ,
669 3181 757 3251 atque
773 3172 811 3231 ed
828 3170 919 3229 vitem
929 3170 1070 3247 perduret

67 3255 211 3316 eternam.
226 3259 332 3319 Amen.

95 3403 124 3460 (¹)
137 3405 186 3455 lloo
195 3408 320 3471 scapulare
337 3417 375 3458 est
394 3410 482 3458 ordinis
493 3410 675 3459 Corneliurm
695 3422 723 3455 re
733 3414 825 3457 constat
841 3422 872 3456 ex
890 3421 967 3469 penno
984 3406 1070 3453 coloris

70 3459 131 3517 fusci.

804 3532 870 3579 Edit.
