2475 3975
121 134 180 196 aot
440 127 835 192 Eecmccordicaodorcm.

128 231 217 310 hujus
235 231 377 292 doctrina
393 231 516 310 angelici
537 231 690 304 hectoris,
711 226 1138 294 communicemusatmec

108 333 112 340 ·
128 321 220 380 lione.
234 316 366 397 (Borcdc
378 316 452 379 Sim.
465 316 496 378 d.
511 320 541 377 l.
554 334 606 398 qo.
618 319 647 376 l.
662 315 689 396 §.
703 319 732 378 9.
754 337 785 379 a.
803 320 832 379 9.
847 314 941 378 Sclm.
953 325 992 378 tr.
1007 317 1057 377 ¹19.
1069 315 1135 378 aad.

131 405 177 464 at.
190 424 221 464 a.
233 406 282 463 m.
294 406 385 465 Rortc.
397 401 460 462 cod.
469 400 516 462 ιίι.
532 419 602 482 pop.
613 404 682 462 911.
695 404 729 464 irc
738 403 836 463 Praxi
843 422 874 462 n.
886 400 929 480 5.)
942 445 951 476 ,
962 420 1028 462 cum
1042 405 1135 464 Sucr.

130 486 324 551 decastemi.
333 489 438 567 leym.
450 489 584 567 Castrop.
597 493 626 548 ct
638 484 708 548 aliie
722 487 869 548 affirmant
881 503 964 565 posse
974 487 1038 547 dari
1052 506 1140 566 pecu·

130 578 212 637 niam
226 576 257 636 in
274 584 423 645 extrema,
446 582 476 632 ct
497 574 586 633 ctiam
607 572 641 632 iu
660 574 742 652 gravi
760 574 928 634 necessitate
946 573 1135 634 sacramenti.

130 663 235 737 ilatio,
252 661 322 738 quia
337 677 374 719 ex
394 676 452 720 una
465 668 549 737 parte
561 658 681 722 traditio
695 659 826 738 pecuniae
842 667 961 720 nonest
977 657 1137 720 intrinsece

130 749 226 823 malu3
249 747 310 821 ipsa
332 745 413 804 enim
439 753 483 803 est
503 745 670 824 cooperatio
689 744 871 815 materialis,
901 761 961 804 non
983 743 1136 820 formalis3

128 831 197 893 edm
207 847 267 890 non
278 833 454 906 cooperetur
466 847 565 908 prave
576 829 719 890 voluntati
731 828 870 903 ministri,
883 826 967 904 juxta
980 827 1058 888 dicta
1070 825 1092 888 l.
1105 831 1136 888 (i.

127 935 163 977 rt.
185 917 233 976 tt.
248 917 290 974 lix
301 915 358 976 alia
375 916 438 993 ipsc
449 916 608 992 suscipiens
623 931 684 974 non
705 914 863 976 committit
879 913 1054 985 simoniam,
1066 911 1138 974 etim

129 1021 191 1066 non
202 1001 298 1062 tradat
312 1001 467 1079 pecuniam
481 999 519 1060 ad
538 999 696 1060 emendum
709 1007 925 1058 sacramentum
937 1041 945 1072 ‚
958 997 1008 1058 sed
1019 996 1138 1058 tantum

129 1089 167 1150 ad
192 1087 394 1149 redimendam
421 1087 606 1146 vexationem
631 1084 759 1143 ministri
784 1092 1002 1148 sacramentum
1026 1081 1138 1159 injuste

129 1173 300 1253 denegantis
318 1179 372 1230 :ct
383 1168 450 1230 idat
467 1169 518 1228 dat
537 1169 698 1246 temporale
720 1185 775 1246 pro
796 1187 830 1228 re
852 1167 934 1230 meria
955 1169 1136 1247 temporali:

129 1259 271 1336 tantoque
284 1256 376 1334 magis
394 1254 425 1315 id
439 1254 534 1314 currit
549 1297 558 1327 ‚
576 1255 601 1314 ei
623 1254 782 1331 srtscipiens
794 1253 961 1328 estlidelis‚
976 1256 1044 1331 quia
1065 1262 1139 1314 tuuc

128 1343 218 1405 habet
226 1341 276 1421 jus
289 1341 325 1402 ad
337 1348 574 1412 sacramentum,
588 1337 661 1400 duim
670 1338 750 1400 idem
761 1341 802 1401 D.
819 1339 874 1402 rt.
889 1338 940 1418 (ib.
950 1337 989 1398 ad
999 1339 1040 1416 ὅ.)
1052 1337 1140 1399 docet

129 1437 196 1510 post
208 1427 258 1506 jus
276 1427 432 1505 quaesitum
448 1426 537 1486 licere
552 1427 646 1486 cuiuis
664 1425 735 1486 dure
749 1425 904 1504 pecuniam
919 1424 957 1483 ad
972 1423 1139 1486 tollendum

128 1509 536 1589 injustumimpedimentum.
545 1511 637 1588 idque
643 1511 802 1570 admittunt
812 1512 901 1570 Scor.
915 1505 1021 1570 mitet
1034 1507 1137 1586 Graias,

129 1615 189 1657 non
200 1592 294 1654 solium
308 1611 363 1672 pro
379 1593 540 1652 obtinendo
550 1593 713 1670 baptismo,
728 1604 758 1654 et
773 1595 966 1673 paenitentia,
983 1593 1139 1656 sedetiam

129 1679 242 1742 Viatieo
252 1698 262 1755 3
273 1688 304 1738 et
318 1680 430 1738 Bonae.
445 1677 578 1738 extendit
590 1680 679 1739 etiam
692 1680 729 1741 ad
737 1691 899 1742 extremam
913 1681 1097 1741 unctionem.

166 1767 217 1827 99.
231 1798 270 1812 -
282 1767 326 1825 De
337 1762 440 1843 effectu
459 1774 720 1826 sacramentorum.
741 1767 856 1844 Duplex
880 1774 924 1827 est
940 1773 1140 1834 sacramento·

129 1873 198 1918 rum
211 1852 354 1923 effectus,
375 1851 491 1913 collatio
512 1853 612 1931 gratie
629 1896 638 1925 ‚
656 1863 686 1914 et
705 1853 858 1933 impressio
871 1851 1057 1914 characteris.
1072 1853 1139 1914 Pri·

131 1938 281 2018 musergd
301 1936 431 2005 effectus,
444 1945 489 1997 est
506 1939 611 2015 gratia.
627 1937 741 2016 Duplex
760 1947 858 1999 autem
872 1939 965 2015 gratia
986 1939 1139 1999 coulertur

130 2028 161 2087 in
177 2023 364 2085 sacramentis
376 2066 384 2092 ‚
395 2023 488 2101 gratia
497 2020 686 2101 sanctificans
697 2065 706 2094 ‚
719 2039 825 2100 nempe
841 2040 907 2100 quae
920 2022 1019 2083 reddit
1039 2022 1139 2083 homi·

130 2130 200 2173 nem
222 2111 350 2171 amicum
376 2108 450 2185 Dei,
465 2117 495 2168 et
512 2108 606 2187 gratia
619 2104 842 2169 sacramentalis
857 2126 943 2185 ,quaa
957 2116 1001 2167 est
1015 2109 1137 2187 propria

128 2206 160 2257 et
171 2196 327 2274 peculiaris
340 2193 571 2272 uniuscuiusque
590 2193 788 2269 sacramenti,
812 2193 850 2253 sd
873 2192 1051 2252 causandum
1064 2193 1139 2255 effe·

129 2290 209 2341 etum
219 2280 375 2356 proprium
387 2279 562 2338 sacramenti
574 2279 668 2355 illius,
680 2296 787 2359 nempe
799 2279 955 2358 baptismi,
967 2281 1003 2341 ad
1013 2281 1139 2340 abluen-

129 2363 202 2425 dum
215 2360 232 2421 ia
244 2362 338 2438 culpis
349 2381 358 2435 3
371 2361 604 2422 consumationis
617 2363 654 2422 ad
666 2365 869 2425 roborandum
886 2366 916 2425 iu
933 2364 1010 2441 fide3
1023 2364 1139 2426 Eucha-

128 2447 219 2506 ristiae
233 2488 241 2515 ‚
253 2446 290 2505 ad
311 2443 502 2503 relieicudam
520 2446 649 2505 animam
662 2468 672 2521 3
685 2450 865 2525 peanitentiae
884 2449 920 2508 ad
933 2449 1055 2509 delenda
1069 2468 1139 2529 poc·

128 2539 190 2593 cata
199 2551 209 2608 3
218 2539 356 2590 extremae
364 2529 529 2599 unctionis,
541 2530 578 2589 ad
591 2533 653 2591 vim
667 2533 876 2594 conserendam
886 2534 1023 2593 adversius
1032 2534 1140 2598 daemo-

129 2634 202 2677 uum
222 2616 398 2677 tentationes
413 2614 444 2675 in
468 2623 600 2675 extremo
627 2635 739 2695 agone3
755 2619 887 2693 ordinis,
907 2618 944 2679 ad
960 2621 1138 2683 conserenda

129 2701 261 2774 auxilia,
278 2710 312 2761 ut
338 2699 491 2760 ordinatus
513 2699 593 2761 recte
615 2719 667 2761 sua
683 2704 785 2763 munia
798 2712 931 2764 exerceat
954 2724 961 2762 ε
982 2713 1011 2765 ct
1033 2709 1140 2769 curatri-

1224 341 1235 479 ι

1223 1903 1234 2261 l

1227 2274 1237 2590 t

130 2786 240 2862 monii,
259 2795 293 2845 ut
312 2784 452 2863 conjuges
471 2785 552 2846 illius
571 2804 660 2847 onera
685 2797 715 2849 et
738 2789 930 2869 obligationes
950 2788 1027 2853 bend
1046 2794 1140 2855 susti·
1232 2872 1233 2875 Ἴ

132 2880 222 2934 neunt
237 2880 268 2932 et
286 2870 477 2949 adimpleant.

169 2958 219 3018 95.
229 2990 269 3001 -
282 2957 466 3017 Sacramenta
478 2956 511 3017 in
524 2958 699 3035 suscipiente
719 2955 859 3037 disposito
881 2966 1000 3019 causant
1010 2961 1140 3038 gratiam

129 3058 166 3100 cc
180 3049 411 3123 conceperam,
425 3040 456 3100 id
469 3050 513 3120 est
526 3058 562 3103 ex
573 3060 622 3116 se,
633 3061 694 3103 non
707 3059 743 3101 coc
760 3059 843 3121 opere
853 3043 1015 3123 operantis,
1025 3048 1139 3111 scilieet

130 3142 167 3183 cx
193 3128 301 3187 meritc
329 3126 522 3204 suscipientis.
549 3130 596 3187 Au
621 3137 720 3188 autem
743 3136 862 3188 causent
880 3127 1021 3209 physice,
1043 3134 1085 3194 ita
1104 3146 1140 3198 ut

128 3211 252 3267 materia
266 3212 461 3281 sacramenti,
481 3228 588 3289 nempe
603 3230 695 3291 aqua,
708 3214 807 3274 oleum
818 3258 826 3287 ,
838 3223 894 3276 cte.
910 3214 979 3277 licet
997 3219 1036 3279 sit
1051 3238 1137 3283 eausa

128 3289 246 3385 cantium
260 3297 418 3368 naturalis,
435 3298 567 3357 elevetur
589 3308 688 3359 tamen
708 3298 725 3359 'a
747 3302 808 3361 Deo
823 3302 860 3362 ad
873 3296 1048 3365 causandam
1068 3326 1138 3387 gra·

128 3380 220 3437 tuam,
235 3380 269 3430 ut
285 3374 370 3439 docet
381 3382 422 3436 D.
438 3380 518 3441 Tic?
532 3384 587 3443 Vel
603 3384 721 3445 tantiam
739 3390 908 3461 moraliter,
928 3390 968 3450 ita
982 3400 1026 3463 ut,
1041 3392 1138 3470 posito

1232 3198 1237 3319 l

128 3460 332 3524 sacramento,
350 3458 427 3518 Deus
447 3481 501 3538 per
519 3484 551 3527 sc
574 3471 705 3530 coulerat
728 3474 874 3550 gratiam,
892 3481 926 3535 ut
944 3476 1009 3535 vult
1024 3477 1136 3538 Scotua.
1236 3486 1237 3497 ¹

129 3529 259 3607 Utraque
277 3539 420 3598 sententia
442 3554 488 3605 est
504 3552 668 3626 probabilis
691 3553 753 3635 (tit.
776 3560 805 3619 6.
823 3577 855 3620 n.
871 3558 925 3637 7.).
950 3560 1134 3621 Sacramenta
