2475 3975
387 179 452 259 Art.
466 180 496 239 5.
511 178 556 238 Do
568 174 720 242 ordinibus
737 177 809 258 tuuj.
1044 179 1101 244 296·

96 280 168 350 ctis,
182 287 212 340 et
225 285 321 357 potest
338 277 531 338 beneficiatus
543 273 640 335 adhuc
662 275 808 353 applicare
826 292 891 336 eam
908 277 1054 357 sibiipsi,
1076 280 1101 340 si

95 363 165 425 verb
177 380 290 442 patrper
302 363 358 432 sit,
371 360 462 422 modb
476 377 541 444 nou
555 359 643 419 saciat
662 359 694 418 in
715 359 870 436 fraudem3
890 361 980 421 Suar.
1004 363 1101 423 Costr.

6 514 8 523 ,
95 450 230 509 Nouorr.
249 443 582 507 dalmaciarum.
596 441 675 520 (tto.
689 446 719 504 4.
733 462 766 504 ιι.
776 444 868 522 677.)
881 445 912 504 Si
925 445 991 524 quis
1003 455 1102 506 autem

99 540 163 610 post
178 531 366 590 omissionem
382 527 498 589 dederit
517 529 736 606 eleemosynas,
760 528 941 606 immemor,
964 529 1011 588 vel
1027 529 1103 590 tortia

96 617 237 694 ignoraus
254 614 464 694 obligationem
489 612 706 683 restitutionis,
727 613 923 692 probabiliter
939 621 1035 691 potest
1055 631 1103 672 eas

94 708 324 779 computarent
337 695 557 759 dicuntSoucb.
568 697 743 778 8666169.
758 693 852 760 Saltu.
863 695 951 760 Croiu
961 705 1012 758 etc.
1024 695 1100 776 (Lib.

94 786 124 844 4.
137 802 171 842 ιι.
185 784 253 844 709.
268 783 327 858 Qu.
342 783 372 843 1.
384 780 425 843 ad
435 799 511 842 uera.
526 779 714 858 limitent).

129 878 180 938 65.
196 908 236 920 -
254 874 450 935 probabiliter
473 874 578 935 dicunt
602 873 692 932 etiam
709 873 772 932 Sot.
799 876 879 949 loss.
908 875 998 954 Vosq.
1021 875 1100 934 Bou.

92 959 199 1022 Saucia.
212 955 385 1021 Salmantic.
398 966 464 1030 etc,
477 957 558 1037 qubd
576 957 601 1016 si
613 956 804 1018 beneficiatus
823 959 879 1016 alia
893 976 981 1018 onera
994 957 1100 1028 habet,

92 1045 201 1121 quibus
214 1043 277 1121 jam
295 1043 483 1115 satisfecerit,
497 1060 558 1102 non
573 1049 691 1100 tenetur
702 1058 804 1100 omnes
815 1041 1100 1101 fructusrestituere.

93 1128 181 1190 Sociis
194 1137 294 1189 tamen
304 1127 464 1188 dicendum
478 1125 637 1206 [quidquid
648 1125 748 1186 dicant
758 1125 819 1202 alii)
829 1125 866 1184 de
875 1125 999 1202 simplici
1014 1125 1102 1185 bene-

91 1212 206 1285 667676,
217 1215 268 1293 qui
279 1214 396 1273 nullum
409 1211 489 1271 aliud
500 1229 575 1276 auus
585 1209 706 1274 haberet
716 1254 724 1285 ‚
733 1210 789 1272 nisi
802 1209 952 1294 deserendi
968 1209 1102 1272 habitum
1140 1245 1142 1251 ι

91 1297 168 1374 [tit.
179 1300 212 1358 4.
225 1317 259 1360 ιι.
274 1299 341 1359 675.
357 1298 415 1372 Qu.
427 1296 501 1375 16.)

118 1393 230 1452 .64.-
242 1393 289 1451 An
310 1398 408 1449 nutem
424 1389 695 1449 excommunicatus
716 1390 858 1450 toleratus
877 1396 1012 1449 teneatur
1034 1397 1102 1450 aute

91 1477 268 1536 sententiam
279 1475 435 1535 restituere
445 1474 560 1534 tructus
575 1474 728 1544 beneficii,
745 1476 769 1534 si
790 1492 877 1534 onera
893 1475 984 1554 ipsius
997 1475 1101 1552 imple-

89 1558 190 1618 verit?
211 1559 309 1636 Aliqui
333 1559 497 1627 affirmant,
517 1558 567 1619 scd
593 1558 775 1638 probabilibs
795 1568 825 1619 et
845 1559 1031 1620 communius
1050 1561 1100 1619 ulii

90 1653 219 1721 negant,
233 1654 322 1724 prout
335 1645 443 1705 dicitur
460 1647 550 1706 Hom.
567 1647 668 1724 Apost.
687 1647 737 1706 Tr.
750 1648 798 1706 79.
811 1665 843 1706 ιι.
863 1647 912 1705 79.
927 1646 961 1706 iu
971 1642 1028 1724 fic.
1044 1645 1097 1724 (l),

90 1729 239 1804 quianon
264 1739 382 1790 7666766
402 1749 470 1790 rcus
491 1730 549 1788 nisi
569 1739 637 1806 post
659 1733 836 1792 sententiam
856 1731 956 1790 subire
981 1749 1098 1808 poenam

90 1813 194 1886 illam,
210 1833 276 1893 quae
294 1817 439 1876 actionem
459 1815 604 1890 requirit3
629 1833 665 1874 ex
684 1815 740 1872 alia
756 1825 855 1874 autern
880 1825 962 1892 parte
984 1833 1100 1876 excom-

90 1900 233 1959 municati
247 1901 363 1959 tolerati
382 1897 479 1960 valide
488 1897 551 1972 jam
561 1907 741 1957 sacramenta
755 1899 943 1968 ministrant,
956 1897 1100 1976 horasque

89 1985 284 2064 persolvunt3
295 1988 335 2046 ita
351 1988 457 2067 Laym.
472 1988 584 2045 Tauro.
600 1979 767 2065 Castropal.
791 1978 884 2044 Salui.
906 1985 1018 2044 Boutta.
1046 1988 1099 2045 Co·

88 2070 193 2132 7ιί76677.
209 2079 239 2130 67
250 2068 307 2131 ulii
320 2068 421 2151 plures
434 2067 512 2146 (Lib.
527 2071 557 2132 4.
578 2087 612 2129 ιι.
627 2068 719 2147 670.)
734 2068 783 2129 Sic
803 2068 892 2127 etium
910 2068 1100 2145 probabiliter

55 2198 57 2202 s
89 2173 153 2217 non
169 2162 289 2215 tenetur
300 2156 337 2215 ad
349 2155 566 2216 restitutionem
575 2154 628 2228 qni
639 2153 817 2212 recitatsine
833 2153 994 2225 attentione
1009 2153 1100 2211 inter·

88 2258 128 2299 na
143 2259 153 2313 3
169 2235 236 2295 oiim
254 2239 370 2315 opinio,
385 2236 466 2315 qubd
479 2236 603 2305 sufficiat
623 2234 659 2294 ad
681 2234 940 2305 satisfaciendum,
955 2236 978 2295 si
993 2233 1100 2295 habea·

88 2331 143 2382 tur
159 2321 303 2391 intentio,
320 2328 351 2381 et
369 2320 493 2380 attentio
506 2327 625 2378 externa
651 2336 712 2379 non
731 2318 770 2379 sit
792 2318 995 2396 improbabilis
1013 2317 1098 2397 juxta

91 2404 216 2483 dicenda
227 2424 258 2465 ιι.
273 2407 323 2467 711.
341 2404 416 2484 (Lib.
434 2406 464 2465 4.
477 2423 510 2465 o.
525 2404 593 2464 669.
605 2410 634 2463 67
649 2399 670 2463 l.
685 2406 713 2463 5.
728 2422 760 2464 ιι.
774 2403 865 2483 777.)

127 2502 384 2563 tib-Preietos
397 2484 577 2565 notandum,
593 2498 626 2557 S.
646 2497 737 2559 Pium
755 2500 786 2559 in
808 2498 926 2579 praeliata
949 2500 1098 2563 Constitu·

90 2588 172 2648 tione
190 2585 368 2663 declarasse,
386 2584 467 2663 qubd
484 2582 672 2657 beneficiati,
692 2585 716 2643 si
737 2586 814 2644 intra
830 2587 942 2661 primos
953 2604 1003 2645 sex
1015 2603 1098 2647 men·

90 2688 136 2732 ses
156 2670 285 2731 officium
303 2672 461 2740 omittant,
474 2667 544 2729 licet
564 2686 625 2729 non
637 2676 796 2727 teneantur
808 2670 848 2732 ad.
863 2669 1096 2740 restitutionem,

6 2753 7 2758 ’
91 2764 191 2821 uruca
207 2771 268 2815 non
286 2763 462 2815 excusantur
479 2752 496 2812 4
514 2760 631 2829 peccato
644 2752 762 2812 mortali
777 2750 864 2831 (Vide
878 2749 899 2812 7.
915 2753 945 2811 4.
961 2770 993 2811 ιι.
1005 2753 1095 2832 ooo).

92 2840 167 2900 llinc
179 2838 303 2900 omnino
320 2838 478 2899 dicendum
488 2836 569 2915 quiid
579 2836 744 2898 beneficiati
757 2881 765 2909 ‚
780 2838 894 2899 etiamsi
913 2838 1024 2897 vellent
1044 2856 1096 2916 pro

92 2940 127 2983 eo
144 2933 278 3001 tempore
296 2923 409 2983 fructus
425 2924 600 2993 restituere,
624 2922 788 2983 omittendo
808 2922 957 2993 officium,
971 2922 1099 2999 graviter

92 3018 230 3086 peccant,
244 3006 313 3069 ciam
329 3010 407 3087 ipsos
423 3009 460 3067 ad
481 3008 611 3068 officium
635 3010 738 3085 quovis
760 3018 896 3085 tempore
917 3010 1041 3067 Ecclesia
1063 3028 1097 3070 cx

92 3095 203 3155 motivo
219 3094 375 3172 religionis
385 3093 577 3155 obstrinxerit
589 3090 622 3172 [l.
639 3096 668 3155 5.
681 3111 714 3154 o.
729 3094 797 3154 746.
812 3096 869 3169 Qu.
881 3091 951 3169 77.)
965 3094 1098 3156 Graviter

119 3264 150 3321 (7)
160 3262 198 3309 ua
207 3263 371 3311 striccitate:
384 3281 396 3304 ι
406 3261 550 3316 Notandum,
561 3262 626 3323 qaod
642 3263 683 3311 7116
693 3262 735 3323 qul
746 3262 961 3309 excommunicatus
980 3264 1025 3311 iuit
1045 3270 1098 3325 post

92 3345 104 3369 ι
120 3327 279 3382 collationem,
291 3341 337 3373 non
357 3335 452 3373 tenetur
471 3328 502 3373 ed
522 3328 682 3375 restituendos
700 3328 793 3373 tructus
817 3326 925 3374 beneficii
942 3340 996 3377 ante
1010 3330 1097 3388 judicis

92 3408 103 3430 ι
121 3392 278 3445 seutentiam,
289 3391 382 3451 quoties
392 3392 442 3451 ipse
457 3406 500 3451 per
515 3406 540 3438 se
551 3400 593 3438 aut
608 3408 651 3453 per
659 3392 715 3437 ulios
726 3390 863 3449 adimplevit
872 3406 943 3440 onera
955 3412 960 3439 ι
972 3395 1005 3441 ita
1017 3394 1098 3453 probu-

93 3472 104 3494 ι
120 3454 217 3502 bilius...
230 3470 261 3503 ex
272 3456 377 3515 generali
392 3456 497 3511 ratione,
510 3458 572 3517 qubtl
583 3471 653 3517 poeuas
664 3470 715 3515 qun
725 3456 849 3516 requirunt
865 3458 981 3506 actionem
995 3458 1097 3515 aliquam

92 3535 104 3558 ι
120 3521 170 3575 rei,
181 3519 288 3581 indicent
297 3534 391 3581 semper
400 3521 528 3577 sententie,
539 3523 623 3569 saltem
634 3521 797 3569 declararant.
813 3540 824 3563 a
946 3584 1003 3629 w

277 3599 280 3602 .
986 3598 1011 3629 Μ
