2475 3975
358 228 408 286 Eoo
424 224 558 305 operibus
569 222 722 286 Benedicti
736 226 826 288 XIV.
1042 230 1099 289 577

89 322 273 402 elisionibus.
298 326 423 385 Roman.
443 325 553 386 Pontii.
576 324 664 386 unici
683 325 936 403 competentibus,
951 327 1025 389 mim
1044 331 1103 392 l00

88 408 126 468 ad
140 407 240 472 mimis
256 426 403 469 annorum
428 411 556 486 spatium
570 409 635 470 sine
653 409 715 469 ulli
732 409 953 488 interruptione
967 432 1103 490 perseve-

87 493 212 554 raverit.
238 491 492 555 Considerandum
517 494 641 572 insuper
662 501 693 555 et
715 492 924 572 potissmium,
948 494 1021 557 ηὺιη
1048 516 1101 576 per

90 594 156 638 eam
175 578 419 641 consuetudinem
440 577 650 660 disrumpatur
666 596 775 640 aucus
794 575 992 641 ecclesiasticos
1013 580 1102 643 disci-

88 659 183 741 pliaae
194 686 204 723 .·
216 673 288 724 ωηο
305 664 386 724 οηίω
400 681 564 741 numquam
582 672 683 725 contra
695 664 791 742 legem
802 665 1015 742 prescribitur.
1028 669 1098 744 Cap.

92 746 167 806 Cum
192 746 289 825 iuter,
306 747 341 809 de
356 756 484 809 consuet.
502 750 600 809 'la-act.
616 747 731 827 deSyn.
748 748 835 809 dioec.
855 749 877 809 l.
889 750 919 809 9.
934 768 960 809 ο.
975 750 1005 810 2.
1027 770 1058 811 η.
1070 753 1099 811 5.

129 831 165 891 ln
186 834 344 894 contractis
362 834 560 893 matrimoniis
589 849 772 911 procorum
799 834 1012 896 revalidotione
1039 854 1100 897 non

92 914 241 995 dispensat
255 918 286 977 S.
299 917 519 979 Poeuitentiaria
536 918 567 977 in
587 916 728 995 gradibus
740 918 879 994 prImoet
892 920 1103 981 secundocon-

87 1001 295 1079 sanguinitatis
317 1001 365 1061 vel
383 1001 532 1061 affinitatis
549 1019 586 1061 ex
602 1002 708 1080 copula
728 1001 828 1077 liciat,
844 1002 901 1063 nisi
915 1003 991 1064 forti
1012 1006 1044 1064 in
1056 1023 1102 1065 se·

89 1085 186 1145 cundo
197 1086 290 1164 gradu
305 1104 359 1165 per
370 1085 832 1149 decenniumduravitoccultum
842 1088 1100 1165 impedimentum,

88 1177 120 1234 ct
131 1170 270 1249 conjuges
282 1180 316 1231 ut
336 1171 463 1251 legitimi
476 1173 605 1250 reputati
622 1171 745 1233 luerint.
760 1174 795 1232 ln
817 1172 941 1250 reliquis
957 1171 1028 1233 verb
1041 1172 1102 1233 dis-

89 1264 214 1332 pensat,
228 1256 305 1315 sieut
319 1255 351 1315 in
366 1255 506 1334 gradibus
522 1264 551 1315 et
566 1257 679 1331 tertio,
696 1266 726 1317 et
738 1265 844 1334 quarto
859 1256 986 1335 publicis
1000 1257 1103 1318 revali-

89 1339 142 1397 dat
153 1340 344 1399 matrimonia
362 1356 399 1399 ex
422 1340 506 1402 eausa
524 1340 638 1400 occulti
656 1340 855 1419 subreptionis
871 1349 902 1401 et
921 1341 1103 1418 obreptionis

87 1421 258 1483 litterarum
269 1424 506 1503 Apostolicorum
532 1424 656 1485 nulllter
681 1432 849 1496 contracta,
870 1425 970 1485 nisisi
993 1425 1102 1485 salsitas

89 1508 229 1569 consistat
242 1509 277 1570 in
296 1510 466 1570 narratione
476 1510 548 1569 salsa
560 1507 752 1589 praecedentis
762 1510 885 1590 copulae.
900 1511 983 1571 bullo
992 1512 1103 1571 Pastor

91 1590 198 1654 bouus.
212 1593 287 1654 Vide
300 1594 369 1654 inst.
380 1595 487 1656 Ecelcs.
504 1596 554 1655 87.

128 1677 159 1735 Si
178 1677 209 1736 in
226 1678 443 1757 dispensatione
460 1678 475 1737 ὲ
493 1680 750 1747 Datoriiobtcnta
769 1680 867 1758 quoad
879 1678 988 1758 gradus
1002 1677 1103 1758 prolui·

91 1759 170 1821 bites
193 1764 352 1822 reticeatur
368 1764 471 1840 copula
488 1780 524 1821 ex
542 1765 627 1823 eausa
648 1764 798 1835 infamiae,
817 1774 891 1823 ωηο
913 1782 993 1823 sacra
1004 1766 1102 1823 Poeni-

91 1846 229 1908 tentiaria
248 1847 398 1925 dispensat
412 1848 443 1905 in
460 1846 862 1920 matrimoniocontraheudo
873 1890 881 1918 ‚
894 1854 924 1906 et
935 1849 1023 1908 ctiam
1037 1866 1102 1907 con·

90 1940 205 2004 tracto,
221 1939 252 1992 at
263 1930 332 1993 edm
351 1932 449 2009 agitur
465 1930 611 2010 deprimo
624 1931 830 1992 insceuudum
847 1931 993 2008 madum,
1011 1932 1102 2010 exigit

91 2019 336 2097 compositionem
365 2017 594 2080 saducaeorum
621 2018 685 2078 auri
703 2017 741 2076 de
762 2017 905 2089 Camerti,
934 2019 991 2079 nisi
1009 2019 1101 2096 gratia

90 2109 175 2189 prior
190 2110 280 2171 suerit
294 2109 429 2188 expedita
448 2110 481 2170 in
495 2109 591 2170 sormi
607 2126 784 2187 pauperum.
800 2108 919 2189 thid.§.
934 2111 982 2170 ll.

132 2197 163 2256 Si
183 2196 216 2256 in
234 2194 609 2276 dispensacionctucurta
629 2195 720 2273 petiti
742 2194 774 2254 iu
794 2194 1019 2273 impedimentis
1036 2213 1102 2273 gra·

79 2283 186 2342 duum
202 2300 335 2360 expressa
356 2283 447 2342 luerit
465 2281 592 2359 copula,
614 2278 702 2340 tacita
721 2288 821 2340 tamon
841 2279 918 2340 malai
938 2280 1102 2342 intentione

91 2364 205 2429 limiliics
221 2367 390 2429 obtinendae
413 2365 664 2445 dispensationis,
688 2371 761 2424 ωηο
778 2365 803 2424 si
819 2365 896 2424 mala
914 2365 1040 2425 intentio
1065 2369 1103 2426 sit

92 2451 228 2525 occulta,
245 2452 395 2531 dispensat
406 2450 669 2512 §.Poenitentiaria
680 2465 750 2509 eum
766 2449 983 2528 miserabilibus
1002 2468 1103 2527 perso-

92 2539 141 2598 nis
157 2536 304 2608 absolutis,
317 2536 516 2615 cumreliquis
525 2537 594 2596 taxa
605 2535 737 2596 delinita.
750 2535 779 2595 Si
793 2534 865 2595 verb
887 2535 989 2613 copula
1002 2533 1102 2596 habita

91 2623 183 2684 luerit
198 2623 359 2694 affinitate,
373 2639 425 2682 seu
435 2623 689 2700 consanguinitate
699 2620 878 2696 nenegant,
894 2628 967 2679 tunc
977 2638 1032 2698 pro
1043 2620 1104 2679 dis·

91 2709 314 2788 pensationibus
341 2716 472 2768 nonest
502 2704 666 2768 necessariis
687 2703 895 2784 exprimenda.
920 2704 993 2764 lnst.
1022 2704 1103 2766 Eccl.

94 2796 145 2854 ut.
161 2813 194 2853 η.
211 2796 261 2854 25.

132 2881 166 2940 ln
179 2876 398 2956 impedimentis
407 2877 529 2939 occultis
537 2875 686 2938 affinitatis
694 2893 729 2936 ex
742 2873 971 2955 eopultilliciti,
984 2873 1104 2934 absente

28 3013 32 3020 .
92 2965 184 3026 ctiam
207 2963 339 3043 periculo
365 2963 569 3024 scandalorum
590 2962 623 3022 iu
652 2968 822 3033 contracto,
846 2969 877 3020 et
899 2957 1102 3021 contrahendo

93 3049 303 3121 rnatrimouio‚
325 3049 356 3108 in
378 3047 443 3108 loro
460 3046 647 3108 conscientia
666 3045 829 3122 dispensat.

131 3135 287 3212 Dispensat
301 3133 390 3194 etiam
407 3133 439 3192 in
458 3130 673 3210 impedimento
697 3129 830 3189 criminis
855 3134 916 3188 tam
941 3144 997 3206 pro
1033 3145 1104 3188 con·

93 3226 206 3290 tracto,
223 3216 311 3296 qu'am
331 3235 387 3296 pro
404 3213 626 3287 contrahendo,
640 3214 693 3275 ubi
713 3214 795 3274 nulla
814 3210 896 3272 adest
913 3212 1103 3272 machinatio.

93 3304 194 3365 Potest
210 3304 300 3362 etiam
315 3301 505 3380 dispensare,
522 3298 641 3378 quaudo
659 3298 758 3379 agitur
771 3297 808 3357 de
823 3295 1047 3358 machinatione
1066 3312 1103 3353 ex

92 3386 304 3468 partctautirm
323 3387 511 3463 alterutrius3
525 3384 557 3445 id
571 3394 670 3462 tamen
687 3380 783 3444 raribs
800 3388 929 3459 praestat.
949 3382 994 3439 lb.
1013 3397 1044 3436 η.
1057 3379 1104 3438 ll.

134 3476 170 3535 lu
189 3472 408 3553 impedimentis
424 3471 572 3549 dispensat
597 3469 687 3528 etiam
718 3468 744 3528 si
774 3466 884 3526 luerint
911 3460 1103 3538 multiplicia,

93 3568 213 3623 sreutet
231 3561 380 3639 dispensat
390 3559 421 3618 in
430 3556 496 3616 iuro
513 3554 699 3615 conscientia
710 3570 764 3629 pro
775 3550 991 3628 legitimatione
1002 3545 1104 3624 prolis,

95 3647 152 3709 uisi
166 3645 216 3707 illa
231 3652 370 3723 concepta
394 3640 525 3705 fueritin
542 3634 701 3700 adulterio.
718 3636 762 3698 tb.
778 3653 810 3697 u.
824 3634 919 3770 ‘'5⁸5‘’
