<?xml version="1.0" encoding="UTF-8"?>
<!DOCTYPE html PUBLIC "-//W3C//DTD XHTML 1.0 Transitional//EN"
    "http://www.w3.org/TR/xhtml1/DTD/xhtml1-transitional.dtd">
<html xmlns="http://www.w3.org/1999/xhtml" xml:lang="en" lang="en">
 <head>
  <title>
</title>
<meta http-equiv="Content-Type" content="text/html;charset=utf-8" />
  <meta name='ocr-system' content='tesseract 3.04.00' />
  <meta name='ocr-capabilities' content='ocr_page ocr_carea ocr_par ocr_line ocrx_word'/>
</head>
<body>
  <div class='ocr_page' id='page_1' title='image "./theologiamorali04heilgoog_0349.png"; bbox 0 0 2475 3975; ppageno 0'>
   <div class='ocr_carea' id='block_1_1' title="bbox 273 189 1204 285">
    <p class='ocr_par' dir='ltr' id='par_1_1' title="bbox 273 189 1204 285">
     <span class='ocr_line' id='line_1_1' title="bbox 273 189 1204 285; baseline 0.011 -33"><span class='ocrx_word' id='word_1_1' title='bbox 273 215 276 221; x_wconf 92' lang='lat'>·</span> <span class='ocrx_word' id='word_1_2' title='bbox 368 189 418 254; x_wconf 77' lang='lat' dir='ltr'><strong>na</strong></span> <span class='ocrx_word' id='word_1_3' title='bbox 429 189 563 274; x_wconf 84' lang='lat' dir='ltr'><strong>operibns</strong></span> <span class='ocrx_word' id='word_1_4' title='bbox 578 189 732 254; x_wconf 73' lang='lat' dir='ltr'><strong><em>Benedicti</em></strong></span> <span class='ocrx_word' id='word_1_5' title='bbox 742 193 794 254; x_wconf 80' lang='lat' dir='ltr'><strong>XI</strong></span> <span class='ocrx_word' id='word_1_6' title='bbox 798 195 830 253; x_wconf 86' lang='lat' dir='ltr'><strong>V.</strong></span> <span class='ocrx_word' id='word_1_7' title='bbox 1045 201 1104 261; x_wconf 64' lang='lat'><strong>525</strong></span> <span class='ocrx_word' id='word_1_8' title='bbox 1199 279 1204 285; x_wconf 13' lang='grc' dir='ltr'>ὁ</span> 
     </span>
    </p>
   </div>
   <div class='ocr_carea' id='block_1_2' title="bbox 91 291 1104 1056">
    <p class='ocr_par' dir='ltr' id='par_1_2' title="bbox 95 291 1104 460">
     <span class='ocr_line' id='line_1_2' title="bbox 95 291 1104 378; baseline 0.005 -21"><span class='ocrx_word' id='word_1_9' title='bbox 95 297 256 378; x_wconf 77' lang='lat' dir='ltr'><strong>praecepti,</strong></span> <span class='ocrx_word' id='word_1_10' title='bbox 275 291 438 358; x_wconf 80' lang='lat' dir='ltr'><strong>dummodo</strong></span> <span class='ocrx_word' id='word_1_11' title='bbox 461 313 540 358; x_wconf 90' lang='lat' dir='ltr'><strong>nunc</strong></span> <span class='ocrx_word' id='word_1_12' title='bbox 556 295 681 368; x_wconf 87' lang='lat' dir='ltr'><strong>doleat,</strong></span> <span class='ocrx_word' id='word_1_13' title='bbox 703 302 734 357; x_wconf 90' lang='lat' dir='ltr'><strong>et</strong></span> <span class='ocrx_word' id='word_1_14' title='bbox 757 303 904 374; x_wconf 77' lang='lat' dir='ltr'><strong>proponat</strong></span> <span class='ocrx_word' id='word_1_15' title='bbox 921 298 1104 363; x_wconf 85' lang='lat' dir='ltr'><strong>emendatio·</strong></span> 
     </span>
     <span class='ocr_line' id='line_1_3' title="bbox 95 378 1029 460; baseline -0.003 -18"><span class='ocrx_word' id='word_1_16' title='bbox 95 401 183 452; x_wconf 79' lang='lat' dir='ltr'><strong>nom,</strong></span> <span class='ocrx_word' id='word_1_17' title='bbox 201 382 310 442; x_wconf 86' lang='lat' dir='ltr'><strong>absolvi</strong></span> <span class='ocrx_word' id='word_1_18' title='bbox 324 381 427 460; x_wconf 87' lang='lat' dir='ltr'><strong>utique</strong></span> <span class='ocrx_word' id='word_1_19' title='bbox 440 388 557 460; x_wconf 82' lang='lat' dir='ltr'><strong>potest,</strong></span> <span class='ocrx_word' id='word_1_20' title='bbox 569 387 604 440; x_wconf 94' lang='lat' dir='ltr'><strong>ut</strong></span> <span class='ocrx_word' id='word_1_21' title='bbox 618 399 655 442; x_wconf 84' lang='lat' dir='ltr'><strong>ex</strong></span> <span class='ocrx_word' id='word_1_22' title='bbox 669 378 825 458; x_wconf 81' lang='lat' dir='ltr'><strong>theologis.</strong></span> <span class='ocrx_word' id='word_1_23' title='bbox 840 380 918 440; x_wconf 88' lang='lat' dir='ltr'><strong>ibid.</strong></span> <span class='ocrx_word' id='word_1_24' title='bbox 1020 382 1029 392; x_wconf 83' lang='lat'><strong><em>&#39;</em></strong></span> 
     </span>
    </p>

    <p class='ocr_par' dir='ltr' id='par_1_3' title="bbox 93 465 1104 717">
     <span class='ocr_line' id='line_1_4' title="bbox 134 465 1103 547; baseline 0.001 -20"><span class='ocrx_word' id='word_1_25' title='bbox 134 467 254 529; x_wconf 89' lang='lat' dir='ltr'><strong>Paroohi</strong></span> <span class='ocrx_word' id='word_1_26' title='bbox 269 467 393 528; x_wconf 76' lang='lat' dir='ltr'><strong>doceant</strong></span> <span class='ocrx_word' id='word_1_27' title='bbox 419 484 526 544; x_wconf 87' lang='lat' dir='ltr'><strong>pueros</strong></span> <span class='ocrx_word' id='word_1_28' title='bbox 547 465 652 527; x_wconf 81' lang='lat' dir='ltr'><strong>diebus</strong></span> <span class='ocrx_word' id='word_1_29' title='bbox 676 467 781 526; x_wconf 83' lang='lat' dir='ltr'><strong>saitem</strong></span> <span class='ocrx_word' id='word_1_30' title='bbox 808 465 967 526; x_wconf 80' lang='lat' dir='ltr'><strong>dominicis</strong></span> <span class='ocrx_word' id='word_1_31' title='bbox 980 467 1103 547; x_wconf 79' lang='lat' dir='ltr'><strong>aliisque</strong></span> 
     </span>
     <span class='ocr_line' id='line_1_5' title="bbox 94 549 1104 632; baseline 0.002 -19"><span class='ocrx_word' id='word_1_32' title='bbox 94 549 173 613; x_wconf 85' lang='lat' dir='ltr'><strong>sestis</strong></span> <span class='ocrx_word' id='word_1_33' title='bbox 182 553 219 614; x_wconf 87' lang='lat' dir='ltr'><strong>de</strong></span> <span class='ocrx_word' id='word_1_34' title='bbox 229 561 375 632; x_wconf 76' lang='lat' dir='ltr'><strong>praecepto</strong></span> <span class='ocrx_word' id='word_1_35' title='bbox 386 549 551 613; x_wconf 78' lang='lat' dir='ltr'><strong>doctrinam</strong></span> <span class='ocrx_word' id='word_1_36' title='bbox 565 550 775 622; x_wconf 84' lang='lat' dir='ltr'><strong>christianam,</strong></span> <span class='ocrx_word' id='word_1_37' title='bbox 786 551 868 610; x_wconf 87' lang='lat' dir='ltr'><strong>omni</strong></span> <span class='ocrx_word' id='word_1_38' title='bbox 879 551 1104 614; x_wconf 78' lang='lat' dir='ltr'><strong>contraridcon·</strong></span> 
     </span>
     <span class='ocr_line' id='line_1_6' title="bbox 93 633 888 717; baseline -0.004 -20"><span class='ocrx_word' id='word_1_39' title='bbox 93 637 250 698; x_wconf 81' lang='lat' dir='ltr'><strong>suetudine</strong></span> <span class='ocrx_word' id='word_1_40' title='bbox 261 633 380 717; x_wconf 77' lang='lat' dir='ltr'><strong>penitius</strong></span> <span class='ocrx_word' id='word_1_41' title='bbox 395 635 509 697; x_wconf 74' lang='lat' dir='ltr'><strong>sublati</strong></span> <span class='ocrx_word' id='word_1_42' title='bbox 521 681 529 708; x_wconf 89' lang='lat'>‚</span> <span class='ocrx_word' id='word_1_43' title='bbox 541 635 661 717; x_wconf 85' lang='lat' dir='ltr'><strong>Encycl.</strong></span> <span class='ocrx_word' id='word_1_44' title='bbox 680 635 735 697; x_wconf 70' lang='lat' dir='ltr'><strong>uta·</strong></span> <span class='ocrx_word' id='word_1_45' title='bbox 746 635 888 715; x_wconf 75' lang='lat' dir='ltr'><strong>primone.</strong></span> 
     </span>
    </p>

    <p class='ocr_par' dir='ltr' id='par_1_4' title="bbox 91 719 1103 1056">
     <span class='ocr_line' id='line_1_7' title="bbox 132 719 1103 792; baseline 0.001 -11"><span class='ocrx_word' id='word_1_46' title='bbox 132 724 167 781; x_wconf 91' lang='lat' dir='ltr'><strong>tn</strong></span> <span class='ocrx_word' id='word_1_47' title='bbox 180 721 261 782; x_wconf 83' lang='lat' dir='ltr'><strong>bulla</strong></span> <span class='ocrx_word' id='word_1_48' title='bbox 273 721 342 782; x_wconf 80' lang='lat' dir='ltr'><strong>Etsi</strong></span> <span class='ocrx_word' id='word_1_49' title='bbox 347 719 484 792; x_wconf 73' lang='lat' dir='ltr'><strong>asininae</strong></span> <span class='ocrx_word' id='word_1_50' title='bbox 499 731 601 782; x_wconf 87' lang='lat' dir='ltr'><strong>mouet</strong></span> <span class='ocrx_word' id='word_1_51' title='bbox 614 721 748 781; x_wconf 77' lang='lat' dir='ltr'><strong>Pontifex</strong></span> <span class='ocrx_word' id='word_1_52' title='bbox 759 728 795 780; x_wconf 87' lang='lat' dir='ltr'><strong>ut</strong></span> <span class='ocrx_word' id='word_1_53' title='bbox 805 720 1000 781; x_wconf 80' lang='lat' dir='ltr'><strong>confessarius</strong></span> <span class='ocrx_word' id='word_1_54' title='bbox 1010 721 1103 782; x_wconf 81' lang='lat' dir='ltr'><strong>fixum</strong></span> 
     </span>
     <span class='ocr_line' id='line_1_8' title="bbox 93 801 1102 878; baseline -0.001 -12"><span class='ocrx_word' id='word_1_55' title='bbox 93 806 193 867; x_wconf 89' lang='lat' dir='ltr'><strong>animo</strong></span> <span class='ocrx_word' id='word_1_56' title='bbox 211 813 310 866; x_wconf 88' lang='lat' dir='ltr'><strong>teneat</strong></span> <span class='ocrx_word' id='word_1_57' title='bbox 332 801 498 868; x_wconf 79' lang='lat' dir='ltr'><strong>inualidum</strong></span> <span class='ocrx_word' id='word_1_58' title='bbox 515 823 576 868; x_wconf 81' lang='lat' dir='ltr'><strong>esec</strong></span> <span class='ocrx_word' id='word_1_59' title='bbox 601 801 814 866; x_wconf 68' lang='lat' dir='ltr'><strong>absolutionem</strong></span> <span class='ocrx_word' id='word_1_60' title='bbox 835 803 1102 878; x_wconf 79' lang='lat' dir='ltr'><strong>meronentotcm,</strong></span> 
     </span>
     <span class='ocr_line' id='line_1_9' title="bbox 92 887 1101 972; baseline -0.001 -22"><span class='ocrx_word' id='word_1_61' title='bbox 92 907 184 970; x_wconf 83' lang='lat' dir='ltr'><strong>qnam</strong></span> <span class='ocrx_word' id='word_1_62' title='bbox 214 889 282 970; x_wconf 82' lang='lat' dir='ltr'><strong>quis</strong></span> <span class='ocrx_word' id='word_1_63' title='bbox 310 889 464 972; x_wconf 73' lang='lat' dir='ltr'><strong>ipnornnti</strong></span> <span class='ocrx_word' id='word_1_64' title='bbox 492 907 539 952; x_wconf 84' lang='lat' dir='ltr'><strong>res</strong></span> <span class='ocrx_word' id='word_1_65' title='bbox 573 887 755 950; x_wconf 83' lang='lat' dir='ltr'><strong>necessarias</strong></span> <span class='ocrx_word' id='word_1_66' title='bbox 794 888 961 951; x_wconf 75' lang='lat' dir='ltr'><strong>necestitate</strong></span> <span class='ocrx_word' id='word_1_67' title='bbox 990 889 1101 967; x_wconf 82' lang='lat' dir='ltr'><strong>medii,</strong></span> 
     </span>
     <span class='ocr_line' id='line_1_10' title="bbox 91 971 272 1056; baseline 0.012 -22"><span class='ocrx_word' id='word_1_68' title='bbox 91 971 272 1056; x_wconf 79' lang='lat' dir='ltr'><strong>impertitur</strong></span> 
     </span>
    </p>
   </div>
   <div class='ocr_carea' id='block_1_3' title="bbox 550 1137 636 1198">
    <p class='ocr_par' dir='ltr' id='par_1_5' title="bbox 550 1137 636 1198">
     <span class='ocr_line' id='line_1_11' title="bbox 550 1137 636 1198; baseline -0.023 0"><span class='ocrx_word' id='word_1_69' title='bbox 550 1137 636 1198; x_wconf 78' lang='lat' dir='ltr'><strong>DOS.</strong></span> 
     </span>
    </p>
   </div>
   <div class='ocr_carea' id='block_1_4' title="bbox 86 1309 1103 1734">
    <p class='ocr_par' dir='ltr' id='par_1_6' title="bbox 86 1309 1103 1734">
     <span class='ocr_line' id='line_1_12' title="bbox 100 1309 1103 1394; baseline 0.002 -18"><span class='ocrx_word' id='word_1_70' title='bbox 100 1327 106 1342; x_wconf 89' lang='lat'><strong>·</strong></span> <span class='ocrx_word' id='word_1_71' title='bbox 131 1319 207 1377; x_wconf 86' lang='lat' dir='ltr'><strong>cum</strong></span> <span class='ocrx_word' id='word_1_72' title='bbox 229 1309 426 1394; x_wconf 59' lang='lat' dir='ltr'><strong>puellismuae</strong></span> <span class='ocrx_word' id='word_1_73' title='bbox 446 1313 576 1394; x_wconf 80' lang='lat' dir='ltr'><strong>virgineo</strong></span> <span class='ocrx_word' id='word_1_74' title='bbox 592 1333 654 1376; x_wconf 90' lang='lat' dir='ltr'><strong>nou</strong></span> <span class='ocrx_word' id='word_1_75' title='bbox 671 1325 762 1388; x_wconf 80' lang='lat' dir='ltr'><strong>aunt,</strong></span> <span class='ocrx_word' id='word_1_76' title='bbox 780 1321 948 1394; x_wconf 81' lang='lat' dir='ltr'><strong>petuntque</strong></span> <span class='ocrx_word' id='word_1_77' title='bbox 972 1312 1103 1381; x_wconf 77' lang='lat' dir='ltr'><strong>missidia</strong></span> 
     </span>
     <span class='ocr_line' id='line_1_13' title="bbox 89 1397 1103 1477; baseline 0 -15"><span class='ocrx_word' id='word_1_78' title='bbox 89 1399 201 1462; x_wconf 89' lang='lat' dir='ltr'><strong>dotalia</strong></span> <span class='ocrx_word' id='word_1_79' title='bbox 219 1400 320 1459; x_wconf 84' lang='lat' dir='ltr'><strong>relicta</strong></span> <span class='ocrx_word' id='word_1_80' title='bbox 336 1397 517 1477; x_wconf 80' lang='lat' dir='ltr'><strong>virginibus,</strong></span> <span class='ocrx_word' id='word_1_81' title='bbox 536 1400 692 1477; x_wconf 83' lang='lat' dir='ltr'><strong>dispensat</strong></span> <span class='ocrx_word' id='word_1_82' title='bbox 711 1401 743 1459; x_wconf 91' lang='lat' dir='ltr'><strong>in</strong></span> <span class='ocrx_word' id='word_1_83' title='bbox 763 1401 911 1470; x_wconf 84' lang='lat' dir='ltr'><strong>occultis,</strong></span> <span class='ocrx_word' id='word_1_84' title='bbox 934 1405 967 1458; x_wconf 92' lang='lat' dir='ltr'><strong>et</strong></span> <span class='ocrx_word' id='word_1_85' title='bbox 985 1399 1017 1460; x_wconf 91' lang='lat' dir='ltr'><strong>in</strong></span> <span class='ocrx_word' id='word_1_86' title='bbox 1037 1401 1103 1462; x_wconf 84' lang='lat' dir='ltr'><strong>toro</strong></span> 
     </span>
     <span class='ocr_line' id='line_1_14' title="bbox 89 1479 1101 1560; baseline -0.001 -15"><span class='ocrx_word' id='word_1_87' title='bbox 89 1479 277 1549; x_wconf 79' lang='lat' dir='ltr'><strong>conscientiae</strong></span> <span class='ocrx_word' id='word_1_88' title='bbox 292 1482 409 1544; x_wconf 78' lang='lat' dir='ltr'><strong>tannim</strong></span> <span class='ocrx_word' id='word_1_89' title='bbox 430 1482 524 1560; x_wconf 80' lang='lat' dir='ltr'><strong>major</strong></span> <span class='ocrx_word' id='word_1_90' title='bbox 540 1485 779 1546; x_wconf 83' lang='lat' dir='ltr'><strong>Poenitcntiarius</strong></span> <span class='ocrx_word' id='word_1_91' title='bbox 795 1492 856 1545; x_wconf 91' lang='lat' dir='ltr'><strong>tam</strong></span> <span class='ocrx_word' id='word_1_92' title='bbox 874 1501 932 1560; x_wconf 92' lang='lat' dir='ltr'><strong>pro</strong></span> <span class='ocrx_word' id='word_1_93' title='bbox 951 1484 1101 1558; x_wconf 75' lang='lat' dir='ltr'><strong>obtentio,</strong></span> 
     </span>
     <span class='ocr_line' id='line_1_15' title="bbox 86 1567 1102 1648; baseline 0.001 -19"><span class='ocrx_word' id='word_1_94' title='bbox 86 1567 179 1648; x_wconf 71' lang='lat' dir='ltr'><strong>quim</strong></span> <span class='ocrx_word' id='word_1_95' title='bbox 203 1587 258 1648; x_wconf 88' lang='lat' dir='ltr'><strong>pro</strong></span> <span class='ocrx_word' id='word_1_96' title='bbox 282 1568 471 1644; x_wconf 80' lang='lat' dir='ltr'><strong>obtinendis,</strong></span> <span class='ocrx_word' id='word_1_97' title='bbox 496 1569 642 1646; x_wconf 79' lang='lat' dir='ltr'><strong>quotenus</strong></span> <span class='ocrx_word' id='word_1_98' title='bbox 663 1569 781 1631; x_wconf 81' lang='lat' dir='ltr'><strong>tanturn</strong></span> <span class='ocrx_word' id='word_1_99' title='bbox 808 1569 869 1630; x_wconf 78' lang='lat' dir='ltr'><strong>illae</strong></span> <span class='ocrx_word' id='word_1_100' title='bbox 894 1570 926 1630; x_wconf 88' lang='lat' dir='ltr'><strong>in</strong></span> <span class='ocrx_word' id='word_1_101' title='bbox 949 1568 1102 1648; x_wconf 75' lang='lat' dir='ltr'><strong>patiemim</strong></span> 
     </span>
     <span class='ocr_line' id='line_1_16' title="bbox 88 1649 893 1734; baseline 0.004 -21"><span class='ocrx_word' id='word_1_102' title='bbox 88 1649 430 1716; x_wconf 71' lang='lat' dir='ltr'><strong>uonocenvannnun</strong></span> <span class='ocrx_word' id='word_1_103' title='bbox 445 1655 556 1716; x_wconf 81' lang='lat' dir='ltr'><strong>Pastor</strong></span> <span class='ocrx_word' id='word_1_104' title='bbox 565 1655 689 1734; x_wconf 77' lang='lat' dir='ltr'><strong>Bonan,</strong></span> <span class='ocrx_word' id='word_1_105' title='bbox 711 1663 768 1716; x_wconf 86' lang='lat' dir='ltr'><strong>etc.</strong></span> <span class='ocrx_word' id='word_1_106' title='bbox 888 1672 893 1682; x_wconf 89' lang='lat'><em>·</em></span> 
     </span>
    </p>
   </div>
   <div class='ocr_carea' id='block_1_5' title="bbox 500 1847 691 1908">
    <p class='ocr_par' dir='ltr' id='par_1_7' title="bbox 500 1847 691 1908">
     <span class='ocr_line' id='line_1_17' title="bbox 500 1847 691 1908; baseline 0.011 -2"><span class='ocrx_word' id='word_1_107' title='bbox 500 1847 691 1908; x_wconf 79' lang='lat' dir='ltr'><strong>uuuttuu.</strong></span> 
     </span>
    </p>
   </div>
   <div class='ocr_carea' id='block_1_6' title="bbox 90 2011 1105 2195">
    <p class='ocr_par' dir='ltr' id='par_1_8' title="bbox 90 2011 1105 2195">
     <span class='ocr_line' id='line_1_18' title="bbox 130 2011 1105 2111; baseline 0 -21"><span class='ocrx_word' id='word_1_108' title='bbox 130 2026 242 2097; x_wconf 84' lang='lat' dir='ltr'><strong>Bened.</strong></span> <span class='ocrx_word' id='word_1_109' title='bbox 252 2024 343 2090; x_wconf 83' lang='lat' dir='ltr'><strong><em>XIV.</em></strong></span> <span class='ocrx_word' id='word_1_110' title='bbox 357 2043 439 2087; x_wconf 86' lang='lat' dir='ltr'><strong>anno</strong></span> <span class='ocrx_word' id='word_1_111' title='bbox 453 2024 538 2087; x_wconf 76' lang='lat' dir='ltr'><strong>itte.</strong></span> <span class='ocrx_word' id='word_1_112' title='bbox 552 2022 598 2086; x_wconf 88' lang='lat' dir='ltr'><strong>die</strong></span> <span class='ocrx_word' id='word_1_113' title='bbox 610 2026 671 2088; x_wconf 86' lang='lat' dir='ltr'><strong>IV.</strong></span> <span class='ocrx_word' id='word_1_114' title='bbox 682 2023 756 2089; x_wconf 84' lang='lat' dir='ltr'><strong>Idus</strong></span> <span class='ocrx_word' id='word_1_115' title='bbox 771 2024 945 2089; x_wconf 82' lang='lat' dir='ltr'><strong>Novembris</strong></span> <span class='ocrx_word' id='word_1_116' title='bbox 965 2026 1020 2090; x_wconf 76' lang='lat' dir='ltr'><strong>iios</strong></span> <span class='ocrx_word' id='word_1_117' title='bbox 1031 2011 1105 2111; x_wconf 69' lang='lat' dir='ltr'><strong>prro·v</strong></span> 
     </span>
     <span class='ocr_line' id='line_1_19' title="bbox 90 2108 801 2195; baseline -0.006 -20"><span class='ocrx_word' id='word_1_118' title='bbox 90 2115 250 2195; x_wconf 78' lang='lat' dir='ltr'><strong>positiones</strong></span> <span class='ocrx_word' id='word_1_119' title='bbox 262 2108 302 2172; x_wconf 88' lang='lat' dir='ltr'><strong>od</strong></span> <span class='ocrx_word' id='word_1_120' title='bbox 313 2108 446 2172; x_wconf 84' lang='lat' dir='ltr'><strong>dneltnm</strong></span> <span class='ocrx_word' id='word_1_121' title='bbox 459 2108 618 2171; x_wconf 85' lang='lat' dir='ltr'><strong>attinentes</strong></span> <span class='ocrx_word' id='word_1_122' title='bbox 634 2108 801 2173; x_wconf 74' lang='lat' dir='ltr'><strong>dontnmit</strong></span> 
     </span>
    </p>
   </div>
   <div class='ocr_carea' id='block_1_7' title="bbox 82 2208 1104 3582">
    <p class='ocr_par' dir='ltr' id='par_1_9' title="bbox 82 2208 1104 2715">
     <span class='ocr_line' id='line_1_20' title="bbox 131 2208 1101 2289; baseline -0.002 -14"><span class='ocrx_word' id='word_1_123' title='bbox 131 2216 157 2275; x_wconf 86' lang='lat'><strong>1.</strong></span> <span class='ocrx_word' id='word_1_124' title='bbox 177 2213 233 2273; x_wconf 87' lang='lat' dir='ltr'><strong>Vir</strong></span> <span class='ocrx_word' id='word_1_125' title='bbox 251 2210 408 2283; x_wconf 85' lang='lat' dir='ltr'><strong>militaris,</strong></span> <span class='ocrx_word' id='word_1_126' title='bbox 427 2211 480 2289; x_wconf 82' lang='lat' dir='ltr'><strong>qui</strong></span> <span class='ocrx_word' id='word_1_127' title='bbox 504 2210 560 2271; x_wconf 90' lang='lat' dir='ltr'><strong>nisi</strong></span> <span class='ocrx_word' id='word_1_128' title='bbox 582 2208 707 2283; x_wconf 79' lang='lat' dir='ltr'><strong>offerat,</strong></span> <span class='ocrx_word' id='word_1_129' title='bbox 725 2210 773 2270; x_wconf 87' lang='lat' dir='ltr'><strong>rel</strong></span> <span class='ocrx_word' id='word_1_130' title='bbox 791 2218 922 2289; x_wconf 85' lang='lat' dir='ltr'><strong>acceptet</strong></span> <span class='ocrx_word' id='word_1_131' title='bbox 949 2209 1101 2285; x_wconf 83' lang='lat' dir='ltr'><strong>duellum,</strong></span> 
     </span>
     <span class='ocr_line' id='line_1_21' title="bbox 82 2292 1104 2395; baseline -0.006 -34"><span class='ocrx_word' id='word_1_132' title='bbox 82 2307 244 2395; x_wconf 73' lang='lat' dir='ltr'><strong>,nmquam</strong></span> <span class='ocrx_word' id='word_1_133' title='bbox 257 2294 484 2367; x_wconf 74' lang='lat' dir='ltr'><strong>formidolosus,</strong></span> <span class='ocrx_word' id='word_1_134' title='bbox 496 2292 636 2365; x_wconf 85' lang='lat' dir='ltr'><strong>timidus,</strong></span> <span class='ocrx_word' id='word_1_135' title='bbox 650 2294 797 2373; x_wconf 81' lang='lat' dir='ltr'><strong>abjectus,</strong></span> <span class='ocrx_word' id='word_1_136' title='bbox 813 2305 844 2357; x_wconf 91' lang='lat' dir='ltr'><strong>et</strong></span> <span class='ocrx_word' id='word_1_137' title='bbox 863 2295 901 2358; x_wconf 88' lang='lat' dir='ltr'><strong>ad</strong></span> <span class='ocrx_word' id='word_1_138' title='bbox 916 2294 1011 2358; x_wconf 86' lang='lat' dir='ltr'><strong>officia</strong></span> <span class='ocrx_word' id='word_1_139' title='bbox 1023 2298 1104 2357; x_wconf 90' lang='lat' dir='ltr'><strong>mili-</strong></span> 
     </span>
     <span class='ocr_line' id='line_1_22' title="bbox 90 2376 1104 2459; baseline -0.001 -16"><span class='ocrx_word' id='word_1_140' title='bbox 90 2383 166 2443; x_wconf 82' lang='lat' dir='ltr'><strong>taria</strong></span> <span class='ocrx_word' id='word_1_141' title='bbox 193 2382 313 2459; x_wconf 84' lang='lat' dir='ltr'><strong>ineptus</strong></span> <span class='ocrx_word' id='word_1_142' title='bbox 332 2376 512 2451; x_wconf 84' lang='lat' dir='ltr'><strong>haberetur,</strong></span> <span class='ocrx_word' id='word_1_143' title='bbox 537 2376 667 2456; x_wconf 81' lang='lat' dir='ltr'><strong>indeque</strong></span> <span class='ocrx_word' id='word_1_144' title='bbox 684 2379 796 2451; x_wconf 89' lang='lat' dir='ltr'><strong>officio,</strong></span> <span class='ocrx_word' id='word_1_145' title='bbox 818 2398 878 2458; x_wconf 92' lang='lat' dir='ltr'><strong>quo</strong></span> <span class='ocrx_word' id='word_1_146' title='bbox 899 2398 950 2453; x_wconf 81' lang='lat' dir='ltr'><strong>so,</strong></span> <span class='ocrx_word' id='word_1_147' title='bbox 975 2398 1104 2459; x_wconf 89' lang='lat' dir='ltr'><strong>suosque</strong></span> 
     </span>
     <span class='ocr_line' id='line_1_23' title="bbox 90 2464 1102 2547; baseline -0.004 -18"><span class='ocrx_word' id='word_1_148' title='bbox 90 2472 254 2539; x_wconf 83' lang='lat' dir='ltr'><strong>sustentat,</strong></span> <span class='ocrx_word' id='word_1_149' title='bbox 276 2464 461 2545; x_wconf 82' lang='lat' dir='ltr'><strong>privaretur,</strong></span> <span class='ocrx_word' id='word_1_150' title='bbox 481 2464 528 2526; x_wconf 83' lang='lat' dir='ltr'><strong>vel</strong></span> <span class='ocrx_word' id='word_1_151' title='bbox 549 2464 745 2547; x_wconf 84' lang='lat' dir='ltr'><strong>promotionis</strong></span> <span class='ocrx_word' id='word_1_152' title='bbox 758 2464 830 2527; x_wconf 80' lang='lat' dir='ltr'><strong>aliis</strong></span> <span class='ocrx_word' id='word_1_153' title='bbox 844 2464 901 2527; x_wconf 83' lang='lat' dir='ltr'><strong>sihi</strong></span> <span class='ocrx_word' id='word_1_154' title='bbox 923 2464 1049 2542; x_wconf 74' lang='lat' dir='ltr'><strong>debito,</strong></span> <span class='ocrx_word' id='word_1_155' title='bbox 1067 2483 1102 2525; x_wconf 89' lang='lat' dir='ltr'><strong>ac</strong></span> 
     </span>
     <span class='ocr_line' id='line_1_24' title="bbox 90 2548 1100 2649; baseline 0 -38"><span class='ocrx_word' id='word_1_156' title='bbox 90 2551 259 2649; x_wconf 76' lang='lat' dir='ltr'><strong>promeritae</strong></span> <span class='ocrx_word' id='word_1_157' title='bbox 271 2566 324 2627; x_wconf 86' lang='lat' dir='ltr'><strong>spo</strong></span> <span class='ocrx_word' id='word_1_158' title='bbox 336 2548 479 2647; x_wconf 76' lang='lat' dir='ltr'><strong>perpetui</strong></span> <span class='ocrx_word' id='word_1_159' title='bbox 497 2567 597 2611; x_wconf 87' lang='lat' dir='ltr'><strong>carere</strong></span> <span class='ocrx_word' id='word_1_160' title='bbox 608 2548 753 2610; x_wconf 86' lang='lat' dir='ltr'><strong>deberet·</strong></span> <span class='ocrx_word' id='word_1_161' title='bbox 769 2550 856 2629; x_wconf 73' lang='lat' dir='ltr'><strong>culpi</strong></span> <span class='ocrx_word' id='word_1_162' title='bbox 869 2558 902 2610; x_wconf 89' lang='lat' dir='ltr'><strong>et</strong></span> <span class='ocrx_word' id='word_1_163' title='bbox 915 2553 1003 2629; x_wconf 76' lang='lat' dir='ltr'><strong>prena</strong></span> <span class='ocrx_word' id='word_1_164' title='bbox 1015 2569 1100 2611; x_wconf 88' lang='lat' dir='ltr'><strong>vaca·</strong></span> 
     </span>
     <span class='ocr_line' id='line_1_25' title="bbox 90 2634 750 2715; baseline 0.002 -20"><span class='ocrx_word' id='word_1_165' title='bbox 90 2644 157 2709; x_wconf 84' lang='lat' dir='ltr'><strong>ret,</strong></span> <span class='ocrx_word' id='word_1_166' title='bbox 169 2636 231 2697; x_wconf 84' lang='lat' dir='ltr'><strong>sive</strong></span> <span class='ocrx_word' id='word_1_167' title='bbox 244 2634 367 2708; x_wconf 81' lang='lat' dir='ltr'><strong>offerat,</strong></span> <span class='ocrx_word' id='word_1_168' title='bbox 380 2635 443 2695; x_wconf 87' lang='lat' dir='ltr'><strong>sive</strong></span> <span class='ocrx_word' id='word_1_169' title='bbox 463 2641 592 2715; x_wconf 83' lang='lat' dir='ltr'><strong>acceptet</strong></span> <span class='ocrx_word' id='word_1_170' title='bbox 604 2634 750 2698; x_wconf 84' lang='lat' dir='ltr'><strong>duellum</strong></span> 
     </span>
    </p>

    <p class='ocr_par' dir='ltr' id='par_1_10' title="bbox 90 2704 1102 3059">
     <span class='ocr_line' id='line_1_26' title="bbox 128 2704 1102 2805; baseline 0.006 -20"><span class='ocrx_word' id='word_1_171' title='bbox 128 2729 168 2787; x_wconf 86' lang='lat' dir='ltr'><strong>n.</strong></span> <span class='ocrx_word' id='word_1_172' title='bbox 192 2726 329 2789; x_wconf 82' lang='lat' dir='ltr'><strong>Excusari</strong></span> <span class='ocrx_word' id='word_1_173' title='bbox 351 2734 474 2805; x_wconf 75' lang='lat' dir='ltr'><strong>possunt</strong></span> <span class='ocrx_word' id='word_1_174' title='bbox 491 2728 586 2787; x_wconf 83' lang='lat' dir='ltr'><strong>etiam</strong></span> <span class='ocrx_word' id='word_1_175' title='bbox 604 2724 728 2788; x_wconf 82' lang='lat' dir='ltr'><strong>honoris</strong></span> <span class='ocrx_word' id='word_1_176' title='bbox 747 2724 871 2800; x_wconf 85' lang='lat' dir='ltr'><strong>tuendi,</strong></span> <span class='ocrx_word' id='word_1_177' title='bbox 890 2704 939 2801; x_wconf 76' lang='lat' dir='ltr'><strong>uel</strong></span> <span class='ocrx_word' id='word_1_178' title='bbox 963 2723 1102 2790; x_wconf 77' lang='lat' dir='ltr'><strong>humanae</strong></span> 
     </span>
     <span class='ocr_line' id='line_1_27' title="bbox 91 2810 1102 2890; baseline 0.001 -17"><span class='ocrx_word' id='word_1_179' title='bbox 91 2812 292 2890; x_wconf 76' lang='lat' dir='ltr'><strong>vilipensionis</strong></span> <span class='ocrx_word' id='word_1_180' title='bbox 303 2810 431 2871; x_wconf 78' lang='lat' dir='ltr'><strong>ortandae</strong></span> <span class='ocrx_word' id='word_1_181' title='bbox 440 2812 532 2890; x_wconf 80' lang='lat' dir='ltr'><strong>grani</strong></span> <span class='ocrx_word' id='word_1_182' title='bbox 542 2810 676 2872; x_wconf 89' lang='lat' dir='ltr'><strong>duellum</strong></span> <span class='ocrx_word' id='word_1_183' title='bbox 685 2815 889 2889; x_wconf 78' lang='lat' dir='ltr'><strong>acceptantes</strong></span> <span class='ocrx_word' id='word_1_184' title='bbox 903 2810 1001 2879; x_wconf 73' lang='lat' dir='ltr'><strong>velud</strong></span> <span class='ocrx_word' id='word_1_185' title='bbox 1015 2811 1102 2875; x_wconf 87' lang='lat' dir='ltr'><strong>iilum</strong></span> 
     </span>
     <span class='ocr_line' id='line_1_28' title="bbox 90 2894 1101 2976; baseline 0.006 -21"><span class='ocrx_word' id='word_1_186' title='bbox 90 2906 305 2975; x_wconf 34' lang='lat' dir='ltr'><strong>provwooantes</strong></span> <span class='ocrx_word' id='word_1_187' title='bbox 319 2894 439 2973; x_wconf 82' lang='lat' dir='ltr'><strong>quando</strong></span> <span class='ocrx_word' id='word_1_188' title='bbox 458 2894 538 2957; x_wconf 79' lang='lat' dir='ltr'><strong>certo</strong></span> <span class='ocrx_word' id='word_1_189' title='bbox 557 2896 654 2957; x_wconf 86' lang='lat' dir='ltr'><strong>sciunt</strong></span> <span class='ocrx_word' id='word_1_190' title='bbox 671 2913 804 2976; x_wconf 77' lang='lat' dir='ltr'><strong>pugnam</strong></span> <span class='ocrx_word' id='word_1_191' title='bbox 825 2914 887 2960; x_wconf 83' lang='lat' dir='ltr'><strong>non</strong></span> <span class='ocrx_word' id='word_1_192' title='bbox 904 2914 968 2958; x_wconf 79' lang='lat' dir='ltr'><strong>ease</strong></span> <span class='ocrx_word' id='word_1_193' title='bbox 983 2906 1101 2961; x_wconf 83' lang='lat' dir='ltr'><strong>secutu-</strong></span> 
     </span>
     <span class='ocr_line' id='line_1_29' title="bbox 92 2978 677 3059; baseline 0.002 -20"><span class='ocrx_word' id='word_1_194' title='bbox 92 2996 157 3040; x_wconf 86' lang='lat' dir='ltr'><strong>ram</strong></span> <span class='ocrx_word' id='word_1_195' title='bbox 170 2986 296 3059; x_wconf 87' lang='lat' dir='ltr'><strong>utpote</strong></span> <span class='ocrx_word' id='word_1_196' title='bbox 307 2980 345 3041; x_wconf 86' lang='lat' dir='ltr'><strong>ab</strong></span> <span class='ocrx_word' id='word_1_197' title='bbox 365 2979 430 3039; x_wconf 89' lang='lat' dir='ltr'><strong>aliis</strong></span> <span class='ocrx_word' id='word_1_198' title='bbox 449 2978 677 3059; x_wconf 88' lang='lat' dir='ltr'><strong>impediendam.</strong></span> 
     </span>
    </p>

    <p class='ocr_par' dir='ltr' id='par_1_11' title="bbox 93 3071 1101 3302">
     <span class='ocr_line' id='line_1_30' title="bbox 130 3071 1101 3150; baseline 0.001 -19"><span class='ocrx_word' id='word_1_199' title='bbox 130 3073 182 3132; x_wconf 84' lang='lat'>111.</span> <span class='ocrx_word' id='word_1_200' title='bbox 197 3073 284 3133; x_wconf 88' lang='lat' dir='ltr'><strong>Non</strong></span> <span class='ocrx_word' id='word_1_201' title='bbox 275 3072 402 3131; x_wconf 77' lang='lat' dir='ltr'><strong>incurrit</strong></span> <span class='ocrx_word' id='word_1_202' title='bbox 415 3073 621 3133; x_wconf 84' lang='lat' dir='ltr'><strong>ecclesiasticas</strong></span> <span class='ocrx_word' id='word_1_203' title='bbox 629 3090 730 3150; x_wconf 79' lang='lat' dir='ltr'><strong>poenas</strong></span> <span class='ocrx_word' id='word_1_204' title='bbox 740 3078 843 3132; x_wconf 86' lang='lat' dir='ltr'><strong>eontra</strong></span> <span class='ocrx_word' id='word_1_205' title='bbox 853 3071 1017 3132; x_wconf 87' lang='lat' dir='ltr'><strong>duellantos</strong></span> <span class='ocrx_word' id='word_1_206' title='bbox 1029 3072 1101 3132; x_wconf 85' lang='lat' dir='ltr'><strong>latas</strong></span> 
     </span>
     <span class='ocr_line' id='line_1_31' title="bbox 93 3155 1100 3236; baseline 0.003 -21"><span class='ocrx_word' id='word_1_207' title='bbox 93 3155 172 3229; x_wconf 83' lang='lat' dir='ltr'><strong>dux,</strong></span> <span class='ocrx_word' id='word_1_208' title='bbox 189 3155 237 3217; x_wconf 89' lang='lat' dir='ltr'><strong>vei</strong></span> <span class='ocrx_word' id='word_1_209' title='bbox 255 3156 387 3217; x_wconf 86' lang='lat' dir='ltr'><strong>officialis</strong></span> <span class='ocrx_word' id='word_1_210' title='bbox 405 3157 520 3219; x_wconf 84' lang='lat' dir='ltr'><strong>militiae</strong></span> <span class='ocrx_word' id='word_1_211' title='bbox 534 3168 689 3236; x_wconf 81' lang='lat' dir='ltr'><strong>acceptans</strong></span> <span class='ocrx_word' id='word_1_212' title='bbox 706 3156 842 3218; x_wconf 82' lang='lat' dir='ltr'><strong>duellum</strong></span> <span class='ocrx_word' id='word_1_213' title='bbox 857 3173 895 3215; x_wconf 86' lang='lat' dir='ltr'><strong>ex</strong></span> <span class='ocrx_word' id='word_1_214' title='bbox 915 3158 998 3235; x_wconf 77' lang='lat' dir='ltr'><strong>gravi</strong></span> <span class='ocrx_word' id='word_1_215' title='bbox 1018 3168 1100 3219; x_wconf 89' lang='lat' dir='ltr'><strong>metu</strong></span> 
     </span>
     <span class='ocr_line' id='line_1_32' title="bbox 93 3240 517 3302; baseline 0 -2"><span class='ocrx_word' id='word_1_216' title='bbox 93 3242 258 3302; x_wconf 86' lang='lat' dir='ltr'><strong>amissionis</strong></span> <span class='ocrx_word' id='word_1_217' title='bbox 274 3240 358 3301; x_wconf 84' lang='lat' dir='ltr'><strong>samae</strong></span> <span class='ocrx_word' id='word_1_218' title='bbox 373 3250 403 3302; x_wconf 86' lang='lat' dir='ltr'><strong>et</strong></span> <span class='ocrx_word' id='word_1_219' title='bbox 415 3242 517 3302; x_wconf 85' lang='lat' dir='ltr'><strong>officii.</strong></span> 
     </span>
    </p>

    <p class='ocr_par' dir='ltr' id='par_1_12' title="bbox 91 3333 1101 3582">
     <span class='ocr_line' id='line_1_33' title="bbox 131 3333 1101 3413; baseline -0.002 -19"><span class='ocrx_word' id='word_1_220' title='bbox 131 3335 183 3395; x_wconf 90' lang='lat' dir='ltr'><strong>tv.</strong></span> <span class='ocrx_word' id='word_1_221' title='bbox 204 3333 330 3394; x_wconf 78' lang='lat' dir='ltr'><strong>Licitum</strong></span> <span class='ocrx_word' id='word_1_222' title='bbox 346 3342 390 3395; x_wconf 82' lang='lat' dir='ltr'><strong>eat</strong></span> <span class='ocrx_word' id='word_1_223' title='bbox 412 3336 444 3397; x_wconf 91' lang='lat' dir='ltr'><strong>in</strong></span> <span class='ocrx_word' id='word_1_224' title='bbox 468 3344 548 3395; x_wconf 82' lang='lat' dir='ltr'><strong>statu</strong></span> <span class='ocrx_word' id='word_1_225' title='bbox 570 3333 702 3396; x_wconf 80' lang='lat' dir='ltr'><strong>hominio</strong></span> <span class='ocrx_word' id='word_1_226' title='bbox 725 3333 874 3407; x_wconf 72' lang='lat' dir='ltr'><strong>annuali,</strong></span> <span class='ocrx_word' id='word_1_227' title='bbox 894 3342 1045 3413; x_wconf 81' lang='lat' dir='ltr'><strong>acceptare</strong></span> <span class='ocrx_word' id='word_1_228' title='bbox 1069 3341 1101 3393; x_wconf 83' lang='lat' dir='ltr'><strong>et</strong></span> 
     </span>
     <span class='ocr_line' id='line_1_34' title="bbox 91 3414 1100 3492; baseline 0.002 -15"><span class='ocrx_word' id='word_1_229' title='bbox 91 3416 200 3477; x_wconf 80' lang='lat' dir='ltr'><strong>offerre</strong></span> <span class='ocrx_word' id='word_1_230' title='bbox 218 3416 352 3479; x_wconf 88' lang='lat' dir='ltr'><strong>duellum</strong></span> <span class='ocrx_word' id='word_1_231' title='bbox 364 3418 401 3478; x_wconf 88' lang='lat' dir='ltr'><strong>ad</strong></span> <span class='ocrx_word' id='word_1_232' title='bbox 420 3421 576 3480; x_wconf 81' lang='lat' dir='ltr'><strong>servandae</strong></span> <span class='ocrx_word' id='word_1_233' title='bbox 592 3438 662 3479; x_wconf 88' lang='lat' dir='ltr'><strong>oum</strong></span> <span class='ocrx_word' id='word_1_234' title='bbox 680 3418 794 3481; x_wconf 88' lang='lat' dir='ltr'><strong>honore</strong></span> <span class='ocrx_word' id='word_1_235' title='bbox 806 3420 961 3492; x_wconf 83' lang='lat' dir='ltr'><strong>fortunas,</strong></span> <span class='ocrx_word' id='word_1_236' title='bbox 980 3414 1100 3491; x_wconf 70' lang='lat' dir='ltr'><strong>quondo</strong></span> 
     </span>
     <span class='ocr_line' id='line_1_35' title="bbox 93 3500 950 3582; baseline 0.007 -23"><span class='ocrx_word' id='word_1_237' title='bbox 93 3500 150 3561; x_wconf 85' lang='lat' dir='ltr'><strong>alio</strong></span> <span class='ocrx_word' id='word_1_238' title='bbox 163 3503 294 3562; x_wconf 87' lang='lat' dir='ltr'><strong>remedio</strong></span> <span class='ocrx_word' id='word_1_239' title='bbox 313 3520 414 3562; x_wconf 86' lang='lat' dir='ltr'><strong>earum</strong></span> <span class='ocrx_word' id='word_1_240' title='bbox 423 3502 538 3580; x_wconf 86' lang='lat' dir='ltr'><strong>jactura</strong></span> <span class='ocrx_word' id='word_1_241' title='bbox 552 3504 719 3581; x_wconf 90' lang='lat' dir='ltr'><strong>propulsari</strong></span> <span class='ocrx_word' id='word_1_242' title='bbox 735 3505 853 3582; x_wconf 84' lang='lat' dir='ltr'><strong>nequit.</strong></span> <span class='ocrx_word' id='word_1_243' title='bbox 946 3542 950 3547; x_wconf 92' lang='lat'>·</span> 
     </span>
    </p>
   </div>
   <div class='ocr_carea' id='block_1_8' title="bbox 130 3591 1099 3675">
    <p class='ocr_par' dir='ltr' id='par_1_13' title="bbox 130 3591 1099 3675">
     <span class='ocr_line' id='line_1_36' title="bbox 130 3591 1099 3675; baseline -0.006 -20"><span class='ocrx_word' id='word_1_244' title='bbox 130 3594 169 3655; x_wconf 87' lang='lat' dir='ltr'><strong>V.</strong></span> <span class='ocrx_word' id='word_1_245' title='bbox 184 3595 299 3663; x_wconf 71' lang='lat' dir='ltr'><strong>asserta</strong></span> <span class='ocrx_word' id='word_1_246' title='bbox 312 3596 428 3657; x_wconf 84' lang='lat' dir='ltr'><strong>licentia</strong></span> <span class='ocrx_word' id='word_1_247' title='bbox 438 3612 492 3673; x_wconf 90' lang='lat' dir='ltr'><strong>pro</strong></span> <span class='ocrx_word' id='word_1_248' title='bbox 504 3604 582 3656; x_wconf 87' lang='lat' dir='ltr'><strong>statu</strong></span> <span class='ocrx_word' id='word_1_249' title='bbox 592 3594 719 3655; x_wconf 80' lang='lat' dir='ltr'><strong>namrati</strong></span> <span class='ocrx_word' id='word_1_250' title='bbox 729 3595 887 3675; x_wconf 81' lang='lat' dir='ltr'><strong>,applicari</strong></span> <span class='ocrx_word' id='word_1_251' title='bbox 898 3591 989 3659; x_wconf 78' lang='lat' dir='ltr'><strong>etiam</strong></span> <span class='ocrx_word' id='word_1_252' title='bbox 1002 3597 1099 3665; x_wconf 84' lang='lat' dir='ltr'><strong>potest</strong></span> 
     </span>
    </p>
   </div>
   <div class='ocr_carea' id='block_1_9' title="bbox 0 0 1242 3975">
    <p class='ocr_par' dir='ltr' id='par_1_14' title="bbox 0 0 1242 3975">
     <span class='ocr_line' id='line_1_37' title="bbox 0 0 1242 3975; baseline 0 0"><span class='ocrx_word' id='word_1_253' title='bbox 0 0 1242 3975; x_wconf 95' lang='lat' dir='ltr'><strong> </strong></span> 
     </span>
    </p>
   </div>
  </div>
 </body>
</html>
