<?xml version="1.0" encoding="UTF-8"?>
<!DOCTYPE html PUBLIC "-//W3C//DTD XHTML 1.0 Transitional//EN"
    "http://www.w3.org/TR/xhtml1/DTD/xhtml1-transitional.dtd">
<html xmlns="http://www.w3.org/1999/xhtml" xml:lang="en" lang="en">
 <head>
  <title>
</title>
<meta http-equiv="Content-Type" content="text/html;charset=utf-8" />
  <meta name='ocr-system' content='tesseract 3.04.00' />
  <meta name='ocr-capabilities' content='ocr_page ocr_carea ocr_par ocr_line ocrx_word'/>
</head>
<body>
  <div class='ocr_page' id='page_1' title='image "./theologiamorali04heilgoog_0137.png"; bbox 0 0 2475 3975; ppageno 0'>
   <div class='ocr_carea' id='block_1_1' title="bbox 249 162 1087 248">
    <p class='ocr_par' dir='ltr' id='par_1_1' title="bbox 249 162 1087 248">
     <span class='ocr_line' id='line_1_1' title="bbox 249 162 1087 248; baseline 0.014 -22"><span class='ocrx_word' id='word_1_1' title='bbox 249 164 277 246; x_wconf 73' lang='lat' dir='ltr'><strong>s.</strong></span> <span class='ocrx_word' id='word_1_2' title='bbox 294 168 332 227; x_wconf 89' lang='lat' dir='ltr'><strong>ll.</strong></span> <span class='ocrx_word' id='word_1_3' title='bbox 347 164 393 227; x_wconf 84' lang='lat' dir='ltr'><strong>De</strong></span> <span class='ocrx_word' id='word_1_4' title='bbox 408 166 540 229; x_wconf 81' lang='lat' dir='ltr'><strong>oratione</strong></span> <span class='ocrx_word' id='word_1_5' title='bbox 554 162 825 248; x_wconf 72' lang='lat' dir='ltr'><strong>contemplationis,</strong></span> <span class='ocrx_word' id='word_1_6' title='bbox 836 179 890 233; x_wconf 88' lang='lat' dir='ltr'><strong>ete.</strong></span> <span class='ocrx_word' id='word_1_7' title='bbox 1029 176 1087 238; x_wconf 68' lang='lat' dir='ltr'><strong>lib</strong></span> 
     </span>
    </p>
   </div>
   <div class='ocr_carea' id='block_1_2' title="bbox 4 266 1087 439">
    <p class='ocr_par' dir='ltr' id='par_1_2' title="bbox 4 266 1087 439">
     <span class='ocr_line' id='line_1_2' title="bbox 4 266 1087 355; baseline 0.01 -24"><span class='ocrx_word' id='word_1_8' title='bbox 4 312 7 338; x_wconf 84' lang='lat'>.</span> <span class='ocrx_word' id='word_1_9' title='bbox 83 267 185 333; x_wconf 89' lang='lat' dir='ltr'><strong>eadem</strong></span> <span class='ocrx_word' id='word_1_10' title='bbox 199 266 326 341; x_wconf 83' lang='lat' dir='ltr'><strong>Sancta,</strong></span> <span class='ocrx_word' id='word_1_11' title='bbox 348 266 492 345; x_wconf 82' lang='lat' dir='ltr'><strong>quandoi</strong></span> <span class='ocrx_word' id='word_1_12' title='bbox 506 268 558 329; x_wconf 86' lang='lat' dir='ltr'><strong>SS.</strong></span> <span class='ocrx_word' id='word_1_13' title='bbox 574 268 733 333; x_wconf 83' lang='lat' dir='ltr'><strong>Franciaco</strong></span> <span class='ocrx_word' id='word_1_14' title='bbox 744 270 879 355; x_wconf 84' lang='lat' dir='ltr'><strong>Borqie,</strong></span> <span class='ocrx_word' id='word_1_15' title='bbox 899 280 928 335; x_wconf 91' lang='lat' dir='ltr'><strong>ct</strong></span> <span class='ocrx_word' id='word_1_16' title='bbox 941 274 1030 339; x_wconf 84' lang='lat' dir='ltr'><strong>Petro</strong></span> <span class='ocrx_word' id='word_1_17' title='bbox 1051 276 1087 342; x_wconf 77' lang='lat' dir='ltr'><strong>de</strong></span> 
     </span>
     <span class='ocr_line' id='line_1_3' title="bbox 4 352 1085 439; baseline 0.006 -24"><span class='ocrx_word' id='word_1_18' title='bbox 4 398 5 425; x_wconf 71' lang='lat'><strong>,</strong></span> <span class='ocrx_word' id='word_1_19' title='bbox 79 352 243 417; x_wconf 70' lang='lat' dir='ltr'><strong>directore</strong></span> <span class='ocrx_word' id='word_1_20' title='bbox 260 352 319 414; x_wconf 85' lang='lat' dir='ltr'><strong>luit</strong></span> <span class='ocrx_word' id='word_1_21' title='bbox 336 352 409 413; x_wconf 86' lang='lat' dir='ltr'><strong>locta</strong></span> <span class='ocrx_word' id='word_1_22' title='bbox 431 354 577 429; x_wconf 75' lang='lat' dir='ltr'><strong>securior,</strong></span> <span class='ocrx_word' id='word_1_23' title='bbox 592 353 670 415; x_wconf 87' lang='lat' dir='ltr'><strong>dona</strong></span> <span class='ocrx_word' id='word_1_24' title='bbox 683 373 749 433; x_wconf 79' lang='lat' dir='ltr'><strong>qun</strong></span> <span class='ocrx_word' id='word_1_25' title='bbox 762 356 824 435; x_wconf 84' lang='lat' dir='ltr'><strong>ipsa</strong></span> <span class='ocrx_word' id='word_1_26' title='bbox 837 368 1006 439; x_wconf 86' lang='lat' dir='ltr'><strong>acceperat,</strong></span> <span class='ocrx_word' id='word_1_27' title='bbox 1021 379 1085 422; x_wconf 84' lang='lat' dir='ltr'><strong>esse</strong></span> 
     </span>
    </p>
   </div>
   <div class='ocr_carea' id='block_1_3' title="bbox 78 437 1086 523">
    <p class='ocr_par' dir='ltr' id='par_1_3' title="bbox 78 437 1086 523">
     <span class='ocr_line' id='line_1_4' title="bbox 78 437 1086 523; baseline 0.008 -24"><span class='ocrx_word' id='word_1_28' title='bbox 78 438 149 501; x_wconf 78' lang='lat' dir='ltr'><strong>reri</strong></span> <span class='ocrx_word' id='word_1_29' title='bbox 170 437 290 508; x_wconf 82' lang='lat' dir='ltr'><strong>divina,</strong></span> <span class='ocrx_word' id='word_1_30' title='bbox 314 455 349 499; x_wconf 84' lang='lat' dir='ltr'><strong>ex</strong></span> <span class='ocrx_word' id='word_1_31' title='bbox 372 456 408 498; x_wconf 91' lang='lat' dir='ltr'><strong>eo</strong></span> <span class='ocrx_word' id='word_1_32' title='bbox 427 446 560 517; x_wconf 86' lang='lat' dir='ltr'><strong>tempore</strong></span> <span class='ocrx_word' id='word_1_33' title='bbox 582 438 621 499; x_wconf 88' lang='lat' dir='ltr'><strong>ad</strong></span> <span class='ocrx_word' id='word_1_34' title='bbox 643 440 853 519; x_wconf 78' lang='lat' dir='ltr'><strong>perfectionem</strong></span> <span class='ocrx_word' id='word_1_35' title='bbox 876 461 939 505; x_wconf 90' lang='lat' dir='ltr'><strong>non</strong></span> <span class='ocrx_word' id='word_1_36' title='bbox 959 444 1086 523; x_wconf 78' lang='lat' dir='ltr'><strong>amplius</strong></span> 
     </span>
    </p>
   </div>
   <div class='ocr_carea' id='block_1_4' title="bbox 4 522 1086 693">
    <p class='ocr_par' dir='ltr' id='par_1_4' title="bbox 4 522 1086 693">
     <span class='ocr_line' id='line_1_5' title="bbox 4 522 1086 605; baseline 0.006 -20"><span class='ocrx_word' id='word_1_37' title='bbox 4 526 8 565; x_wconf 54' lang='lat' dir='ltr'><strong>l</strong></span> <span class='ocrx_word' id='word_1_38' title='bbox 78 523 230 593; x_wconf 75' lang='lat' dir='ltr'><strong>cucurrit,</strong></span> <span class='ocrx_word' id='word_1_39' title='bbox 254 522 305 583; x_wconf 89' lang='lat' dir='ltr'><strong>sed</strong></span> <span class='ocrx_word' id='word_1_40' title='bbox 332 523 471 584; x_wconf 81' lang='lat' dir='ltr'><strong>evolavit.</strong></span> <span class='ocrx_word' id='word_1_41' title='bbox 495 524 597 603; x_wconf 89' lang='lat' dir='ltr'><strong>Neque</strong></span> <span class='ocrx_word' id='word_1_42' title='bbox 618 542 655 586; x_wconf 82' lang='lat' dir='ltr'><strong>ex</strong></span> <span class='ocrx_word' id='word_1_43' title='bbox 679 542 714 586; x_wconf 89' lang='lat' dir='ltr'><strong>eo</strong></span> <span class='ocrx_word' id='word_1_44' title='bbox 736 525 817 605; x_wconf 85' lang='lat' dir='ltr'><strong>qubd</strong></span> <span class='ocrx_word' id='word_1_45' title='bbox 842 529 936 589; x_wconf 90' lang='lat' dir='ltr'><strong>cernit</strong></span> <span class='ocrx_word' id='word_1_46' title='bbox 957 528 1086 592; x_wconf 88' lang='lat' dir='ltr'><strong>director</strong></span> 
     </span>
     <span class='ocr_line' id='line_1_6' title="bbox 4 605 1086 693; baseline 0.01 -27"><span class='ocrx_word' id='word_1_47' title='bbox 4 660 5 691; x_wconf 50' lang='lat' dir='ltr'><strong>r</strong></span> <span class='ocrx_word' id='word_1_48' title='bbox 78 608 207 671; x_wconf 86' lang='lat' dir='ltr'><strong>animam</strong></span> <span class='ocrx_word' id='word_1_49' title='bbox 222 605 385 669; x_wconf 75' lang='lat' dir='ltr'><strong>identidem</strong></span> <span class='ocrx_word' id='word_1_50' title='bbox 398 606 429 667; x_wconf 92' lang='lat' dir='ltr'><strong>in</strong></span> <span class='ocrx_word' id='word_1_51' title='bbox 443 607 572 685; x_wconf 78' lang='lat' dir='ltr'><strong>aliquem</strong></span> <span class='ocrx_word' id='word_1_52' title='bbox 586 609 731 671; x_wconf 88' lang='lat' dir='ltr'><strong>delectum</strong></span> <span class='ocrx_word' id='word_1_53' title='bbox 749 609 879 673; x_wconf 85' lang='lat' dir='ltr'><strong>incidere</strong></span> <span class='ocrx_word' id='word_1_54' title='bbox 896 612 1021 693; x_wconf 83' lang='lat' dir='ltr'><strong>(quoties</strong></span> <span class='ocrx_word' id='word_1_55' title='bbox 1034 612 1086 677; x_wconf 89' lang='lat' dir='ltr'><strong>dc·</strong></span> 
     </span>
    </p>
   </div>
   <div class='ocr_carea' id='block_1_5' title="bbox 76 691 1087 772">
    <p class='ocr_par' dir='ltr' id='par_1_5' title="bbox 76 691 1087 772">
     <span class='ocr_line' id='line_1_7' title="bbox 76 691 1087 772; baseline 0.007 -18"><span class='ocrx_word' id='word_1_56' title='bbox 76 694 168 754; x_wconf 85' lang='lat' dir='ltr'><strong>lectus</strong></span> <span class='ocrx_word' id='word_1_57' title='bbox 192 710 255 755; x_wconf 92' lang='lat' dir='ltr'><strong>non</strong></span> <span class='ocrx_word' id='word_1_58' title='bbox 276 701 346 753; x_wconf 91' lang='lat' dir='ltr'><strong>sunt</strong></span> <span class='ocrx_word' id='word_1_59' title='bbox 367 691 454 772; x_wconf 71' lang='lat' dir='ltr'><strong>pleni</strong></span> <span class='ocrx_word' id='word_1_60' title='bbox 473 692 648 766; x_wconf 85' lang='lat' dir='ltr'><strong>deliberati,</strong></span> <span class='ocrx_word' id='word_1_61' title='bbox 668 703 720 755; x_wconf 88' lang='lat' dir='ltr'><strong>aut</strong></span> <span class='ocrx_word' id='word_1_62' title='bbox 734 697 881 758; x_wconf 85' lang='lat' dir='ltr'><strong>commissi</strong></span> <span class='ocrx_word' id='word_1_63' title='bbox 901 715 969 759; x_wconf 90' lang='lat' dir='ltr'><strong>cum</strong></span> <span class='ocrx_word' id='word_1_64' title='bbox 988 695 1087 761; x_wconf 78' lang='lat' dir='ltr'><strong>adhe·</strong></span> 
     </span>
    </p>
   </div>
   <div class='ocr_carea' id='block_1_6' title="bbox 3 776 1171 859">
    <p class='ocr_par' dir='ltr' id='par_1_6' title="bbox 3 776 1171 859">
     <span class='ocr_line' id='line_1_8' title="bbox 3 776 1171 859; baseline 0.009 -25"><span class='ocrx_word' id='word_1_65' title='bbox 3 809 7 834; x_wconf 68' lang='grc' dir='ltr'><strong>ι</strong></span> <span class='ocrx_word' id='word_1_66' title='bbox 76 778 192 849; x_wconf 83' lang='lat' dir='ltr'><strong>nentia,</strong></span> <span class='ocrx_word' id='word_1_67' title='bbox 206 785 237 838; x_wconf 89' lang='lat' dir='ltr'><strong>ct</strong></span> <span class='ocrx_word' id='word_1_68' title='bbox 255 776 437 858; x_wconf 85' lang='lat' dir='ltr'><strong>contemptu)</strong></span> <span class='ocrx_word' id='word_1_69' title='bbox 452 786 590 859; x_wconf 83' lang='lat' dir='ltr'><strong>reputare</strong></span> <span class='ocrx_word' id='word_1_70' title='bbox 602 778 691 841; x_wconf 87' lang='lat' dir='ltr'><strong>debet</strong></span> <span class='ocrx_word' id='word_1_71' title='bbox 704 797 807 841; x_wconf 90' lang='lat' dir='ltr'><strong>omnes</strong></span> <span class='ocrx_word' id='word_1_72' title='bbox 821 778 991 858; x_wconf 89' lang='lat' dir='ltr'><strong>hujusmodi</strong></span> <span class='ocrx_word' id='word_1_73' title='bbox 1005 801 1086 844; x_wconf 91' lang='lat' dir='ltr'><strong>com·</strong></span> <span class='ocrx_word' id='word_1_74' title='bbox 1166 809 1171 817; x_wconf 93' lang='lat'>·</span> 
     </span>
    </p>
   </div>
   <div class='ocr_carea' id='block_1_7' title="bbox 3 842 8 926">
    <p class='ocr_par' dir='ltr' id='par_1_7' title="bbox 3 842 8 926">
     <span class='ocr_line' id='line_1_9' title="bbox 3 842 8 926; baseline 0 0"><span class='ocrx_word' id='word_1_75' title='bbox 3 842 8 926; x_wconf 86' lang='lat' dir='ltr'><strong>l</strong></span> 
     </span>
    </p>
   </div>
   <div class='ocr_carea' id='block_1_8' title="bbox 76 862 1187 941">
    <p class='ocr_par' dir='ltr' id='par_1_8' title="bbox 76 862 1187 941">
     <span class='ocr_line' id='line_1_10' title="bbox 76 862 1187 941; baseline 0.005 -16"><span class='ocrx_word' id='word_1_76' title='bbox 76 862 291 933; x_wconf 76' lang='lat' dir='ltr'><strong>manicationes</strong></span> <span class='ocrx_word' id='word_1_77' title='bbox 315 880 371 941; x_wconf 89' lang='lat' dir='ltr'><strong>pro</strong></span> <span class='ocrx_word' id='word_1_78' title='bbox 391 863 573 935; x_wconf 78' lang='lat' dir='ltr'><strong>mendaciis,</strong></span> <span class='ocrx_word' id='word_1_79' title='bbox 592 872 623 924; x_wconf 94' lang='lat' dir='ltr'><strong>ct</strong></span> <span class='ocrx_word' id='word_1_80' title='bbox 642 864 838 925; x_wconf 85' lang='lat' dir='ltr'><strong>illusionibus.</strong></span> <span class='ocrx_word' id='word_1_81' title='bbox 853 867 998 928; x_wconf 89' lang='lat' dir='ltr'><strong>Dominus</strong></span> <span class='ocrx_word' id='word_1_82' title='bbox 1012 870 1085 929; x_wconf 85' lang='lat' dir='ltr'><strong>tales</strong></span> <span class='ocrx_word' id='word_1_83' title='bbox 1183 883 1187 891; x_wconf 86' lang='grc'>·</span> 
     </span>
    </p>
   </div>
   <div class='ocr_carea' id='block_1_9' title="bbox 4 945 1086 1198">
    <p class='ocr_par' dir='ltr' id='par_1_9' title="bbox 4 945 1086 1198">
     <span class='ocr_line' id='line_1_11' title="bbox 4 945 1083 1030; baseline 0.006 -22"><span class='ocrx_word' id='word_1_84' title='bbox 4 955 7 990; x_wconf 78' lang='lat'>²</span> <span class='ocrx_word' id='word_1_85' title='bbox 73 948 181 1026; x_wconf 79' lang='lat' dir='ltr'><strong>gratias</strong></span> <span class='ocrx_word' id='word_1_86' title='bbox 191 946 397 1009; x_wconf 88' lang='lat' dir='ltr'><strong>conceditnan</strong></span> <span class='ocrx_word' id='word_1_87' title='bbox 408 945 524 1007; x_wconf 86' lang='lat' dir='ltr'><strong>tantbm</strong></span> <span class='ocrx_word' id='word_1_88' title='bbox 538 946 691 1007; x_wconf 83' lang='lat' dir='ltr'><strong>animabus</strong></span> <span class='ocrx_word' id='word_1_89' title='bbox 701 949 911 1026; x_wconf 84' lang='lat' dir='ltr'><strong>perlectis,sed</strong></span> <span class='ocrx_word' id='word_1_90' title='bbox 926 953 1083 1030; x_wconf 87' lang='lat' dir='ltr'><strong>aliquando</strong></span> 
     </span>
     <span class='ocr_line' id='line_1_12' title="bbox 4 1030 1086 1111; baseline 0.001 -16"><span class='ocrx_word' id='word_1_91' title='bbox 4 1085 5 1111; x_wconf 68' lang='lat'><strong>,</strong></span> <span class='ocrx_word' id='word_1_92' title='bbox 73 1032 165 1095; x_wconf 85' lang='lat' dir='ltr'><strong>ctiam</strong></span> <span class='ocrx_word' id='word_1_93' title='bbox 183 1031 384 1111; x_wconf 80' lang='lat' dir='ltr'><strong>imperfectis,</strong></span> <span class='ocrx_word' id='word_1_94' title='bbox 405 1031 439 1093; x_wconf 83' lang='lat' dir='ltr'><strong>ed</strong></span> <span class='ocrx_word' id='word_1_95' title='bbox 457 1030 567 1091; x_wconf 87' lang='lat' dir='ltr'><strong>scilicet</strong></span> <span class='ocrx_word' id='word_1_96' title='bbox 587 1032 721 1101; x_wconf 87' lang='lat' dir='ltr'><strong>ratione,</strong></span> <span class='ocrx_word' id='word_1_97' title='bbox 738 1039 772 1091; x_wconf 90' lang='lat' dir='ltr'><strong>ut</strong></span> <span class='ocrx_word' id='word_1_98' title='bbox 790 1031 897 1093; x_wconf 89' lang='lat' dir='ltr'><strong>liberet</strong></span> <span class='ocrx_word' id='word_1_99' title='bbox 914 1033 933 1093; x_wconf 84' lang='lat' dir='ltr'><strong>d</strong></span> <span class='ocrx_word' id='word_1_100' title='bbox 954 1035 1015 1094; x_wconf 88' lang='lat' dir='ltr'><strong>suis</strong></span> <span class='ocrx_word' id='word_1_101' title='bbox 1027 1036 1086 1096; x_wconf 91' lang='lat' dir='ltr'><strong>im·</strong></span> 
     </span>
     <span class='ocr_line' id='line_1_13' title="bbox 4 1114 1085 1198; baseline 0.002 -19"><span class='ocrx_word' id='word_1_102' title='bbox 4 1122 5 1141; x_wconf 44' lang='lat' dir='ltr'><strong>l</strong></span> <span class='ocrx_word' id='word_1_103' title='bbox 72 1116 357 1198; x_wconf 81' lang='lat' dir='ltr'><strong>perfectionibus,et</strong></span> <span class='ocrx_word' id='word_1_104' title='bbox 366 1114 403 1177; x_wconf 87' lang='lat' dir='ltr'><strong>ed</strong></span> <span class='ocrx_word' id='word_1_105' title='bbox 414 1116 506 1177; x_wconf 83' lang='lat' dir='ltr'><strong>vitam</strong></span> <span class='ocrx_word' id='word_1_106' title='bbox 516 1114 722 1197; x_wconf 81' lang='lat' dir='ltr'><strong>perfectiorem</strong></span> <span class='ocrx_word' id='word_1_107' title='bbox 734 1116 864 1179; x_wconf 85' lang='lat' dir='ltr'><strong>extollat.</strong></span> <span class='ocrx_word' id='word_1_108' title='bbox 874 1118 959 1179; x_wconf 85' lang='lat' dir='ltr'><strong>Unde</strong></span> <span class='ocrx_word' id='word_1_109' title='bbox 968 1120 1085 1197; x_wconf 92' lang='lat' dir='ltr'><strong>quando</strong></span> 
     </span>
    </p>
   </div>
   <div class='ocr_carea' id='block_1_10' title="bbox 4 1310 7 1366">
    <p class='ocr_par' dir='ltr' id='par_1_10' title="bbox 4 1310 7 1366">
     <span class='ocr_line' id='line_1_14' title="bbox 4 1310 5 1330; baseline 0 0"><span class='ocrx_word' id='word_1_110' title='bbox 4 1310 5 1330; x_wconf 82' lang='grc' dir='ltr'><strong>ι</strong></span> 
     </span>
     <span class='ocr_line' id='line_1_15' title="bbox 4 1333 7 1366; baseline 0 0"><span class='ocrx_word' id='word_1_111' title='bbox 4 1333 7 1366; x_wconf 84' lang='lat' dir='ltr'><strong>l</strong></span> 
     </span>
    </p>
   </div>
   <div class='ocr_carea' id='block_1_11' title="bbox 71 1200 1086 1367">
    <p class='ocr_par' dir='ltr' id='par_1_11' title="bbox 71 1200 1086 1367">
     <span class='ocr_line' id='line_1_16' title="bbox 71 1200 1086 1283; baseline 0.001 -20"><span class='ocrx_word' id='word_1_112' title='bbox 71 1202 259 1283; x_wconf 77' lang='lat' dir='ltr'><strong>dignoscitur</strong></span> <span class='ocrx_word' id='word_1_113' title='bbox 273 1200 353 1281; x_wconf 85' lang='lat' dir='ltr'><strong>qudd</strong></span> <span class='ocrx_word' id='word_1_114' title='bbox 366 1219 420 1282; x_wconf 90' lang='lat' dir='ltr'><strong>per</strong></span> <span class='ocrx_word' id='word_1_115' title='bbox 432 1200 602 1280; x_wconf 85' lang='lat' dir='ltr'><strong>hujusmodi</strong></span> <span class='ocrx_word' id='word_1_116' title='bbox 618 1201 899 1263; x_wconf 80' lang='lat' dir='ltr'><strong>communicationes</strong></span> <span class='ocrx_word' id='word_1_117' title='bbox 916 1203 1015 1263; x_wconf 88' lang='lat' dir='ltr'><strong>anime</strong></span> <span class='ocrx_word' id='word_1_118' title='bbox 1027 1221 1086 1264; x_wconf 88' lang='lat' dir='ltr'><strong>ma·</strong></span> 
     </span>
     <span class='ocr_line' id='line_1_17' title="bbox 72 1286 1086 1367; baseline 0.001 -18"><span class='ocrx_word' id='word_1_119' title='bbox 72 1290 115 1367; x_wconf 82' lang='lat' dir='ltr'><strong>gis</strong></span> <span class='ocrx_word' id='word_1_120' title='bbox 136 1288 291 1367; x_wconf 84' lang='lat' dir='ltr'><strong>magisque</strong></span> <span class='ocrx_word' id='word_1_121' title='bbox 310 1304 341 1347; x_wconf 91' lang='lat' dir='ltr'><strong>se</strong></span> <span class='ocrx_word' id='word_1_122' title='bbox 364 1288 472 1347; x_wconf 88' lang='lat' dir='ltr'><strong>liberat</strong></span> <span class='ocrx_word' id='word_1_123' title='bbox 493 1286 510 1347; x_wconf 79' lang='lat' dir='ltr'><strong>b</strong></span> <span class='ocrx_word' id='word_1_124' title='bbox 526 1288 730 1366; x_wconf 86' lang='lat' dir='ltr'><strong>passionibus,</strong></span> <span class='ocrx_word' id='word_1_125' title='bbox 744 1295 775 1348; x_wconf 91' lang='lat' dir='ltr'><strong>ct</strong></span> <span class='ocrx_word' id='word_1_126' title='bbox 794 1288 911 1367; x_wconf 88' lang='lat' dir='ltr'><strong>proiicit</strong></span> <span class='ocrx_word' id='word_1_127' title='bbox 929 1289 961 1349; x_wconf 91' lang='lat' dir='ltr'><strong>in</strong></span> <span class='ocrx_word' id='word_1_128' title='bbox 984 1306 1086 1350; x_wconf 87' lang='lat' dir='ltr'><strong>amore</strong></span> 
     </span>
    </p>
   </div>
   <div class='ocr_carea' id='block_1_12' title="bbox 3 1370 1086 1451">
    <p class='ocr_par' dir='ltr' id='par_1_12' title="bbox 3 1370 1086 1451">
     <span class='ocr_line' id='line_1_18' title="bbox 3 1370 1086 1451; baseline 0.005 -19"><span class='ocrx_word' id='word_1_129' title='bbox 3 1373 6 1393; x_wconf 62' lang='lat'><strong>‘&#39;</strong></span> <span class='ocrx_word' id='word_1_130' title='bbox 71 1374 178 1434; x_wconf 86' lang='lat' dir='ltr'><strong>divino</strong></span> <span class='ocrx_word' id='word_1_131' title='bbox 190 1414 199 1444; x_wconf 93' lang='lat'><strong>,</strong></span> <span class='ocrx_word' id='word_1_132' title='bbox 213 1380 302 1451; x_wconf 89' lang='lat' dir='ltr'><strong>atque</strong></span> <span class='ocrx_word' id='word_1_133' title='bbox 315 1372 347 1431; x_wconf 92' lang='lat' dir='ltr'><strong>in</strong></span> <span class='ocrx_word' id='word_1_134' title='bbox 361 1370 507 1431; x_wconf 89' lang='lat' dir='ltr'><strong>desiderio</strong></span> <span class='ocrx_word' id='word_1_135' title='bbox 518 1371 725 1450; x_wconf 79' lang='lat' dir='ltr'><strong>perfectionis,</strong></span> <span class='ocrx_word' id='word_1_136' title='bbox 743 1371 860 1449; x_wconf 83' lang='lat' dir='ltr'><strong>signum</strong></span> <span class='ocrx_word' id='word_1_137' title='bbox 874 1371 1010 1451; x_wconf 76' lang='lat' dir='ltr'><strong>estquod</strong></span> <span class='ocrx_word' id='word_1_138' title='bbox 1026 1374 1086 1437; x_wconf 82' lang='lat' dir='ltr'><strong>illae</strong></span> 
     </span>
    </p>
   </div>
   <div class='ocr_carea' id='block_1_13' title="bbox 68 1455 1144 2042">
    <p class='ocr_par' dir='ltr' id='par_1_13' title="bbox 68 1455 1144 2042">
     <span class='ocr_line' id='line_1_19' title="bbox 71 1455 1085 1534; baseline 0.004 -17"><span class='ocrx_word' id='word_1_139' title='bbox 71 1458 132 1517; x_wconf 85' lang='lat' dir='ltr'><strong>sint</strong></span> <span class='ocrx_word' id='word_1_140' title='bbox 148 1456 247 1517; x_wconf 79' lang='lat' dir='ltr'><strong>bonae.</strong></span> <span class='ocrx_word' id='word_1_141' title='bbox 261 1457 306 1516; x_wconf 90' lang='lat' dir='ltr'><strong>De</strong></span> <span class='ocrx_word' id='word_1_142' title='bbox 321 1456 438 1533; x_wconf 88' lang='lat' dir='ltr'><strong>reliquo</strong></span> <span class='ocrx_word' id='word_1_143' title='bbox 457 1456 576 1534; x_wconf 86' lang='lat' dir='ltr'><strong>quando</strong></span> <span class='ocrx_word' id='word_1_144' title='bbox 593 1455 692 1533; x_wconf 79' lang='lat' dir='ltr'><strong>agitur</strong></span> <span class='ocrx_word' id='word_1_145' title='bbox 711 1455 748 1515; x_wconf 89' lang='lat' dir='ltr'><strong>dc</strong></span> <span class='ocrx_word' id='word_1_146' title='bbox 768 1457 870 1531; x_wconf 70' lang='lat' dir='ltr'><strong>gratiis</strong></span> <span class='ocrx_word' id='word_1_147' title='bbox 883 1458 1034 1532; x_wconf 81' lang='lat' dir='ltr'><strong>externis,</strong></span> <span class='ocrx_word' id='word_1_148' title='bbox 1050 1467 1085 1522; x_wconf 84' lang='lat' dir='ltr'><strong>ut</strong></span> 
     </span>
     <span class='ocr_line' id='line_1_20' title="bbox 71 1539 1085 1620; baseline 0.003 -19"><span class='ocrx_word' id='word_1_149' title='bbox 71 1548 144 1602; x_wconf 86' lang='lat' dir='ltr'><strong>aunt</strong></span> <span class='ocrx_word' id='word_1_150' title='bbox 167 1539 295 1600; x_wconf 70' lang='lat' dir='ltr'><strong>visiones</strong></span> <span class='ocrx_word' id='word_1_151' title='bbox 303 1586 314 1617; x_wconf 92' lang='lat'>‚</span> <span class='ocrx_word' id='word_1_152' title='bbox 339 1540 522 1614; x_wconf 90' lang='lat' dir='ltr'><strong>locutiones,</strong></span> <span class='ocrx_word' id='word_1_153' title='bbox 545 1549 577 1602; x_wconf 88' lang='lat' dir='ltr'><strong>et</strong></span> <span class='ocrx_word' id='word_1_154' title='bbox 599 1539 813 1614; x_wconf 85' lang='lat' dir='ltr'><strong>revelationes,</strong></span> <span class='ocrx_word' id='word_1_155' title='bbox 839 1541 1017 1620; x_wconf 74' lang='lat' dir='ltr'><strong>regulariter</strong></span> <span class='ocrx_word' id='word_1_156' title='bbox 1039 1543 1085 1604; x_wconf 92' lang='lat' dir='ltr'><strong>lo·</strong></span> 
     </span>
     <span class='ocr_line' id='line_1_21' title="bbox 70 1624 1082 1707; baseline 0.002 -22"><span class='ocrx_word' id='word_1_157' title='bbox 70 1624 257 1705; x_wconf 68' lang='lat' dir='ltr'><strong>quendem</strong></span> <span class='ocrx_word' id='word_1_158' title='bbox 269 1624 416 1697; x_wconf 84' lang='lat' dir='ltr'><strong>diximus,</strong></span> <span class='ocrx_word' id='word_1_159' title='bbox 431 1624 524 1687; x_wconf 85' lang='lat' dir='ltr'><strong>tutids</strong></span> <span class='ocrx_word' id='word_1_160' title='bbox 542 1632 604 1699; x_wconf 91' lang='lat' dir='ltr'><strong>est,</strong></span> <span class='ocrx_word' id='word_1_161' title='bbox 618 1631 652 1685; x_wconf 88' lang='lat' dir='ltr'><strong>nt</strong></span> <span class='ocrx_word' id='word_1_162' title='bbox 664 1625 793 1686; x_wconf 88' lang='lat' dir='ltr'><strong>director</strong></span> <span class='ocrx_word' id='word_1_163' title='bbox 809 1626 943 1687; x_wconf 86' lang='lat' dir='ltr'><strong>ostendat</strong></span> <span class='ocrx_word' id='word_1_164' title='bbox 954 1644 986 1686; x_wconf 90' lang='lat' dir='ltr'><strong>sc</strong></span> <span class='ocrx_word' id='word_1_165' title='bbox 997 1626 1082 1707; x_wconf 81' lang='lat' dir='ltr'><strong>porri</strong></span> 
     </span>
     <span class='ocr_line' id='line_1_22' title="bbox 70 1708 1085 1791; baseline 0.004 -21"><span class='ocrx_word' id='word_1_166' title='bbox 70 1728 120 1771; x_wconf 89' lang='lat' dir='ltr'><strong>cas</strong></span> <span class='ocrx_word' id='word_1_167' title='bbox 140 1710 255 1785; x_wconf 87' lang='lat' dir='ltr'><strong>lacere,</strong></span> <span class='ocrx_word' id='word_1_168' title='bbox 269 1710 394 1772; x_wconf 88' lang='lat' dir='ltr'><strong>dicendo</strong></span> <span class='ocrx_word' id='word_1_169' title='bbox 408 1710 440 1771; x_wconf 92' lang='lat' dir='ltr'><strong>id</strong></span> <span class='ocrx_word' id='word_1_170' title='bbox 455 1710 534 1789; x_wconf 93' lang='lat' dir='ltr'><strong>quod</strong></span> <span class='ocrx_word' id='word_1_171' title='bbox 551 1712 592 1772; x_wconf 86' lang='lat' dir='ltr'><strong>ait</strong></span> <span class='ocrx_word' id='word_1_172' title='bbox 609 1712 642 1772; x_wconf 90' lang='lat' dir='ltr'><strong>S.</strong></span> <span class='ocrx_word' id='word_1_173' title='bbox 660 1710 796 1773; x_wconf 80' lang='lat' dir='ltr'><strong>Tberesic</strong></span> <span class='ocrx_word' id='word_1_174' title='bbox 814 1708 832 1771; x_wconf 76' lang='lat' dir='ltr'><strong>d</strong></span> <span class='ocrx_word' id='word_1_175' title='bbox 849 1712 922 1772; x_wconf 87' lang='lat' dir='ltr'><strong>coelo</strong></span> <span class='ocrx_word' id='word_1_176' title='bbox 939 1719 1004 1791; x_wconf 85' lang='lat' dir='ltr'><strong>post</strong></span> <span class='ocrx_word' id='word_1_177' title='bbox 1019 1712 1085 1775; x_wconf 92' lang='lat' dir='ltr'><strong>obi-</strong></span> 
     </span>
     <span class='ocr_line' id='line_1_23' title="bbox 69 1791 1084 1875; baseline 0.004 -20"><span class='ocrx_word' id='word_1_178' title='bbox 69 1802 138 1855; x_wconf 88' lang='lat' dir='ltr'><strong>tum</strong></span> <span class='ocrx_word' id='word_1_179' title='bbox 151 1810 240 1855; x_wconf 91' lang='lat' dir='ltr'><strong>suum</strong></span> <span class='ocrx_word' id='word_1_180' title='bbox 252 1795 368 1855; x_wconf 84' lang='lat' dir='ltr'><strong>cuidam</strong></span> <span class='ocrx_word' id='word_1_181' title='bbox 381 1812 513 1875; x_wconf 82' lang='lat' dir='ltr'><strong>personoe</strong></span> <span class='ocrx_word' id='word_1_182' title='bbox 524 1796 684 1873; x_wconf 68' lang='lat' dir='ltr'><strong>religiosus</strong></span> <span class='ocrx_word' id='word_1_183' title='bbox 699 1795 745 1855; x_wconf 85' lang='lat' dir='ltr'><strong>Ne</strong></span> <span class='ocrx_word' id='word_1_184' title='bbox 755 1791 856 1872; x_wconf 74' lang='lat' dir='ltr'><strong>fidant</strong></span> <span class='ocrx_word' id='word_1_185' title='bbox 870 1794 980 1857; x_wconf 82' lang='lat' dir='ltr'><strong>aeincoe</strong></span> <span class='ocrx_word' id='word_1_186' title='bbox 993 1795 1084 1859; x_wconf 81' lang='lat' dir='ltr'><strong>eisin-</strong></span> 
     </span>
     <span class='ocr_line' id='line_1_24' title="bbox 68 1874 1084 1961; baseline 0.002 -22"><span class='ocrx_word' id='word_1_187' title='bbox 68 1877 181 1950; x_wconf 83' lang='lat' dir='ltr'><strong>ar&#39;bus‚</strong></span> <span class='ocrx_word' id='word_1_188' title='bbox 196 1884 225 1938; x_wconf 88' lang='lat' dir='ltr'><strong>et</strong></span> <span class='ocrx_word' id='word_1_189' title='bbox 241 1878 468 1941; x_wconf 81' lang='lat' dir='ltr'><strong>revelationibus</strong></span> <span class='ocrx_word' id='word_1_190' title='bbox 488 1876 742 1959; x_wconf 78' lang='lat' dir='ltr'><strong>particularibus,</strong></span> <span class='ocrx_word' id='word_1_191' title='bbox 762 1894 815 1939; x_wconf 78' lang='lat' dir='ltr'><strong>ecc</strong></span> <span class='ocrx_word' id='word_1_192' title='bbox 836 1874 974 1939; x_wconf 85' lang='lat' dir='ltr'><strong>collocent</strong></span> <span class='ocrx_word' id='word_1_193' title='bbox 988 1880 1084 1961; x_wconf 77' lang='lat' dir='ltr'><strong>perfe-</strong></span> 
     </span>
     <span class='ocr_line' id='line_1_25' title="bbox 69 1959 1144 2042; baseline -0.001 -14"><span class='ocrx_word' id='word_1_194' title='bbox 69 1964 200 2028; x_wconf 80' lang='lat' dir='ltr'><strong>ctionem</strong></span> <span class='ocrx_word' id='word_1_195' title='bbox 213 1962 248 2026; x_wconf 83' lang='lat' dir='ltr'><strong>in</strong></span> <span class='ocrx_word' id='word_1_196' title='bbox 260 1967 302 2027; x_wconf 85' lang='lat' dir='ltr'><strong>eir</strong></span> <span class='ocrx_word' id='word_1_197' title='bbox 317 1960 460 2028; x_wconf 80' lang='lat' dir='ltr'><strong>bcbcridia</strong></span> <span class='ocrx_word' id='word_1_198' title='bbox 474 1986 485 2024; x_wconf 78' lang='lat' dir='ltr'><strong>r</strong></span> <span class='ocrx_word' id='word_1_199' title='bbox 499 1961 566 2026; x_wconf 83' lang='lat' dir='ltr'><strong>ttctt</strong></span> <span class='ocrx_word' id='word_1_200' title='bbox 583 1964 662 2026; x_wconf 78' lang='lat' dir='ltr'><strong>enain</strong></span> <span class='ocrx_word' id='word_1_201' title='bbox 679 1960 792 2042; x_wconf 77' lang='lat' dir='ltr'><strong>atique</strong></span> <span class='ocrx_word' id='word_1_202' title='bbox 807 1980 844 2024; x_wconf 80' lang='lat' dir='ltr'><strong>ec</strong></span> <span class='ocrx_word' id='word_1_203' title='bbox 859 1961 900 2026; x_wconf 84' lang='lat' dir='ltr'><strong>cis</strong></span> <span class='ocrx_word' id='word_1_204' title='bbox 910 1964 972 2026; x_wconf 78' lang='lat' dir='ltr'><strong>sint</strong></span> <span class='ocrx_word' id='word_1_205' title='bbox 988 1982 1082 2038; x_wconf 84' lang='lat' dir='ltr'><strong>neree,</strong></span> <span class='ocrx_word' id='word_1_206' title='bbox 1138 1959 1144 1970; x_wconf 84' lang='grc'><strong>’</strong></span> 
     </span>
    </p>
   </div>
   <div class='ocr_carea' id='block_1_14' title="bbox 1 2039 1085 2130">
    <p class='ocr_par' dir='ltr' id='par_1_14' title="bbox 1 2039 1085 2142">
     <span class='ocr_line' id='line_1_26' title="bbox 1 2039 1085 2130; baseline 0.01 -24"><span class='ocrx_word' id='word_1_207' title='bbox 1 2039 5 2070; x_wconf 83' lang='grc'><strong>“</strong></span> <span class='ocrx_word' id='word_1_208' title='bbox 67 2045 174 2130; x_wconf 81' lang='lat' dir='ltr'><strong>pieres</strong></span> <span class='ocrx_word' id='word_1_209' title='bbox 192 2048 389 2111; x_wconf 82' lang='lat' dir='ltr'><strong>nibilominies</strong></span> <span class='ocrx_word' id='word_1_210' title='bbox 408 2057 481 2114; x_wconf 76' lang='lat' dir='ltr'><strong>aaut·</strong></span> <span class='ocrx_word' id='word_1_211' title='bbox 493 2045 603 2130; x_wconf 75' lang='lat' dir='ltr'><strong>false,</strong></span> <span class='ocrx_word' id='word_1_212' title='bbox 622 2057 652 2110; x_wconf 89' lang='lat' dir='ltr'><strong>et</strong></span> <span class='ocrx_word' id='word_1_213' title='bbox 668 2046 819 2110; x_wconf 71' lang='lat' dir='ltr'><strong>eaedem</strong></span> <span class='ocrx_word' id='word_1_214' title='bbox 835 2071 846 2110; x_wconf 90' lang='lat'><strong>.·</strong></span> <span class='ocrx_word' id='word_1_215' title='bbox 860 2057 889 2109; x_wconf 90' lang='lat' dir='ltr'><strong>et</strong></span> <span class='ocrx_word' id='word_1_216' title='bbox 905 2045 1024 2130; x_wconf 74' lang='lat' dir='ltr'><strong>difficile</strong></span> <span class='ocrx_word' id='word_1_217' title='bbox 1041 2059 1085 2112; x_wconf 76' lang='lat' dir='ltr'><strong>etl</strong></span> 
     </span>
    </p>
   </div>
   <div class='ocr_carea' id='block_1_15' title="bbox 69 2131 1086 3475">
    <p class='ocr_par' dir='ltr' id='par_1_15' title="bbox 69 2131 1086 3475">
     <span class='ocr_line' id='line_1_27' title="bbox 69 2131 1086 2215; baseline -0.003 -17"><span class='ocrx_word' id='word_1_218' title='bbox 69 2135 207 2200; x_wconf 76' lang='lat' dir='ltr'><strong>insanire</strong></span> <span class='ocrx_word' id='word_1_219' title='bbox 218 2152 311 2195; x_wconf 83' lang='lat' dir='ltr'><strong>anam</strong></span> <span class='ocrx_word' id='word_1_220' title='bbox 329 2134 482 2195; x_wconf 85' lang='lat' dir='ltr'><strong>ueritatem</strong></span> <span class='ocrx_word' id='word_1_221' title='bbox 502 2135 580 2196; x_wconf 81' lang='lat' dir='ltr'><strong>ieter</strong></span> <span class='ocrx_word' id='word_1_222' title='bbox 596 2131 689 2215; x_wconf 79' lang='lat' dir='ltr'><strong>plura</strong></span> <span class='ocrx_word' id='word_1_223' title='bbox 705 2131 860 2194; x_wconf 85' lang='lat' dir='ltr'><strong>mendacia</strong></span> <span class='ocrx_word' id='word_1_224' title='bbox 873 2131 975 2212; x_wconf 83' lang='lat' dir='ltr'><strong>(quare</strong></span> <span class='ocrx_word' id='word_1_225' title='bbox 986 2134 1086 2212; x_wconf 82' lang='lat' dir='ltr'><strong>plures</strong></span> 
     </span>
     <span class='ocr_line' id='line_1_28' title="bbox 69 2213 1085 2296; baseline -0.004 -13"><span class='ocrx_word' id='word_1_226' title='bbox 69 2228 145 2282; x_wconf 83' lang='lat' dir='ltr'><strong>sunt</strong></span> <span class='ocrx_word' id='word_1_227' title='bbox 163 2220 292 2277; x_wconf 85' lang='lat' dir='ltr'><strong>visiones</strong></span> <span class='ocrx_word' id='word_1_228' title='bbox 309 2218 389 2277; x_wconf 81' lang='lat' dir='ltr'><strong>lalsoe</strong></span> <span class='ocrx_word' id='word_1_229' title='bbox 404 2217 494 2295; x_wconf 81' lang='lat' dir='ltr'><strong>quim</strong></span> <span class='ocrx_word' id='word_1_230' title='bbox 512 2219 623 2296; x_wconf 78' lang='lat' dir='ltr'><strong>rcraa);</strong></span> <span class='ocrx_word' id='word_1_231' title='bbox 634 2225 664 2277; x_wconf 89' lang='lat' dir='ltr'><strong>et</strong></span> <span class='ocrx_word' id='word_1_232' title='bbox 682 2234 741 2296; x_wconf 82' lang='lat' dir='ltr'><strong>quo</strong></span> <span class='ocrx_word' id='word_1_233' title='bbox 757 2213 875 2276; x_wconf 80' lang='lat' dir='ltr'><strong>eeidids</strong></span> <span class='ocrx_word' id='word_1_234' title='bbox 896 2225 1085 2296; x_wconf 80' lang='lat' dir='ltr'><strong>expetentur,</strong></span> 
     </span>
     <span class='ocr_line' id='line_1_29' title="bbox 70 2298 1083 2382; baseline -0.001 -17"><span class='ocrx_word' id='word_1_235' title='bbox 70 2315 97 2368; x_wconf 85' lang='lat' dir='ltr'><strong>et</strong></span> <span class='ocrx_word' id='word_1_236' title='bbox 117 2305 159 2365; x_wconf 79' lang='lat' dir='ltr'><strong>e&#39;re</strong></span> <span class='ocrx_word' id='word_1_237' title='bbox 178 2299 273 2382; x_wconf 76' lang='lat' dir='ltr'><strong>pretio</strong></span> <span class='ocrx_word' id='word_1_238' title='bbox 291 2299 493 2374; x_wconf 79' lang='lat' dir='ltr'><strong>debebantur,</strong></span> <span class='ocrx_word' id='word_1_239' title='bbox 513 2302 547 2362; x_wconf 86' lang='lat' dir='ltr'><strong>ed</strong></span> <span class='ocrx_word' id='word_1_240' title='bbox 566 2300 662 2382; x_wconf 82' lang='lat' dir='ltr'><strong>nreqie</strong></span> <span class='ocrx_word' id='word_1_241' title='bbox 674 2316 802 2380; x_wconf 79' lang='lat' dir='ltr'><strong>persona</strong></span> <span class='ocrx_word' id='word_1_242' title='bbox 819 2298 967 2362; x_wconf 82' lang='lat' dir='ltr'><strong>aberrabit</strong></span> <span class='ocrx_word' id='word_1_243' title='bbox 979 2304 1000 2362; x_wconf 89' lang='lat' dir='ltr'><strong>d</strong></span> <span class='ocrx_word' id='word_1_244' title='bbox 1004 2302 1083 2382; x_wconf 80' lang='lat' dir='ltr'><strong>fide,</strong></span> 
     </span>
     <span class='ocr_line' id='line_1_30' title="bbox 69 2383 1085 2468; baseline -0.004 -13"><span class='ocrx_word' id='word_1_245' title='bbox 69 2399 97 2454; x_wconf 88' lang='lat' dir='ltr'><strong>ct</strong></span> <span class='ocrx_word' id='word_1_246' title='bbox 111 2383 304 2459; x_wconf 75' lang='lat' dir='ltr'><strong>bumilitate,</strong></span> <span class='ocrx_word' id='word_1_247' title='bbox 316 2404 383 2467; x_wconf 81' lang='lat' dir='ltr'><strong>quea</strong></span> <span class='ocrx_word' id='word_1_248' title='bbox 395 2394 437 2448; x_wconf 84' lang='lat' dir='ltr'><strong>est</strong></span> <span class='ocrx_word' id='word_1_249' title='bbox 452 2387 503 2448; x_wconf 84' lang='lat' dir='ltr'><strong>eie</strong></span> <span class='ocrx_word' id='word_1_250' title='bbox 516 2388 622 2459; x_wconf 83' lang='lat' dir='ltr'><strong>tutior,</strong></span> <span class='ocrx_word' id='word_1_251' title='bbox 634 2404 726 2468; x_wconf 83' lang='lat' dir='ltr'><strong>qaam</strong></span> <span class='ocrx_word' id='word_1_252' title='bbox 735 2385 869 2466; x_wconf 82' lang='lat' dir='ltr'><strong>posuerit</strong></span> <span class='ocrx_word' id='word_1_253' title='bbox 879 2389 971 2450; x_wconf 82' lang='lat' dir='ltr'><strong>Deus.</strong></span> <span class='ocrx_word' id='word_1_254' title='bbox 986 2391 1085 2464; x_wconf 81' lang='lat' dir='ltr'><strong>Quare</strong></span> 
     </span>
     <span class='ocr_line' id='line_1_31' title="bbox 70 2471 1081 2552; baseline -0.003 -13"><span class='ocrx_word' id='word_1_255' title='bbox 70 2477 123 2538; x_wconf 88' lang='lat' dir='ltr'><strong>det</strong></span> <span class='ocrx_word' id='word_1_256' title='bbox 143 2473 173 2534; x_wconf 86' lang='lat' dir='ltr'><strong>ci</strong></span> <span class='ocrx_word' id='word_1_257' title='bbox 192 2472 608 2545; x_wconf 85' lang='lat' dir='ltr'><strong>consilium,utorct1)eum,</strong></span> <span class='ocrx_word' id='word_1_258' title='bbox 623 2481 770 2533; x_wconf 88' lang='lat' dir='ltr'><strong>utrcram</strong></span> <span class='ocrx_word' id='word_1_259' title='bbox 787 2471 927 2533; x_wconf 88' lang='lat' dir='ltr'><strong>concedat</strong></span> <span class='ocrx_word' id='word_1_260' title='bbox 941 2475 1081 2552; x_wconf 84' lang='lat' dir='ltr'><strong>extasim,</strong></span> 
     </span>
     <span class='ocr_line' id='line_1_32' title="bbox 72 2555 1084 2636; baseline -0.003 -12"><span class='ocrx_word' id='word_1_261' title='bbox 72 2559 187 2624; x_wconf 84' lang='lat' dir='ltr'><strong>seilicet</strong></span> <span class='ocrx_word' id='word_1_262' title='bbox 208 2557 329 2619; x_wconf 89' lang='lat' dir='ltr'><strong>totalem</strong></span> <span class='ocrx_word' id='word_1_263' title='bbox 349 2555 366 2618; x_wconf 78' lang='lat' dir='ltr'><strong>b</strong></span> <span class='ocrx_word' id='word_1_264' title='bbox 387 2555 476 2618; x_wconf 88' lang='lat' dir='ltr'><strong>rebus</strong></span> <span class='ocrx_word' id='word_1_265' title='bbox 499 2557 646 2628; x_wconf 86' lang='lat' dir='ltr'><strong>terrenis,</strong></span> <span class='ocrx_word' id='word_1_266' title='bbox 666 2566 698 2617; x_wconf 91' lang='lat' dir='ltr'><strong>et</strong></span> <span class='ocrx_word' id='word_1_267' title='bbox 718 2555 736 2616; x_wconf 81' lang='lat' dir='ltr'><strong>b</strong></span> <span class='ocrx_word' id='word_1_268' title='bbox 755 2558 910 2636; x_wconf 85' lang='lat' dir='ltr'><strong>semetipsa</strong></span> <span class='ocrx_word' id='word_1_269' title='bbox 930 2558 1084 2622; x_wconf 91' lang='lat' dir='ltr'><strong>alienatio·</strong></span> 
     </span>
     <span class='ocr_line' id='line_1_33' title="bbox 72 2641 1082 2722; baseline -0.004 -15"><span class='ocrx_word' id='word_1_270' title='bbox 72 2661 144 2707; x_wconf 88' lang='lat' dir='ltr'><strong>nem</strong></span> <span class='ocrx_word' id='word_1_271' title='bbox 155 2687 164 2715; x_wconf 89' lang='lat'><strong>,</strong></span> <span class='ocrx_word' id='word_1_272' title='bbox 176 2642 307 2722; x_wconf 83' lang='lat' dir='ltr'><strong>sineque</strong></span> <span class='ocrx_word' id='word_1_273' title='bbox 326 2641 364 2702; x_wconf 83' lang='lat' dir='ltr'><strong>ed</strong></span> <span class='ocrx_word' id='word_1_274' title='bbox 376 2641 585 2719; x_wconf 86' lang='lat' dir='ltr'><strong>perlectionem</strong></span> <span class='ocrx_word' id='word_1_275' title='bbox 606 2658 770 2720; x_wconf 86' lang='lat' dir='ltr'><strong>numquam</strong></span> <span class='ocrx_word' id='word_1_276' title='bbox 791 2642 900 2702; x_wconf 84' lang='lat' dir='ltr'><strong>valebit</strong></span> <span class='ocrx_word' id='word_1_277' title='bbox 917 2645 1082 2720; x_wconf 88' lang='lat' dir='ltr'><strong>pervenire.</strong></span> 
     </span>
     <span class='ocr_line' id='line_1_34' title="bbox 73 2726 1085 2805; baseline 0 -16"><span class='ocrx_word' id='word_1_278' title='bbox 73 2727 204 2804; x_wconf 82' lang='lat' dir='ltr'><strong>Quodsi</strong></span> <span class='ocrx_word' id='word_1_279' title='bbox 225 2744 358 2805; x_wconf 90' lang='lat' dir='ltr'><strong>unquam</strong></span> <span class='ocrx_word' id='word_1_280' title='bbox 380 2727 510 2789; x_wconf 88' lang='lat' dir='ltr'><strong>director</strong></span> <span class='ocrx_word' id='word_1_281' title='bbox 532 2727 665 2786; x_wconf 87' lang='lat' dir='ltr'><strong>advertat</strong></span> <span class='ocrx_word' id='word_1_282' title='bbox 688 2726 818 2795; x_wconf 89' lang='lat' dir='ltr'><strong>animam</strong></span> <span class='ocrx_word' id='word_1_283' title='bbox 841 2743 902 2786; x_wconf 93' lang='lat' dir='ltr'><strong>non</strong></span> <span class='ocrx_word' id='word_1_284' title='bbox 926 2744 988 2786; x_wconf 89' lang='lat' dir='ltr'><strong>esse</strong></span> <span class='ocrx_word' id='word_1_285' title='bbox 1009 2726 1085 2790; x_wconf 77' lang='lat' dir='ltr'><strong>bend</strong></span> 
     </span>
     <span class='ocr_line' id='line_1_35' title="bbox 73 2810 1084 2890; baseline -0.001 -17"><span class='ocrx_word' id='word_1_286' title='bbox 73 2811 227 2876; x_wconf 87' lang='lat' dir='ltr'><strong>lundotom</strong></span> <span class='ocrx_word' id='word_1_287' title='bbox 239 2811 270 2872; x_wconf 92' lang='lat' dir='ltr'><strong>in</strong></span> <span class='ocrx_word' id='word_1_288' title='bbox 281 2829 342 2872; x_wconf 81' lang='lat' dir='ltr'><strong>susc</strong></span> <span class='ocrx_word' id='word_1_289' title='bbox 352 2811 478 2874; x_wconf 77' lang='lat' dir='ltr'><strong>miserim</strong></span> <span class='ocrx_word' id='word_1_290' title='bbox 487 2810 673 2890; x_wconf 76' lang='lat' dir='ltr'><strong>cognitione,</strong></span> <span class='ocrx_word' id='word_1_291' title='bbox 685 2815 715 2869; x_wconf 88' lang='lat' dir='ltr'><strong>ct</strong></span> <span class='ocrx_word' id='word_1_292' title='bbox 724 2810 813 2870; x_wconf 83' lang='lat' dir='ltr'><strong>vellet</strong></span> <span class='ocrx_word' id='word_1_293' title='bbox 823 2827 879 2890; x_wconf 88' lang='lat' dir='ltr'><strong>pro</strong></span> <span class='ocrx_word' id='word_1_294' title='bbox 891 2819 971 2872; x_wconf 87' lang='lat' dir='ltr'><strong>certo</strong></span> <span class='ocrx_word' id='word_1_295' title='bbox 983 2812 1084 2872; x_wconf 77' lang='lat' dir='ltr'><strong>tenere</strong></span> 
     </span>
     <span class='ocr_line' id='line_1_36' title="bbox 74 2895 1084 2976; baseline -0.003 -17"><span class='ocrx_word' id='word_1_296' title='bbox 74 2895 157 2976; x_wconf 86' lang='lat' dir='ltr'><strong>qubd</strong></span> <span class='ocrx_word' id='word_1_297' title='bbox 175 2913 236 2958; x_wconf 74' lang='lat' dir='ltr'><strong>sue</strong></span> <span class='ocrx_word' id='word_1_298' title='bbox 255 2897 536 2958; x_wconf 86' lang='lat' dir='ltr'><strong>communicationes</strong></span> <span class='ocrx_word' id='word_1_299' title='bbox 554 2897 615 2956; x_wconf 86' lang='lat' dir='ltr'><strong>sint</strong></span> <span class='ocrx_word' id='word_1_300' title='bbox 632 2895 759 2973; x_wconf 71' lang='lat' dir='ltr'><strong>divinae,</strong></span> <span class='ocrx_word' id='word_1_301' title='bbox 772 2903 804 2955; x_wconf 92' lang='lat' dir='ltr'><strong>et</strong></span> <span class='ocrx_word' id='word_1_302' title='bbox 816 2896 988 2958; x_wconf 86' lang='lat' dir='ltr'><strong>turbaretur</strong></span> <span class='ocrx_word' id='word_1_303' title='bbox 999 2897 1084 2956; x_wconf 88' lang='lat' dir='ltr'><strong>andi·</strong></span> 
     </span>
     <span class='ocr_line' id='line_1_37' title="bbox 75 2976 1084 3060; baseline 0.001 -16"><span class='ocrx_word' id='word_1_304' title='bbox 75 2980 153 3044; x_wconf 86' lang='lat' dir='ltr'><strong>endo</strong></span> <span class='ocrx_word' id='word_1_305' title='bbox 165 3024 174 3054; x_wconf 94' lang='lat'><strong>,</strong></span> <span class='ocrx_word' id='word_1_306' title='bbox 186 2979 409 3060; x_wconf 85' lang='lat' dir='ltr'><strong>qudddirector</strong></span> <span class='ocrx_word' id='word_1_307' title='bbox 431 2980 524 3044; x_wconf 90' lang='lat' dir='ltr'><strong>nollet</strong></span> <span class='ocrx_word' id='word_1_308' title='bbox 541 2999 589 3042; x_wconf 89' lang='lat' dir='ltr'><strong>eos</strong></span> <span class='ocrx_word' id='word_1_309' title='bbox 611 2980 731 3042; x_wconf 90' lang='lat' dir='ltr'><strong>credere</strong></span> <span class='ocrx_word' id='word_1_310' title='bbox 750 2976 795 3040; x_wconf 86' lang='lat' dir='ltr'><strong>uti</strong></span> <span class='ocrx_word' id='word_1_311' title='bbox 814 2978 1084 3058; x_wconf 82' lang='lat' dir='ltr'><strong>tales,pessimu1n</strong></span> 
     </span>
     <span class='ocr_line' id='line_1_38' title="bbox 74 3063 1084 3146; baseline 0 -20"><span class='ocrx_word' id='word_1_312' title='bbox 74 3067 194 3146; x_wconf 73' lang='lat' dir='ltr'><strong>signum</strong></span> <span class='ocrx_word' id='word_1_313' title='bbox 212 3074 257 3126; x_wconf 87' lang='lat' dir='ltr'><strong>cst</strong></span> <span class='ocrx_word' id='word_1_314' title='bbox 270 3086 279 3124; x_wconf 74' lang='grc' dir='ltr'><strong><em>ε</em></strong></span> <span class='ocrx_word' id='word_1_315' title='bbox 294 3067 413 3144; x_wconf 79' lang='lat' dir='ltr'><strong>signum</strong></span> <span class='ocrx_word' id='word_1_316' title='bbox 431 3075 475 3128; x_wconf 89' lang='lat' dir='ltr'><strong>est</strong></span> <span class='ocrx_word' id='word_1_317' title='bbox 499 3065 580 3145; x_wconf 80' lang='lat' dir='ltr'><strong>qnod</strong></span> <span class='ocrx_word' id='word_1_318' title='bbox 599 3066 659 3127; x_wconf 79' lang='lat' dir='ltr'><strong>ille</strong></span> <span class='ocrx_word' id='word_1_319' title='bbox 673 3067 734 3126; x_wconf 86' lang='lat' dir='ltr'><strong>sint</strong></span> <span class='ocrx_word' id='word_1_320' title='bbox 753 3064 897 3126; x_wconf 86' lang='lat' dir='ltr'><strong>daemonis</strong></span> <span class='ocrx_word' id='word_1_321' title='bbox 917 3082 953 3124; x_wconf 86' lang='lat' dir='ltr'><strong>cx</strong></span> <span class='ocrx_word' id='word_1_322' title='bbox 973 3063 1084 3126; x_wconf 81' lang='lat' dir='ltr'><strong>ellecti-</strong></span> 
     </span>
     <span class='ocr_line' id='line_1_39' title="bbox 76 3147 1084 3229; baseline 0.004 -19"><span class='ocrx_word' id='word_1_323' title='bbox 76 3149 131 3211; x_wconf 86' lang='lat' dir='ltr'><strong>bus</strong></span> <span class='ocrx_word' id='word_1_324' title='bbox 149 3150 203 3229; x_wconf 90' lang='lat' dir='ltr'><strong>qui</strong></span> <span class='ocrx_word' id='word_1_325' title='bbox 221 3151 432 3223; x_wconf 84' lang='lat' dir='ltr'><strong>observantur,</strong></span> <span class='ocrx_word' id='word_1_326' title='bbox 445 3150 554 3212; x_wconf 87' lang='lat' dir='ltr'><strong>scilieet</strong></span> <span class='ocrx_word' id='word_1_327' title='bbox 573 3149 748 3213; x_wconf 82' lang='lat' dir='ltr'><strong>adhaesionis</strong></span> <span class='ocrx_word' id='word_1_328' title='bbox 765 3147 910 3226; x_wconf 81' lang='lat' dir='ltr'><strong>superbire</strong></span> <span class='ocrx_word' id='word_1_329' title='bbox 922 3170 930 3226; x_wconf 83' lang='lat'>3</span> <span class='ocrx_word' id='word_1_330' title='bbox 941 3157 993 3210; x_wconf 86' lang='lat' dir='ltr'><strong>aut</strong></span> <span class='ocrx_word' id='word_1_331' title='bbox 1005 3151 1084 3214; x_wconf 91' lang='lat' dir='ltr'><strong>indi·</strong></span> 
     </span>
     <span class='ocr_line' id='line_1_40' title="bbox 76 3233 1083 3315; baseline 0.002 -21"><span class='ocrx_word' id='word_1_332' title='bbox 76 3234 155 3296; x_wconf 92' lang='lat' dir='ltr'><strong>cium</strong></span> <span class='ocrx_word' id='word_1_333' title='bbox 173 3241 218 3296; x_wconf 90' lang='lat' dir='ltr'><strong>est</strong></span> <span class='ocrx_word' id='word_1_334' title='bbox 236 3233 318 3313; x_wconf 88' lang='lat' dir='ltr'><strong>qudd</strong></span> <span class='ocrx_word' id='word_1_335' title='bbox 336 3235 433 3296; x_wconf 88' lang='lat' dir='ltr'><strong>anima</strong></span> <span class='ocrx_word' id='word_1_336' title='bbox 450 3253 512 3298; x_wconf 88' lang='lat' dir='ltr'><strong>aon</strong></span> <span class='ocrx_word' id='word_1_337' title='bbox 528 3233 603 3296; x_wconf 79' lang='lat' dir='ltr'><strong>bend</strong></span> <span class='ocrx_word' id='word_1_338' title='bbox 619 3235 774 3306; x_wconf 88' lang='lat' dir='ltr'><strong>ambulet,</strong></span> <span class='ocrx_word' id='word_1_339' title='bbox 787 3233 928 3310; x_wconf 90' lang='lat' dir='ltr'><strong>quoniam</strong></span> <span class='ocrx_word' id='word_1_340' title='bbox 947 3235 1009 3315; x_wconf 88' lang='lat' dir='ltr'><strong>ipsa</strong></span> <span class='ocrx_word' id='word_1_341' title='bbox 1025 3237 1083 3298; x_wconf 89' lang='lat' dir='ltr'><strong>sal·</strong></span> 
     </span>
     <span class='ocr_line' id='line_1_41' title="bbox 76 3316 1083 3397; baseline 0.006 -20"><span class='ocrx_word' id='word_1_342' title='bbox 76 3325 136 3378; x_wconf 86' lang='lat' dir='ltr'><strong>tem</strong></span> <span class='ocrx_word' id='word_1_343' title='bbox 157 3317 293 3380; x_wconf 90' lang='lat' dir='ltr'><strong>dubitare</strong></span> <span class='ocrx_word' id='word_1_344' title='bbox 314 3317 455 3394; x_wconf 89' lang='lat' dir='ltr'><strong>deberet,</strong></span> <span class='ocrx_word' id='word_1_345' title='bbox 472 3320 588 3397; x_wconf 85' lang='lat' dir='ltr'><strong>quoties</strong></span> <span class='ocrx_word' id='word_1_346' title='bbox 608 3318 726 3380; x_wconf 88' lang='lat' dir='ltr'><strong>dubitat</strong></span> <span class='ocrx_word' id='word_1_347' title='bbox 747 3316 956 3394; x_wconf 79' lang='lat' dir='ltr'><strong>confessarius,</strong></span> <span class='ocrx_word' id='word_1_348' title='bbox 970 3330 1000 3382; x_wconf 92' lang='lat' dir='ltr'><strong>ct</strong></span> <span class='ocrx_word' id='word_1_349' title='bbox 1015 3320 1083 3382; x_wconf 86' lang='lat' dir='ltr'><strong>idcb</strong></span> 
     </span>
     <span class='ocr_line' id='line_1_42' title="bbox 78 3400 1083 3475; baseline 0.003 -15"><span class='ocrx_word' id='word_1_350' title='bbox 78 3401 108 3461; x_wconf 90' lang='lat' dir='ltr'><strong>in</strong></span> <span class='ocrx_word' id='word_1_351' title='bbox 128 3400 186 3462; x_wconf 93' lang='lat' dir='ltr'><strong>hoc</strong></span> <span class='ocrx_word' id='word_1_352' title='bbox 204 3421 271 3464; x_wconf 89' lang='lat' dir='ltr'><strong>casu</strong></span> <span class='ocrx_word' id='word_1_353' title='bbox 291 3403 429 3466; x_wconf 85' lang='lat' dir='ltr'><strong>omnihus</strong></span> <span class='ocrx_word' id='word_1_354' title='bbox 450 3403 547 3466; x_wconf 85' lang='lat' dir='ltr'><strong>modis</strong></span> <span class='ocrx_word' id='word_1_355' title='bbox 568 3411 613 3464; x_wconf 87' lang='lat' dir='ltr'><strong>cst</strong></span> <span class='ocrx_word' id='word_1_356' title='bbox 635 3401 844 3475; x_wconf 87' lang='lat' dir='ltr'><strong>humilianda,</strong></span> <span class='ocrx_word' id='word_1_357' title='bbox 866 3413 896 3465; x_wconf 92' lang='lat' dir='ltr'><strong>et</strong></span> <span class='ocrx_word' id='word_1_358' title='bbox 922 3406 955 3467; x_wconf 92' lang='lat' dir='ltr'><strong>in</strong></span> <span class='ocrx_word' id='word_1_359' title='bbox 976 3407 1083 3466; x_wconf 89' lang='lat' dir='ltr'><strong>timore</strong></span> 
     </span>
    </p>
   </div>
   <div class='ocr_carea' id='block_1_16' title="bbox 56 3483 1084 3568">
    <p class='ocr_par' dir='ltr' id='par_1_16' title="bbox 56 3483 1084 3568">
     <span class='ocr_line' id='line_1_43' title="bbox 56 3483 1084 3568; baseline 0 -22"><span class='ocrx_word' id='word_1_360' title='bbox 56 3485 235 3556; x_wconf 74' lang='lat' dir='ltr'><strong>‘detinenda</strong></span> <span class='ocrx_word' id='word_1_361' title='bbox 257 3486 403 3566; x_wconf 79' lang='lat' dir='ltr'><strong>quantiam</strong></span> <span class='ocrx_word' id='word_1_362' title='bbox 422 3483 487 3550; x_wconf 87' lang='lat' dir='ltr'><strong>lieri</strong></span> <span class='ocrx_word' id='word_1_363' title='bbox 509 3497 625 3568; x_wconf 87' lang='lat' dir='ltr'><strong>potest;</strong></span> <span class='ocrx_word' id='word_1_364' title='bbox 644 3495 675 3548; x_wconf 88' lang='lat' dir='ltr'><strong>et</strong></span> <span class='ocrx_word' id='word_1_365' title='bbox 686 3495 758 3548; x_wconf 90' lang='lat' dir='ltr'><strong>tunc</strong></span> <span class='ocrx_word' id='word_1_366' title='bbox 774 3487 798 3548; x_wconf 90' lang='lat' dir='ltr'><strong>si</strong></span> <span class='ocrx_word' id='word_1_367' title='bbox 811 3506 865 3551; x_wconf 92' lang='lat' dir='ltr'><strong>nee</strong></span> <span class='ocrx_word' id='word_1_368' title='bbox 877 3491 968 3550; x_wconf 89' lang='lat' dir='ltr'><strong>etiam</strong></span> <span class='ocrx_word' id='word_1_369' title='bbox 984 3489 1084 3566; x_wconf 88' lang='lat' dir='ltr'><strong>acqui-</strong></span> 
     </span>
    </p>
   </div>
   <div class='ocr_carea' id='block_1_17' title="bbox 78 3571 1084 3719">
    <p class='ocr_par' dir='ltr' id='par_1_17' title="bbox 78 3571 1084 3719">
     <span class='ocr_line' id='line_1_44' title="bbox 78 3571 1084 3652; baseline -0.001 -18"><span class='ocrx_word' id='word_1_370' title='bbox 78 3571 362 3652; x_wconf 58' lang='lat' dir='ltr'><strong>coinquinatam</strong></span> <span class='ocrx_word' id='word_1_371' title='bbox 382 3575 610 3648; x_wconf 88' lang='lat' dir='ltr'><strong>communione,</strong></span> <span class='ocrx_word' id='word_1_372' title='bbox 627 3579 659 3634; x_wconf 87' lang='lat' dir='ltr'><strong>ct</strong></span> <span class='ocrx_word' id='word_1_373' title='bbox 677 3572 807 3638; x_wconf 81' lang='lat' dir='ltr'><strong>saveriis</strong></span> <span class='ocrx_word' id='word_1_374' title='bbox 823 3576 997 3649; x_wconf 81' lang='lat' dir='ltr'><strong>mortificet,</strong></span> <span class='ocrx_word' id='word_1_375' title='bbox 1015 3575 1084 3652; x_wconf 87' lang='lat' dir='ltr'><strong>quia</strong></span> 
     </span>
     <span class='ocr_line' id='line_1_45' title="bbox 551 3662 928 3719; baseline -0.008 0"><span class='ocrx_word' id='word_1_376' title='bbox 551 3678 554 3684; x_wconf 87' lang='lat'>·</span> <span class='ocrx_word' id='word_1_377' title='bbox 879 3662 928 3719; x_wconf 83' lang='lat' dir='ltr'><strong>ll.</strong></span> 
     </span>
    </p>
   </div>
   <div class='ocr_carea' id='block_1_18' title="bbox 0 0 1248 3975">
    <p class='ocr_par' dir='ltr' id='par_1_18' title="bbox 0 0 1248 3975">
     <span class='ocr_line' id='line_1_46' title="bbox 0 0 1248 3975; baseline 0 0"><span class='ocrx_word' id='word_1_378' title='bbox 0 0 1248 3975; x_wconf 95' lang='lat' dir='ltr'><strong> </strong></span> 
     </span>
    </p>
   </div>
  </div>
 </body>
</html>
