2475 3975
314 160 360 221 De
379 157 658 243 irrteruopotionilrue
671 158 827 241 feriendis.
1035 160 1075 223 ib

76 266 180 327 unicam
206 263 416 325 comestionem
435 262 530 325 iacere
553 264 586 323 in
609 262 684 341 die3
707 273 739 325 et
761 280 884 343 vespere
909 261 991 323 aliud
1011 279 1072 323 non

76 350 249 427 permittitur
262 347 353 427 quam
372 346 498 425 simplex
517 347 725 409 collatiuncula
738 356 806 411 ooto
819 348 976 409 unciarum
988 343 1072 424 juxta

76 450 254 495 communem
277 430 540 507 consuetudinem,
557 441 609 494 ant
625 432 664 495 ad
685 434 752 513 plus
768 433 871 493 decem
893 432 989 493 uncie
1005 448 1073 511 pos·

75 527 132 580 sunt
148 515 272 581 concedi
293 516 358 592 illi,
380 515 433 593 qui
455 516 494 578 ob
518 516 662 595 majorem
683 517 860 599 exigentiam
882 535 952 577 usus
972 515 1074 577 suisset

75 601 168 679 majori
188 600 357 681 quantitate
374 598 553 661 ordinariam
571 602 731 664 excedente
745 600 780 682 ll.
792 621 819 663 e.
832 620 866 665 n.
880 599 993 677 idib).
1005 600 1076 659 Paa-

74 704 147 763 peres
165 685 245 749 aero
268 685 377 765 quibus
396 683 484 747 mand
506 703 565 745 non
583 686 686 747 luisset
707 686 791 748 cibus
807 685 956 747 sufficiens
971 692 1000 745 et
1013 701 1073 743 non

74 777 185 846 possunt
209 769 369 833 sustentari
389 769 451 831 soli
472 769 679 833 collationeuld
691 772 839 841 serotini,
852 770 884 832 lri
899 777 1077 833 excusantur

73 849 99 930 [l.
111 874 134 915 e.
144 873 178 914 n.
193 856 284 915 tots.
294 871 324 914 o.
337 852 504 932 Senatorio).
519 854 606 928 Quid
626 855 652 915 si
672 873 794 935 vespere
809 853 841 914 hi
853 854 998 915 habereut
1009 852 1071 913 sul·

72 936 211 1001 linientem
231 939 350 1010 eibum,
373 937 476 999 dicunt
490 940 554 997 DD.
575 937 631 999 laos
649 940 745 1001 teucri
760 939 798 999 ad
808 937 975 1017 jejunium,
990 946 1074 997 ante·

72 1026 206 1087 vertendo
229 1025 377 1086 coenulnm
397 1024 437 1085 ad
454 1022 631 1100 meridiem
646 1024 697 1084 sod
713 1025 801 1086 multi
814 1025 864 1085 alii
877 1024 934 1087 troc
946 1032 1076 1101 negem,

72 1108 131 1183 quia
154 1108 330 1187 bujusmodi
351 1108 501 1187 ieiunium
526 1106 717 1171 incommodo
740 1108 977 1173 extraordinario
1000 1116 1074 1167 esset

72 1192 132 1287 illis.
143 1194 350 1266 Observentup
366 1214 431 1273 qun
441 1195 473 1255 in
483 1195 580 1274 Opere
594 1192 744 1257 habentur
756 1192 833 1275 (tit.
847 1197 877 1257 i.
891 1211 976 1257 note.
986 1191 1072 1253 l03l.

72 1294 140 1337 careo
152 1277 258 1359 fiuent.
276 1322 284 1338 .

104 1279 272 1444 Postquam)
282 1364 339 1425 tale
355 1381 478 1425 examen
491 1362 506 1423 ia
517 1363 643 1426 rudibus
655 1364 805 1444 exegerit,
816 1362 1074 1441 quomodopostcn

73 1447 257 1511 confessarius
282 1468 313 1511 se
338 1467 441 1529 gerere
463 1449 590 1522 debeat,
607 1458 645 1527 ut
663 1448 801 1528 disponet
823 1449 1015 1529 poenitentem
1038 1446 1075 1507 ad

71 1531 249 1607 dolorem‚et
261 1534 403 1613 adjungat
414 1532 798 1613 paenitentiamjamsupra
810 1543 908 1594 actum
918 1532 1073 1611 est(a.l0.

72 1622 95 1674 et
108 1615 177 1695 ll.).
191 1617 251 1687 Sed
266 1627 336 1679 ante
354 1620 455 1687 omnia
470 1618 604 1681 advertat
619 1620 679 1680 tole
696 1635 820 1679 examen
840 1636 902 1678 non
923 1617 1075 1695 negligen-

72 1698 154 1773 dum,
177 1703 232 1763 ubi
250 1702 436 1783 cognoscitur
449 1721 531 1782 opus
556 1721 643 1776 esse,
664 1703 739 1763 diam
762 1703 914 1765 invenitur
932 1701 1075 1762 contest·

72 1782 177 1849 riorum
195 1784 293 1865 maior
314 1805 382 1867 pars
401 1788 433 1848 in
456 1785 513 1849 hoe
531 1798 644 1866 puncto
663 1787 775 1849 deesse.

424 1974 644 2056 etrttuttttt
663 1976 716 2045 lll.

75 2163 112 2224 Dc
127 2165 406 2248 tormopottonttaa
423 2164 597 2228 odbibotdia
613 2183 680 2225 eam
694 2165 828 2245 posonio
840 2163 951 2225 diversi
961 2163 1075 2241 stetis,

101 2260 152 2313 out
163 2251 359 2331 eortditionr‘e,
374 2271 442 2334 poce
453 2260 525 2314 sunt
536 2249 720 2312 emuneotiae
730 2248 840 2333 porum
853 2243 1040 2310 oreticulosae.

107 2461 154 2525 ts.
229 2458 256 2532 ie
274 2459 457 2533 advertitur,
469 2457 551 2538 qubd
572 2460 649 2522 cirea
668 2458 860 2540 obligationes
880 2462 994 2542 proprii
1017 2471 1076 2524 sta·

76 2541 135 2612 tris.
152 2555 206 2608 aut
228 2545 317 2608 ollicii
337 2564 398 2607 non
411 2563 527 2624 semper
550 2545 677 2608 sullieiat
693 2545 869 2606 confessario
882 2547 1076 2624 poeoitentem

76 2627 250 2709 interrogare
266 2628 401 2702 tautdm,
417 2649 456 2692 an
476 2649 560 2692 suarn
581 2631 793 2710 obligationem
808 2630 994 2709 impleverit,
1007 2632 1076 2694 edna

75 2713 213 2786 poenitens
235 2714 355 2776 videtur
378 2733 441 2775 esse
465 2715 651 2778 eonscientiae
673 2710 781 2792 partlm
805 2714 1005 2786 meticulosus,
1025 2727 1077 2778 aut

74 2798 260 2863 confessarius
275 2799 395 2862 aliunde
413 2799 502 2862 habet
517 2799 722 2861 rationabilem
731 2800 927 2879 suspicionem
937 2799 1017 2878 quta
1027 2802 1078 2862 illo

75 2881 128 2944 suis
148 2883 378 2963 obligationibus
395 2883 470 2947 desit
487 2895 582 2964 3tunc
596 2892 732 2964 oportet,
747 2894 783 2946 ut
799 2886 898 2966 ipsum
917 2887 1078 2964 interroget

75 2964 103 3026 iu
115 2970 304 3046 particulari,
318 2971 421 3032 saltem
436 2971 513 3032 eirea
530 2969 597 3050 ejus
611 2970 805 3050 obligationes
824 2971 1057 3051 principaliores.

109 3054 157 3114 tt.
174 3055 211 3116 lit
224 3053 345 3134 primi),
359 3057 384 3116 si
400 3065 444 3120 cst
459 3058 593 3118 sacerdos
613 3059 664 3135 qui
680 3056 717 3117 ad
734 3056 936 3118 confitendum
947 3057 1076 3132 aceedit,

76 3136 269 3220 interrogetur
292 3143 322 3202 l.
344 3160 382 3204 an
401 3143 573 3204 satisfecerit
596 3140 679 3204 horis
703 3141 869 3214 canonicis,
890 3149 920 3201 et
939 3144 1079 3205 oneribus

78 3223 246 3299 missarum,
268 3228 375 3288 volan
398 3226 451 3288 has
469 3245 524 3307 per
542 3229 672 3292 multum
695 3235 812 3305 tempus
835 3225 984 3289 distulerit
1003 3230 1078 3289 cele-

79 3305 180 3370 brare?
190 3313 220 3372 2.
230 3329 269 3371 an
285 3312 514 3391 negotiationem
525 3313 710 3374 exercuerit?
720 3312 750 3371 5.
763 3329 800 3371 an
809 3312 897 3372 nimis
907 3312 1078 3373 festinanter

79 3391 188 3456 missam
203 3395 356 3458 absoluat?
371 3415 441 3460 nam
462 3398 487 3458 si
511 3397 587 3458 inira
607 3394 803 3474 quadrantem
822 3394 905 3457 horae
923 3397 1005 3456 illam
1019 3406 1065 3456 ter

79 3473 180 3554 minat,
198 3479 262 3558 ipse
281 3478 299 3540 d
318 3479 403 3559 eulpa
422 3481 504 3557 gravi
522 3481 627 3557 nequit
649 3481 797 3551 excusari,
812 3479 927 3541 etiamsi
941 3480 1027 3538 missa
1040 3481 1078 3541 sit

79 3557 111 3619 ‹le
120 3563 270 3646 requiem,
283 3571 316 3626 ut
325 3584 384 3627 non
396 3567 460 3630 sine
470 3583 576 3644 magno
588 3563 779 3627 fundamento
792 3566 892 3646 plures
901 3565 964 3625 DD.
973 3563 1078 3626 docent
