<?xml version="1.0" encoding="UTF-8"?>
<!DOCTYPE html PUBLIC "-//W3C//DTD XHTML 1.0 Transitional//EN"
    "http://www.w3.org/TR/xhtml1/DTD/xhtml1-transitional.dtd">
<html xmlns="http://www.w3.org/1999/xhtml" xml:lang="en" lang="en">
 <head>
  <title>
</title>
<meta http-equiv="Content-Type" content="text/html;charset=utf-8" />
  <meta name='ocr-system' content='tesseract 3.04.00' />
  <meta name='ocr-capabilities' content='ocr_page ocr_carea ocr_par ocr_line ocrx_word'/>
</head>
<body>
  <div class='ocr_page' id='page_1' title='image "./theologiamorali04heilgoog_0051.png"; bbox 0 0 2475 3975; ppageno 0'>
   <div class='ocr_carea' id='block_1_1' title="bbox 3 142 1081 2459">
    <p class='ocr_par' dir='ltr' id='par_1_1' title="bbox 3 142 1081 2459">
     <span class='ocr_line' id='line_1_1' title="bbox 314 142 1081 245; baseline 0.001 -28"><span class='ocrx_word' id='word_1_1' title='bbox 314 142 367 245; x_wconf 78' lang='lat' dir='ltr'><strong>¹lie</strong></span> <span class='ocrx_word' id='word_1_2' title='bbox 383 154 662 237; x_wconf 72' lang='lat' dir='ltr'><strong>tirtrrrepartoottos</strong></span> <span class='ocrx_word' id='word_1_3' title='bbox 680 153 836 235; x_wconf 65' lang='lat' dir='ltr'><strong>[romelia</strong></span> <span class='ocrx_word' id='word_1_4' title='bbox 1042 156 1081 218; x_wconf 70' lang='lat' dir='ltr'><strong>Si</strong></span> 
     </span>
     <span class='ocr_line' id='line_1_2' title="bbox 64 254 1077 337; baseline 0.002 -20"><span class='ocrx_word' id='word_1_5' title='bbox 64 254 145 334; x_wconf 78' lang='lat' dir='ltr'><strong>aigne</strong></span> <span class='ocrx_word' id='word_1_6' title='bbox 156 255 328 317; x_wconf 86' lang='lat' dir='ltr'><strong>communie</strong></span> <span class='ocrx_word' id='word_1_7' title='bbox 341 257 477 317; x_wconf 74' lang='lat' dir='ltr'><strong>amicitiae</strong></span> <span class='ocrx_word' id='word_1_8' title='bbox 489 257 632 337; x_wconf 74' lang='lat' dir='ltr'><strong>negavit?</strong></span> <span class='ocrx_word' id='word_1_9' title='bbox 645 254 739 317; x_wconf 83' lang='lat' dir='ltr'><strong>Ethic</strong></span> <span class='ocrx_word' id='word_1_10' title='bbox 749 254 867 337; x_wconf 85' lang='lat' dir='ltr'><strong>expedit</strong></span> <span class='ocrx_word' id='word_1_11' title='bbox 880 256 960 319; x_wconf 91' lang='lat' dir='ltr'><strong>illius</strong></span> <span class='ocrx_word' id='word_1_12' title='bbox 973 256 1056 319; x_wconf 89' lang='lat' dir='ltr'><strong>dubii</strong></span> <span class='ocrx_word' id='word_1_13' title='bbox 1068 304 1077 328; x_wconf 76' lang='lat'><em>‚</em></span> 
     </span>
     <span class='ocr_line' id='line_1_3' title="bbox 64 339 1078 421; baseline 0.004 -20"><span class='ocrx_word' id='word_1_14' title='bbox 64 341 145 421; x_wconf 87' lang='lat' dir='ltr'><strong>quod</strong></span> <span class='ocrx_word' id='word_1_15' title='bbox 163 340 245 401; x_wconf 90' lang='lat' dir='ltr'><strong>inter</strong></span> <span class='ocrx_word' id='word_1_16' title='bbox 266 342 407 401; x_wconf 78' lang='lat' dir='ltr'><strong>Doctores</strong></span> <span class='ocrx_word' id='word_1_17' title='bbox 425 351 586 413; x_wconf 84' lang='lat' dir='ltr'><strong>movetur,</strong></span> <span class='ocrx_word' id='word_1_18' title='bbox 608 340 802 413; x_wconf 77' lang='lat' dir='ltr'>meminisse,</span> <span class='ocrx_word' id='word_1_19' title='bbox 823 339 927 403; x_wconf 76' lang='lat' dir='ltr'><strong>utrium</strong></span> <span class='ocrx_word' id='word_1_20' title='bbox 949 342 1078 405; x_wconf 79' lang='lat' dir='ltr'><strong>offensus</strong></span> 
     </span>
     <span class='ocr_line' id='line_1_4' title="bbox 65 422 1077 507; baseline 0.004 -21"><span class='ocrx_word' id='word_1_21' title='bbox 65 426 204 487; x_wconf 88' lang='lat' dir='ltr'><strong>ollensori</strong></span> <span class='ocrx_word' id='word_1_22' title='bbox 220 434 357 487; x_wconf 86' lang='lat' dir='ltr'><strong>teneatur</strong></span> <span class='ocrx_word' id='word_1_23' title='bbox 371 426 576 487; x_wconf 80' lang='lat' dir='ltr'><strong>remissionem</strong></span> <span class='ocrx_word' id='word_1_24' title='bbox 593 426 709 503; x_wconf 86' lang='lat' dir='ltr'><strong>iacere,</strong></span> <span class='ocrx_word' id='word_1_25' title='bbox 723 422 873 487; x_wconf 81' lang='lat' dir='ltr'><strong>Solmoot.</strong></span> <span class='ocrx_word' id='word_1_26' title='bbox 895 426 999 488; x_wconf 87' lang='lat' dir='ltr'><strong>dieunt</strong></span> <span class='ocrx_word' id='word_1_27' title='bbox 1009 429 1077 507; x_wconf 84' lang='lat' dir='ltr'><strong>(Tr.</strong></span> 
     </span>
     <span class='ocr_line' id='line_1_5' title="bbox 65 508 1078 591; baseline 0.005 -20"><span class='ocrx_word' id='word_1_28' title='bbox 65 514 113 573; x_wconf 74' lang='lat' dir='ltr'><strong>il.</strong></span> <span class='ocrx_word' id='word_1_29' title='bbox 129 530 155 572; x_wconf 88' lang='lat' dir='ltr'><strong>c.</strong></span> <span class='ocrx_word' id='word_1_30' title='bbox 180 513 209 571; x_wconf 84' lang='grc'><strong>6.</strong></span> <span class='ocrx_word' id='word_1_31' title='bbox 230 530 263 571; x_wconf 81' lang='grc' dir='ltr'><strong>ιι.</strong></span> <span class='ocrx_word' id='word_1_32' title='bbox 284 509 349 588; x_wconf 86' lang='lat' dir='ltr'><strong>t8.)</strong></span> <span class='ocrx_word' id='word_1_33' title='bbox 373 510 518 573; x_wconf 89' lang='lat' dir='ltr'><strong>ollensum</strong></span> <span class='ocrx_word' id='word_1_34' title='bbox 542 510 636 572; x_wconf 76' lang='lat' dir='ltr'><strong>teneri</strong></span> <span class='ocrx_word' id='word_1_35' title='bbox 665 508 786 591; x_wconf 89' lang='lat' dir='ltr'><strong>quidem</strong></span> <span class='ocrx_word' id='word_1_36' title='bbox 809 510 847 571; x_wconf 89' lang='lat' dir='ltr'><strong>ad</strong></span> <span class='ocrx_word' id='word_1_37' title='bbox 872 512 1078 576; x_wconf 82' lang='lat' dir='ltr'><strong>remissionem</strong></span> 
     </span>
     <span class='ocr_line' id='line_1_6' title="bbox 65 595 1080 675; baseline 0.004 -20"><span class='ocrx_word' id='word_1_38' title='bbox 65 596 199 675; x_wconf 83' lang='lat' dir='ltr'><strong>injuriae,</strong></span> <span class='ocrx_word' id='word_1_39' title='bbox 222 613 284 655; x_wconf 88' lang='lat' dir='ltr'><strong>non</strong></span> <span class='ocrx_word' id='word_1_40' title='bbox 300 603 400 655; x_wconf 91' lang='lat' dir='ltr'><strong>autem</strong></span> <span class='ocrx_word' id='word_1_41' title='bbox 413 595 537 673; x_wconf 89' lang='lat' dir='ltr'><strong>publicae</strong></span> <span class='ocrx_word' id='word_1_42' title='bbox 552 613 668 674; x_wconf 79' lang='lat' dir='ltr'><strong>poento,</strong></span> <span class='ocrx_word' id='word_1_43' title='bbox 687 595 757 675; x_wconf 90' lang='lat' dir='ltr'><strong>quia</strong></span> <span class='ocrx_word' id='word_1_44' title='bbox 775 598 840 656; x_wconf 85' lang='lat' dir='ltr'><strong>haee</strong></span> <span class='ocrx_word' id='word_1_45' title='bbox 858 596 891 657; x_wconf 92' lang='lat' dir='ltr'><strong>in</strong></span> <span class='ocrx_word' id='word_1_46' title='bbox 908 595 1080 674; x_wconf 71' lang='lat' dir='ltr'><strong>reipublice</strong></span> 
     </span>
     <span class='ocr_line' id='line_1_7' title="bbox 63 678 1078 761; baseline 0.005 -21"><span class='ocrx_word' id='word_1_47' title='bbox 63 681 179 742; x_wconf 88' lang='lat' dir='ltr'><strong>bonum</strong></span> <span class='ocrx_word' id='word_1_48' title='bbox 197 678 355 741; x_wconf 86' lang='lat' dir='ltr'><strong>redundat.</strong></span> <span class='ocrx_word' id='word_1_49' title='bbox 369 678 553 759; x_wconf 76' lang='lat' dir='ltr'><strong>speculative</strong></span> <span class='ocrx_word' id='word_1_50' title='bbox 571 678 739 761; x_wconf 88' lang='lat' dir='ltr'><strong>loquendo,</strong></span> <span class='ocrx_word' id='word_1_51' title='bbox 762 680 908 741; x_wconf 88' lang='lat' dir='ltr'><strong>sententia</strong></span> <span class='ocrx_word' id='word_1_52' title='bbox 927 698 999 741; x_wconf 90' lang='lat' dir='ltr'><strong>vcra</strong></span> <span class='ocrx_word' id='word_1_53' title='bbox 1015 692 1078 759; x_wconf 63' lang='grc' dir='ltr'>αις</span> 
     </span>
     <span class='ocr_line' id='line_1_8' title="bbox 63 762 1077 847; baseline 0.004 -22"><span class='ocrx_word' id='word_1_54' title='bbox 63 764 114 825; x_wconf 88' lang='lat' dir='ltr'><strong>scd</strong></span> <span class='ocrx_word' id='word_1_55' title='bbox 137 764 171 827; x_wconf 90' lang='lat' dir='ltr'><strong>in</strong></span> <span class='ocrx_word' id='word_1_56' title='bbox 185 765 269 844; x_wconf 82' lang='lat' dir='ltr'><strong>praxi</strong></span> <span class='ocrx_word' id='word_1_57' title='bbox 291 782 444 843; x_wconf 88' lang='lat' dir='ltr'><strong>nunquam</strong></span> <span class='ocrx_word' id='word_1_58' title='bbox 462 762 537 825; x_wconf 91' lang='lat' dir='ltr'><strong>mihi</strong></span> <span class='ocrx_word' id='word_1_59' title='bbox 553 765 610 825; x_wconf 86' lang='lat' dir='ltr'><strong>luit</strong></span> <span class='ocrx_word' id='word_1_60' title='bbox 624 766 742 825; x_wconf 91' lang='lat' dir='ltr'><strong>animus</strong></span> <span class='ocrx_word' id='word_1_61' title='bbox 764 763 936 827; x_wconf 87' lang='lat' dir='ltr'><strong>absolvendi</strong></span> <span class='ocrx_word' id='word_1_62' title='bbox 948 767 1077 847; x_wconf 82' lang='lat' dir='ltr'><strong>aliquem</strong></span> 
     </span>
     <span class='ocr_line' id='line_1_9' title="bbox 63 848 1077 928; baseline 0.005 -19"><span class='ocrx_word' id='word_1_63' title='bbox 63 850 216 923; x_wconf 86' lang='lat' dir='ltr'><strong>istorum,</strong></span> <span class='ocrx_word' id='word_1_64' title='bbox 240 851 292 928; x_wconf 86' lang='lat' dir='ltr'><strong>qui</strong></span> <span class='ocrx_word' id='word_1_65' title='bbox 323 848 460 909; x_wconf 85' lang='lat' dir='ltr'><strong>dicebant</strong></span> <span class='ocrx_word' id='word_1_66' title='bbox 489 864 522 909; x_wconf 90' lang='lat' dir='ltr'><strong>se</strong></span> <span class='ocrx_word' id='word_1_67' title='bbox 546 865 668 928; x_wconf 76' lang='lat' dir='ltr'><strong>parcere</strong></span> <span class='ocrx_word' id='word_1_68' title='bbox 698 849 839 925; x_wconf 86' lang='lat' dir='ltr'><strong>inimico,</strong></span> <span class='ocrx_word' id='word_1_69' title='bbox 863 851 915 912; x_wconf 90' lang='lat' dir='ltr'><strong>sed</strong></span> <span class='ocrx_word' id='word_1_70' title='bbox 945 852 1022 914; x_wconf 90' lang='lat' dir='ltr'><strong>velle</strong></span> <span class='ocrx_word' id='word_1_71' title='bbox 1043 862 1077 914; x_wconf 93' lang='lat' dir='ltr'><strong>ut</strong></span> 
     </span>
     <span class='ocr_line' id='line_1_10' title="bbox 60 932 1077 1013; baseline 0.004 -19"><span class='ocrx_word' id='word_1_72' title='bbox 60 933 177 1011; x_wconf 88' lang='lat' dir='ltr'><strong>justitie</strong></span> <span class='ocrx_word' id='word_1_73' title='bbox 196 938 284 995; x_wconf 88' lang='lat' dir='ltr'><strong>suum</strong></span> <span class='ocrx_word' id='word_1_74' title='bbox 308 934 405 995; x_wconf 87' lang='lat' dir='ltr'><strong>locum</strong></span> <span class='ocrx_word' id='word_1_75' title='bbox 432 932 579 1006; x_wconf 85' lang='lat' dir='ltr'><strong>haberet,</strong></span> <span class='ocrx_word' id='word_1_76' title='bbox 599 940 636 993; x_wconf 93' lang='lat' dir='ltr'><strong>ut</strong></span> <span class='ocrx_word' id='word_1_77' title='bbox 656 932 768 995; x_wconf 86' lang='lat' dir='ltr'><strong>scelesti</strong></span> <span class='ocrx_word' id='word_1_78' title='bbox 790 935 879 1013; x_wconf 80' lang='lat' dir='ltr'><strong>digna</strong></span> <span class='ocrx_word' id='word_1_79' title='bbox 903 935 987 997; x_wconf 83' lang='lat' dir='ltr'><strong>iactis</strong></span> <span class='ocrx_word' id='word_1_80' title='bbox 1015 938 1077 998; x_wconf 84' lang='lat' dir='ltr'><strong>suis</strong></span> 
     </span>
     <span class='ocr_line' id='line_1_11' title="bbox 64 1015 1078 1099; baseline 0.002 -20"><span class='ocrx_word' id='word_1_81' title='bbox 64 1019 253 1099; x_wconf 78' lang='lat' dir='ltr'><strong>reciperent3</strong></span> <span class='ocrx_word' id='word_1_82' title='bbox 274 1036 428 1097; x_wconf 90' lang='lat' dir='ltr'><strong>nunquam</strong></span> <span class='ocrx_word' id='word_1_83' title='bbox 450 1018 532 1079; x_wconf 90' lang='lat' dir='ltr'><strong>enim</strong></span> <span class='ocrx_word' id='word_1_84' title='bbox 552 1016 628 1079; x_wconf 89' lang='lat' dir='ltr'><strong>milri</strong></span> <span class='ocrx_word' id='word_1_85' title='bbox 651 1015 775 1078; x_wconf 88' lang='lat' dir='ltr'><strong>suadere</strong></span> <span class='ocrx_word' id='word_1_86' title='bbox 796 1018 901 1097; x_wconf 89' lang='lat' dir='ltr'><strong>potui,</strong></span> <span class='ocrx_word' id='word_1_87' title='bbox 919 1018 999 1097; x_wconf 77' lang='lat' dir='ltr'><strong>quod</strong></span> <span class='ocrx_word' id='word_1_88' title='bbox 1020 1019 1078 1081; x_wconf 91' lang='lat' dir='ltr'><strong>hu·</strong></span> 
     </span>
     <span class='ocr_line' id='line_1_12' title="bbox 59 1102 1078 1184; baseline 0.002 -20"><span class='ocrx_word' id='word_1_89' title='bbox 59 1102 191 1181; x_wconf 86' lang='lat' dir='ltr'><strong>jusmodi</strong></span> <span class='ocrx_word' id='word_1_90' title='bbox 204 1106 255 1183; x_wconf 89' lang='lat' dir='ltr'><strong>qui</strong></span> <span class='ocrx_word' id='word_1_91' title='bbox 266 1104 445 1184; x_wconf 90' lang='lat' dir='ltr'><strong>quandoque</strong></span> <span class='ocrx_word' id='word_1_92' title='bbox 457 1103 581 1184; x_wconf 86' lang='lat' dir='ltr'><strong>peccetis</strong></span> <span class='ocrx_word' id='word_1_93' title='bbox 598 1104 713 1164; x_wconf 88' lang='lat' dir='ltr'><strong>onerati</strong></span> <span class='ocrx_word' id='word_1_94' title='bbox 731 1103 966 1177; x_wconf 86' lang='lat' dir='ltr'><strong>eccedunt‚tam</strong></span> <span class='ocrx_word' id='word_1_95' title='bbox 978 1113 1078 1166; x_wconf 91' lang='lat' dir='ltr'><strong>ament</strong></span> 
     </span>
     <span class='ocr_line' id='line_1_13' title="bbox 62 1188 1078 1270; baseline 0 -18"><span class='ocrx_word' id='word_1_96' title='bbox 62 1192 176 1253; x_wconf 86' lang='lat' dir='ltr'><strong>honum</strong></span> <span class='ocrx_word' id='word_1_97' title='bbox 190 1208 348 1254; x_wconf 90' lang='lat' dir='ltr'><strong>commune</strong></span> <span class='ocrx_word' id='word_1_98' title='bbox 357 1234 367 1266; x_wconf 91' lang='lat'><strong><em>‚</em></strong></span> <span class='ocrx_word' id='word_1_99' title='bbox 381 1198 411 1250; x_wconf 92' lang='lat' dir='ltr'><strong>et</strong></span> <span class='ocrx_word' id='word_1_100' title='bbox 424 1188 570 1267; x_wconf 84' lang='lat' dir='ltr'><strong>justitiam</strong></span> <span class='ocrx_word' id='word_1_101' title='bbox 590 1188 664 1269; x_wconf 84' lang='lat' dir='ltr'><strong>(non</strong></span> <span class='ocrx_word' id='word_1_102' title='bbox 674 1188 738 1267; x_wconf 88' lang='lat' dir='ltr'><strong>jam</strong></span> <span class='ocrx_word' id='word_1_103' title='bbox 761 1191 793 1253; x_wconf 90' lang='lat' dir='ltr'><strong>iu</strong></span> <span class='ocrx_word' id='word_1_104' title='bbox 813 1189 886 1250; x_wconf 91' lang='lat' dir='ltr'><strong>alios</strong></span> <span class='ocrx_word' id='word_1_105' title='bbox 902 1190 1078 1270; x_wconf 89' lang='lat' dir='ltr'><strong>delinquen·</strong></span> 
     </span>
     <span class='ocr_line' id='line_1_14' title="bbox 62 1272 1080 1357; baseline 0.001 -21"><span class='ocrx_word' id='word_1_106' title='bbox 62 1286 125 1348; x_wconf 86' lang='lat' dir='ltr'><strong>tes,</strong></span> <span class='ocrx_word' id='word_1_107' title='bbox 140 1274 192 1335; x_wconf 90' lang='lat' dir='ltr'><strong>sed</strong></span> <span class='ocrx_word' id='word_1_108' title='bbox 205 1272 302 1352; x_wconf 78' lang='lat' dir='ltr'><strong>solium</strong></span> <span class='ocrx_word' id='word_1_109' title='bbox 318 1276 350 1335; x_wconf 92' lang='lat' dir='ltr'><strong>in</strong></span> <span class='ocrx_word' id='word_1_110' title='bbox 364 1292 432 1335; x_wconf 90' lang='lat' dir='ltr'><strong>suos</strong></span> <span class='ocrx_word' id='word_1_111' title='bbox 450 1274 638 1354; x_wconf 79' lang='lat' dir='ltr'><strong>offensores),</strong></span> <span class='ocrx_word' id='word_1_112' title='bbox 657 1284 693 1336; x_wconf 92' lang='lat' dir='ltr'><strong>ut</strong></span> <span class='ocrx_word' id='word_1_113' title='bbox 708 1276 826 1337; x_wconf 89' lang='lat' dir='ltr'><strong>animus</strong></span> <span class='ocrx_word' id='word_1_114' title='bbox 845 1292 953 1338; x_wconf 88' lang='lat' dir='ltr'><strong>eorum</strong></span> <span class='ocrx_word' id='word_1_115' title='bbox 967 1278 1007 1338; x_wconf 89' lang='lat' dir='ltr'><strong>sit</strong></span> <span class='ocrx_word' id='word_1_116' title='bbox 1026 1296 1080 1357; x_wconf 87' lang='lat' dir='ltr'><strong>pe·</strong></span> 
     </span>
     <span class='ocr_line' id='line_1_15' title="bbox 61 1359 1078 1426; baseline 0.002 -4"><span class='ocrx_word' id='word_1_117' title='bbox 61 1361 144 1423; x_wconf 77' lang='lat' dir='ltr'><strong>nitius</strong></span> <span class='ocrx_word' id='word_1_118' title='bbox 164 1360 201 1421; x_wconf 90' lang='lat' dir='ltr'><strong>ab</strong></span> <span class='ocrx_word' id='word_1_119' title='bbox 218 1361 299 1421; x_wconf 89' lang='lat' dir='ltr'><strong>omni</strong></span> <span class='ocrx_word' id='word_1_120' title='bbox 316 1359 455 1420; x_wconf 85' lang='lat' dir='ltr'><strong>vindictae</strong></span> <span class='ocrx_word' id='word_1_121' title='bbox 470 1360 576 1419; x_wconf 88' lang='lat' dir='ltr'><strong>aliectu</strong></span> <span class='ocrx_word' id='word_1_122' title='bbox 599 1361 723 1421; x_wconf 86' lang='lat' dir='ltr'><strong>alienus.</strong></span> <span class='ocrx_word' id='word_1_123' title='bbox 746 1361 830 1422; x_wconf 86' lang='lat' dir='ltr'><strong>Unde</strong></span> <span class='ocrx_word' id='word_1_124' title='bbox 851 1363 962 1423; x_wconf 88' lang='lat' dir='ltr'><strong>inistis</strong></span> <span class='ocrx_word' id='word_1_125' title='bbox 979 1364 1078 1426; x_wconf 85' lang='lat' dir='ltr'><strong>facilli·</strong></span> 
     </span>
     <span class='ocr_line' id='line_1_16' title="bbox 60 1441 1076 1529; baseline 0.003 -22"><span class='ocrx_word' id='word_1_126' title='bbox 60 1465 147 1507; x_wconf 89' lang='lat' dir='ltr'><strong>mum</strong></span> <span class='ocrx_word' id='word_1_127' title='bbox 171 1454 234 1516; x_wconf 82' lang='lat' dir='ltr'><strong>eet,</strong></span> <span class='ocrx_word' id='word_1_128' title='bbox 252 1452 286 1505; x_wconf 91' lang='lat' dir='ltr'><strong>ut</strong></span> <span class='ocrx_word' id='word_1_129' title='bbox 307 1443 411 1505; x_wconf 88' lang='lat' dir='ltr'><strong>dicunt</strong></span> <span class='ocrx_word' id='word_1_130' title='bbox 423 1445 512 1505; x_wconf 93' lang='lat' dir='ltr'><strong>multi</strong></span> <span class='ocrx_word' id='word_1_131' title='bbox 524 1444 574 1505; x_wconf 87' lang='lat' dir='ltr'><strong>alii</strong></span> <span class='ocrx_word' id='word_1_132' title='bbox 594 1444 660 1504; x_wconf 90' lang='lat' dir='ltr'><strong>DD.</strong></span> <span class='ocrx_word' id='word_1_133' title='bbox 675 1442 751 1524; x_wconf 79' lang='lat' dir='ltr'><strong>(tit.</strong></span> <span class='ocrx_word' id='word_1_134' title='bbox 767 1446 797 1506; x_wconf 80' lang='lat' dir='ltr'><strong>il.</strong></span> <span class='ocrx_word' id='word_1_135' title='bbox 811 1464 843 1505; x_wconf 84' lang='grc' dir='ltr'><strong>ιι.</strong></span> <span class='ocrx_word' id='word_1_136' title='bbox 861 1448 953 1507; x_wconf 61' lang='grc' dir='ltr'>ιιι).</span> <span class='ocrx_word' id='word_1_137' title='bbox 966 1441 1076 1529; x_wconf 67' lang='lat' dir='ltr'><strong>liciti,</strong></span> 
     </span>
     <span class='ocr_line' id='line_1_17' title="bbox 60 1529 1077 1613; baseline 0.004 -20"><span class='ocrx_word' id='word_1_138' title='bbox 60 1549 169 1593; x_wconf 89' lang='lat' dir='ltr'><strong>corum</strong></span> <span class='ocrx_word' id='word_1_139' title='bbox 191 1530 330 1593; x_wconf 75' lang='lat' dir='ltr'><strong>affectum</strong></span> <span class='ocrx_word' id='word_1_140' title='bbox 349 1530 386 1591; x_wconf 82' lang='lat' dir='ltr'><strong>ed</strong></span> <span class='ocrx_word' id='word_1_141' title='bbox 406 1529 520 1591; x_wconf 88' lang='lat' dir='ltr'><strong>bonum</strong></span> <span class='ocrx_word' id='word_1_142' title='bbox 540 1547 699 1591; x_wconf 88' lang='lat' dir='ltr'><strong>commune</strong></span> <span class='ocrx_word' id='word_1_143' title='bbox 721 1547 784 1592; x_wconf 88' lang='lat' dir='ltr'><strong>esse</strong></span> <span class='ocrx_word' id='word_1_144' title='bbox 811 1532 975 1610; x_wconf 88' lang='lat' dir='ltr'><strong>speciosum</strong></span> <span class='ocrx_word' id='word_1_145' title='bbox 1000 1552 1077 1613; x_wconf 80' lang='lat' dir='ltr'><strong>pre·</strong></span> 
     </span>
     <span class='ocr_line' id='line_1_18' title="bbox 60 1614 1075 1695; baseline 0.004 -18"><span class='ocrx_word' id='word_1_146' title='bbox 60 1626 178 1677; x_wconf 80' lang='lat' dir='ltr'><strong>textum</strong></span> <span class='ocrx_word' id='word_1_147' title='bbox 203 1614 364 1677; x_wconf 87' lang='lat' dir='ltr'><strong>simulandi</strong></span> <span class='ocrx_word' id='word_1_148' title='bbox 392 1614 573 1676; x_wconf 89' lang='lat' dir='ltr'><strong>desiderium</strong></span> <span class='ocrx_word' id='word_1_149' title='bbox 602 1617 730 1695; x_wconf 81' lang='lat' dir='ltr'><strong>proprioe</strong></span> <span class='ocrx_word' id='word_1_150' title='bbox 758 1615 909 1678; x_wconf 77' lang='lat' dir='ltr'><strong>vindicte.</strong></span> <span class='ocrx_word' id='word_1_151' title='bbox 937 1618 1075 1681; x_wconf 77' lang='lat' dir='ltr'><strong>Attamen</strong></span> 
     </span>
     <span class='ocr_line' id='line_1_19' title="bbox 61 1698 1076 1781; baseline 0.003 -20"><span class='ocrx_word' id='word_1_152' title='bbox 61 1710 135 1779; x_wconf 92' lang='lat' dir='ltr'><strong>puto</strong></span> <span class='ocrx_word' id='word_1_153' title='bbox 159 1718 244 1781; x_wconf 89' lang='lat' dir='ltr'><strong>posse</strong></span> <span class='ocrx_word' id='word_1_154' title='bbox 255 1699 367 1761; x_wconf 91' lang='lat' dir='ltr'><strong>absolvi</strong></span> <span class='ocrx_word' id='word_1_155' title='bbox 386 1698 505 1777; x_wconf 88' lang='lat' dir='ltr'><strong>injuriis</strong></span> <span class='ocrx_word' id='word_1_156' title='bbox 527 1700 688 1772; x_wconf 82' lang='lat' dir='ltr'><strong>effectum,</strong></span> <span class='ocrx_word' id='word_1_157' title='bbox 711 1699 833 1779; x_wconf 80' lang='lat' dir='ltr'><strong>primo,</strong></span> <span class='ocrx_word' id='word_1_158' title='bbox 853 1702 879 1762; x_wconf 91' lang='lat' dir='ltr'><strong>si</strong></span> <span class='ocrx_word' id='word_1_159' title='bbox 904 1703 995 1763; x_wconf 84' lang='lat' dir='ltr'><strong>vellet</strong></span> <span class='ocrx_word' id='word_1_160' title='bbox 1013 1703 1076 1781; x_wconf 88' lang='lat' dir='ltr'><strong>jam</strong></span> 
     </span>
     <span class='ocr_line' id='line_1_20' title="bbox 60 1783 1076 1862; baseline 0.007 -19"><span class='ocrx_word' id='word_1_161' title='bbox 60 1786 267 1847; x_wconf 87' lang='lat' dir='ltr'><strong>remissionem</strong></span> <span class='ocrx_word' id='word_1_162' title='bbox 274 1786 380 1857; x_wconf 87' lang='lat' dir='ltr'><strong>lacere,</strong></span> <span class='ocrx_word' id='word_1_163' title='bbox 394 1784 444 1845; x_wconf 90' lang='lat' dir='ltr'><strong>scd</strong></span> <span class='ocrx_word' id='word_1_164' title='bbox 458 1784 657 1861; x_wconf 66' lang='lat' dir='ltr'><strong>protenderet</strong></span> <span class='ocrx_word' id='word_1_165' title='bbox 665 1783 745 1862; x_wconf 76' lang='lat' dir='ltr'><strong>justi</strong></span> <span class='ocrx_word' id='word_1_166' title='bbox 757 1784 892 1846; x_wconf 86' lang='lat' dir='ltr'><strong>satisfieri</strong></span> <span class='ocrx_word' id='word_1_167' title='bbox 911 1786 943 1847; x_wconf 91' lang='lat' dir='ltr'><strong>in</strong></span> <span class='ocrx_word' id='word_1_168' title='bbox 960 1787 1076 1850; x_wconf 86' lang='lat' dir='ltr'><strong>damnis</strong></span> 
     </span>
     <span class='ocr_line' id='line_1_21' title="bbox 3 1866 1073 1951; baseline 0.006 -24"><span class='ocrx_word' id='word_1_169' title='bbox 3 1908 4 1913; x_wconf 20' lang='grc' dir='ltr'><strong>κ</strong></span> <span class='ocrx_word' id='word_1_170' title='bbox 61 1888 128 1951; x_wconf 77' lang='lat' dir='ltr'><strong>qum</strong></span> <span class='ocrx_word' id='word_1_171' title='bbox 147 1866 249 1949; x_wconf 86' lang='lat' dir='ltr'><strong>passus</strong></span> <span class='ocrx_word' id='word_1_172' title='bbox 278 1878 344 1944; x_wconf 83' lang='lat' dir='ltr'><strong>est;</strong></span> <span class='ocrx_word' id='word_1_173' title='bbox 360 1866 523 1930; x_wconf 83' lang='lat' dir='ltr'><strong>dummodit</strong></span> <span class='ocrx_word' id='word_1_174' title='bbox 545 1868 676 1929; x_wconf 81' lang='lat' dir='ltr'><strong>offensor</strong></span> <span class='ocrx_word' id='word_1_175' title='bbox 696 1888 758 1930; x_wconf 93' lang='lat' dir='ltr'><strong>non</strong></span> <span class='ocrx_word' id='word_1_176' title='bbox 778 1871 819 1930; x_wconf 83' lang='lat' dir='ltr'><strong>itu</strong></span> <span class='ocrx_word' id='word_1_177' title='bbox 841 1877 918 1931; x_wconf 88' lang='lat' dir='ltr'><strong>esset</strong></span> <span class='ocrx_word' id='word_1_178' title='bbox 940 1888 1073 1949; x_wconf 89' lang='lat' dir='ltr'><strong>pauper,</strong></span> 
     </span>
     <span class='ocr_line' id='line_1_22' title="bbox 60 1952 1073 2033; baseline 0.003 -16"><span class='ocrx_word' id='word_1_179' title='bbox 60 1965 94 2017; x_wconf 93' lang='lat' dir='ltr'><strong>ut</strong></span> <span class='ocrx_word' id='word_1_180' title='bbox 116 1954 240 2018; x_wconf 81' lang='lat' dir='ltr'><strong>omuino</strong></span> <span class='ocrx_word' id='word_1_181' title='bbox 266 1953 407 2015; x_wconf 90' lang='lat' dir='ltr'><strong>solvendo</strong></span> <span class='ocrx_word' id='word_1_182' title='bbox 431 1970 492 2016; x_wconf 89' lang='lat' dir='ltr'><strong>non</strong></span> <span class='ocrx_word' id='word_1_183' title='bbox 519 1962 619 2033; x_wconf 80' lang='lat' dir='ltr'><strong>esset3</strong></span> <span class='ocrx_word' id='word_1_184' title='bbox 638 1952 791 2027; x_wconf 79' lang='lat' dir='ltr'><strong>seeundo,</strong></span> <span class='ocrx_word' id='word_1_185' title='bbox 815 1955 841 2017; x_wconf 91' lang='lat' dir='ltr'><strong>si</strong></span> <span class='ocrx_word' id='word_1_186' title='bbox 870 1958 1073 2020; x_wconf 88' lang='lat' dir='ltr'><strong>remissionem</strong></span> 
     </span>
     <span class='ocr_line' id='line_1_23' title="bbox 61 2039 1073 2120; baseline 0.001 -18"><span class='ocrx_word' id='word_1_187' title='bbox 61 2043 170 2102; x_wconf 74' lang='lat' dir='ltr'><strong>iecerat</strong></span> <span class='ocrx_word' id='word_1_188' title='bbox 188 2039 243 2102; x_wconf 89' lang='lat' dir='ltr'><strong>sub</strong></span> <span class='ocrx_word' id='word_1_189' title='bbox 260 2039 450 2114; x_wconf 85' lang='lat' dir='ltr'><strong>conditione,</strong></span> <span class='ocrx_word' id='word_1_190' title='bbox 466 2046 501 2100; x_wconf 92' lang='lat' dir='ltr'><strong>ut</strong></span> <span class='ocrx_word' id='word_1_191' title='bbox 514 2039 646 2101; x_wconf 81' lang='lat' dir='ltr'><strong>offensor</strong></span> <span class='ocrx_word' id='word_1_192' title='bbox 658 2039 747 2120; x_wconf 78' lang='lat' dir='ltr'><strong>longe</strong></span> <span class='ocrx_word' id='word_1_193' title='bbox 767 2040 911 2102; x_wconf 79' lang='lat' dir='ltr'><strong>abessctl</strong></span> <span class='ocrx_word' id='word_1_194' title='bbox 929 2042 1073 2120; x_wconf 75' lang='lat' dir='ltr'><strong>regione,</strong></span> 
     </span>
     <span class='ocr_line' id='line_1_24' title="bbox 63 2123 1074 2204; baseline 0 -18"><span class='ocrx_word' id='word_1_195' title='bbox 63 2127 132 2204; x_wconf 89' lang='lat' dir='ltr'><strong>quia</strong></span> <span class='ocrx_word' id='word_1_196' title='bbox 146 2123 225 2186; x_wconf 87' lang='lat' dir='ltr'><strong>filios</strong></span> <span class='ocrx_word' id='word_1_197' title='bbox 233 2168 244 2201; x_wconf 90' lang='lat'>,</span> <span class='ocrx_word' id='word_1_198' title='bbox 259 2133 311 2184; x_wconf 83' lang='lat' dir='ltr'><strong>aut</strong></span> <span class='ocrx_word' id='word_1_199' title='bbox 327 2125 431 2186; x_wconf 84' lang='lat' dir='ltr'><strong>iratres</strong></span> <span class='ocrx_word' id='word_1_200' title='bbox 457 2131 542 2184; x_wconf 84' lang='lat' dir='ltr'><strong>aetate</strong></span> <span class='ocrx_word' id='word_1_201' title='bbox 564 2133 745 2202; x_wconf 87' lang='lat' dir='ltr'><strong>provectos,</strong></span> <span class='ocrx_word' id='word_1_202' title='bbox 764 2124 881 2185; x_wconf 89' lang='lat' dir='ltr'><strong>vividos</strong></span> <span class='ocrx_word' id='word_1_203' title='bbox 901 2124 1009 2203; x_wconf 77' lang='lat' dir='ltr'><strong>habet3</strong></span> <span class='ocrx_word' id='word_1_204' title='bbox 1022 2136 1074 2186; x_wconf 92' lang='lat' dir='ltr'><strong>aut</strong></span> 
     </span>
     <span class='ocr_line' id='line_1_25' title="bbox 62 2206 1075 2290; baseline 0 -20"><span class='ocrx_word' id='word_1_205' title='bbox 62 2212 132 2290; x_wconf 90' lang='lat' dir='ltr'><strong>quia</strong></span> <span class='ocrx_word' id='word_1_206' title='bbox 151 2213 281 2274; x_wconf 83' lang='lat' dir='ltr'><strong>offensor</strong></span> <span class='ocrx_word' id='word_1_207' title='bbox 302 2219 376 2270; x_wconf 88' lang='lat' dir='ltr'><strong>esset</strong></span> <span class='ocrx_word' id='word_1_208' title='bbox 394 2209 435 2270; x_wconf 91' lang='lat' dir='ltr'><strong>ita</strong></span> <span class='ocrx_word' id='word_1_209' title='bbox 455 2209 613 2279; x_wconf 85' lang='lat' dir='ltr'><strong>insolens,</strong></span> <span class='ocrx_word' id='word_1_210' title='bbox 641 2216 672 2266; x_wconf 92' lang='lat' dir='ltr'><strong>et</strong></span> <span class='ocrx_word' id='word_1_211' title='bbox 694 2207 733 2266; x_wconf 88' lang='lat' dir='ltr'><strong>ed</strong></span> <span class='ocrx_word' id='word_1_212' title='bbox 751 2209 831 2266; x_wconf 85' lang='lat' dir='ltr'><strong>rixas</strong></span> <span class='ocrx_word' id='word_1_213' title='bbox 852 2206 1013 2284; x_wconf 83' lang='lat' dir='ltr'><strong>proclivis,</strong></span> <span class='ocrx_word' id='word_1_214' title='bbox 1040 2220 1075 2270; x_wconf 90' lang='lat' dir='ltr'><strong>ut</strong></span> 
     </span>
     <span class='ocr_line' id='line_1_26' title="bbox 62 2289 1073 2374; baseline -0.002 -18"><span class='ocrx_word' id='word_1_215' title='bbox 62 2295 224 2374; x_wconf 87' lang='lat' dir='ltr'><strong>prudenter</strong></span> <span class='ocrx_word' id='word_1_216' title='bbox 241 2294 377 2368; x_wconf 86' lang='lat' dir='ltr'><strong>timeret,</strong></span> <span class='ocrx_word' id='word_1_217' title='bbox 398 2301 521 2372; x_wconf 87' lang='lat' dir='ltr'><strong>propter</strong></span> <span class='ocrx_word' id='word_1_218' title='bbox 548 2290 594 2350; x_wconf 91' lang='lat' dir='ltr'><strong>sui</strong></span> <span class='ocrx_word' id='word_1_219' title='bbox 617 2291 711 2350; x_wconf 92' lang='lat' dir='ltr'><strong>animi</strong></span> <span class='ocrx_word' id='word_1_220' title='bbox 724 2289 1073 2366; x_wconf 86' lang='lat' dir='ltr'><strong>imbecillitatem‚illiua</strong></span> 
     </span>
     <span class='ocr_line' id='line_1_27' title="bbox 63 2375 581 2459; baseline -0.012 -19"><span class='ocrx_word' id='word_1_221' title='bbox 63 2379 257 2459; x_wconf 87' lang='lat' dir='ltr'><strong>petulantium</strong></span> <span class='ocrx_word' id='word_1_222' title='bbox 270 2394 330 2438; x_wconf 89' lang='lat' dir='ltr'><strong>non</strong></span> <span class='ocrx_word' id='word_1_223' title='bbox 347 2394 432 2456; x_wconf 86' lang='lat' dir='ltr'><strong>posse</strong></span> <span class='ocrx_word' id='word_1_224' title='bbox 446 2375 581 2437; x_wconf 89' lang='lat' dir='ltr'><strong>sullerre.</strong></span> 
     </span>
    </p>
   </div>
   <div class='ocr_carea' id='block_1_2' title="bbox 60 2483 1074 3052">
    <p class='ocr_par' dir='ltr' id='par_1_2' title="bbox 60 2483 1074 3052">
     <span class='ocr_line' id='line_1_28' title="bbox 100 2483 1073 2628; baseline 0.003 -18"><span class='ocrx_word' id='word_1_225' title='bbox 100 2549 150 2610; x_wconf 78' lang='lat'><strong>59.</strong></span> <span class='ocrx_word' id='word_1_226' title='bbox 171 2483 282 2623; x_wconf 76' lang='lat' dir='ltr'><strong>Cinea</strong></span> <span class='ocrx_word' id='word_1_227' title='bbox 293 2545 346 2606; x_wconf 88' lang='lat' dir='ltr'><strong>v1.</strong></span> <span class='ocrx_word' id='word_1_228' title='bbox 360 2553 391 2608; x_wconf 90' lang='lat' dir='ltr'><strong>et</strong></span> <span class='ocrx_word' id='word_1_229' title='bbox 401 2547 444 2608; x_wconf 86' lang='lat' dir='ltr'><strong>tx</strong></span> <span class='ocrx_word' id='word_1_230' title='bbox 467 2552 654 2628; x_wconf 80' lang='lat' dir='ltr'><strong>preceptum.</strong></span> <span class='ocrx_word' id='word_1_231' title='bbox 677 2548 702 2607; x_wconf 91' lang='lat' dir='ltr'><strong>l.</strong></span> <span class='ocrx_word' id='word_1_232' title='bbox 717 2548 943 2628; x_wconf 78' lang='lat' dir='ltr'><strong>interrogentur</strong></span> <span class='ocrx_word' id='word_1_233' title='bbox 966 2549 1005 2612; x_wconf 90' lang='lat' dir='ltr'><strong>de</strong></span> <span class='ocrx_word' id='word_1_234' title='bbox 1024 2571 1073 2612; x_wconf 86' lang='lat' dir='ltr'><strong>co·</strong></span> 
     </span>
     <span class='ocr_line' id='line_1_29' title="bbox 61 2628 1074 2716; baseline -0.001 -19"><span class='ocrx_word' id='word_1_235' title='bbox 61 2632 272 2716; x_wconf 81' lang='lat' dir='ltr'><strong>gitationibus‚</strong></span> <span class='ocrx_word' id='word_1_236' title='bbox 286 2628 359 2690; x_wconf 83' lang='lat' dir='ltr'><strong>nirm</strong></span> <span class='ocrx_word' id='word_1_237' title='bbox 369 2631 615 2704; x_wconf 75' lang='lat' dir='ltr'><strong>desideraverint,</strong></span> <span class='ocrx_word' id='word_1_238' title='bbox 629 2632 804 2693; x_wconf 80' lang='lat' dir='ltr'><strong>autmorosie</strong></span> <span class='ocrx_word' id='word_1_239' title='bbox 816 2633 950 2693; x_wconf 88' lang='lat' dir='ltr'><strong>delectati</strong></span> <span class='ocrx_word' id='word_1_240' title='bbox 964 2637 1074 2697; x_wconf 79' lang='lat' dir='ltr'><strong>inerint</strong></span> 
     </span>
     <span class='ocr_line' id='line_1_30' title="bbox 62 2715 1073 2796; baseline 0 -15"><span class='ocrx_word' id='word_1_241' title='bbox 62 2719 208 2781; x_wconf 88' lang='lat' dir='ltr'><strong>derebus</strong></span> <span class='ocrx_word' id='word_1_242' title='bbox 228 2715 411 2792; x_wconf 80' lang='lat' dir='ltr'><strong>inhonestis3</strong></span> <span class='ocrx_word' id='word_1_243' title='bbox 434 2726 518 2777; x_wconf 90' lang='lat' dir='ltr'><strong>etan</strong></span> <span class='ocrx_word' id='word_1_244' title='bbox 535 2717 623 2796; x_wconf 75' lang='lat' dir='ltr'><strong>plenir</strong></span> <span class='ocrx_word' id='word_1_245' title='bbox 644 2716 681 2776; x_wconf 87' lang='lat' dir='ltr'><strong>ad</strong></span> <span class='ocrx_word' id='word_1_246' title='bbox 695 2735 742 2777; x_wconf 90' lang='lat' dir='ltr'><strong>eas</strong></span> <span class='ocrx_word' id='word_1_247' title='bbox 762 2717 945 2779; x_wconf 74' lang='lat' dir='ltr'><strong>adverterint</strong></span> <span class='ocrx_word' id='word_1_248' title='bbox 960 2729 990 2779; x_wconf 88' lang='lat' dir='ltr'><strong>et</strong></span> <span class='ocrx_word' id='word_1_249' title='bbox 1003 2739 1073 2781; x_wconf 91' lang='lat' dir='ltr'><strong>con-</strong></span> 
     </span>
     <span class='ocr_line' id='line_1_31' title="bbox 60 2799 1071 2880; baseline -0.004 -13"><span class='ocrx_word' id='word_1_250' title='bbox 60 2804 216 2867; x_wconf 86' lang='lat' dir='ltr'><strong>senserint.</strong></span> <span class='ocrx_word' id='word_1_251' title='bbox 236 2801 368 2877; x_wconf 86' lang='lat' dir='ltr'><strong>Deinde,</strong></span> <span class='ocrx_word' id='word_1_252' title='bbox 390 2799 463 2862; x_wconf 78' lang='lat' dir='ltr'><strong>nium</strong></span> <span class='ocrx_word' id='word_1_253' title='bbox 482 2802 687 2880; x_wconf 75' lang='lat' dir='ltr'><strong>concupierint</strong></span> <span class='ocrx_word' id='word_1_254' title='bbox 708 2803 846 2879; x_wconf 87' lang='lat' dir='ltr'><strong>puellas,</strong></span> <span class='ocrx_word' id='word_1_255' title='bbox 871 2813 924 2864; x_wconf 86' lang='lat' dir='ltr'><strong>aut</strong></span> <span class='ocrx_word' id='word_1_256' title='bbox 943 2805 1071 2877; x_wconf 87' lang='lat' dir='ltr'><strong>viduus,</strong></span> 
     </span>
     <span class='ocr_line' id='line_1_32' title="bbox 61 2883 1071 2967; baseline 0.001 -17"><span class='ocrx_word' id='word_1_257' title='bbox 61 2898 112 2950; x_wconf 89' lang='lat' dir='ltr'><strong>aut</strong></span> <span class='ocrx_word' id='word_1_258' title='bbox 131 2895 242 2967; x_wconf 83' lang='lat' dir='ltr'><strong>nuptos</strong></span> <span class='ocrx_word' id='word_1_259' title='bbox 252 2906 261 2964; x_wconf 81' lang='lat'>3</span> <span class='ocrx_word' id='word_1_260' title='bbox 283 2894 313 2945; x_wconf 90' lang='lat' dir='ltr'><strong>et</strong></span> <span class='ocrx_word' id='word_1_261' title='bbox 337 2883 410 2964; x_wconf 88' lang='lat' dir='ltr'><strong>quid</strong></span> <span class='ocrx_word' id='word_1_262' title='bbox 427 2885 497 2946; x_wconf 87' lang='lat' dir='ltr'><strong>mali</strong></span> <span class='ocrx_word' id='word_1_263' title='bbox 519 2904 587 2946; x_wconf 89' lang='lat' dir='ltr'><strong>cum</strong></span> <span class='ocrx_word' id='word_1_264' title='bbox 605 2886 665 2946; x_wconf 91' lang='lat' dir='ltr'><strong>illis</strong></span> <span class='ocrx_word' id='word_1_265' title='bbox 679 2904 710 2946; x_wconf 89' lang='lat' dir='ltr'><strong>se</strong></span> <span class='ocrx_word' id='word_1_266' title='bbox 726 2887 854 2948; x_wconf 79' lang='lat' dir='ltr'><strong>facturos</strong></span> <span class='ocrx_word' id='word_1_267' title='bbox 876 2888 1071 2951; x_wconf 88' lang='lat' dir='ltr'><strong>intenderint.</strong></span> 
     </span>
     <span class='ocr_line' id='line_1_33' title="bbox 61 2967 1069 3052; baseline -0.002 -17"><span class='ocrx_word' id='word_1_268' title='bbox 61 2977 95 3035; x_wconf 92' lang='lat' dir='ltr'><strong>ln</strong></span> <span class='ocrx_word' id='word_1_269' title='bbox 114 2991 175 3052; x_wconf 91' lang='lat' dir='ltr'><strong>quo</strong></span> <span class='ocrx_word' id='word_1_270' title='bbox 194 2968 428 3042; x_wconf 86' lang='lat' dir='ltr'><strong>advertendum,</strong></span> <span class='ocrx_word' id='word_1_271' title='bbox 449 2967 529 3048; x_wconf 78' lang='lat' dir='ltr'><strong>quod</strong></span> <span class='ocrx_word' id='word_1_272' title='bbox 541 2971 644 3032; x_wconf 88' lang='lat' dir='ltr'><strong>rustici</strong></span> <span class='ocrx_word' id='word_1_273' title='bbox 659 3015 669 3043; x_wconf 86' lang='lat'><strong><em>‚</em></strong></span> <span class='ocrx_word' id='word_1_274' title='bbox 687 2974 887 3032; x_wconf 88' lang='lat' dir='ltr'><strong>communiter</strong></span> <span class='ocrx_word' id='word_1_275' title='bbox 900 2975 1069 3051; x_wconf 85' lang='lat' dir='ltr'><strong>loquendo,</strong></span> 
     </span>
    </p>
   </div>
   <div class='ocr_carea' id='block_1_3' title="bbox 61 3054 1167 3134">
    <p class='ocr_par' dir='ltr' id='par_1_3' title="bbox 61 3054 1167 3134">
     <span class='ocr_line' id='line_1_34' title="bbox 61 3054 1167 3134; baseline -0.002 -15"><span class='ocrx_word' id='word_1_276' title='bbox 61 3059 230 3119; x_wconf 80' lang='lat' dir='ltr'><strong>existimant</strong></span> <span class='ocrx_word' id='word_1_277' title='bbox 252 3054 346 3132; x_wconf 83' lang='lat' dir='ltr'><strong>majus</strong></span> <span class='ocrx_word' id='word_1_278' title='bbox 369 3065 520 3133; x_wconf 84' lang='lat' dir='ltr'><strong>peceatum</strong></span> <span class='ocrx_word' id='word_1_279' title='bbox 542 3064 704 3133; x_wconf 87' lang='lat' dir='ltr'><strong>stuprum,</strong></span> <span class='ocrx_word' id='word_1_280' title='bbox 726 3055 815 3134; x_wconf 75' lang='lat' dir='ltr'><strong>quim</strong></span> <span class='ocrx_word' id='word_1_281' title='bbox 827 3058 993 3133; x_wconf 90' lang='lat' dir='ltr'><strong>simplicem</strong></span> <span class='ocrx_word' id='word_1_282' title='bbox 1011 3059 1072 3118; x_wconf 84' lang='lat' dir='ltr'><strong>ior·</strong></span> <span class='ocrx_word' id='word_1_283' title='bbox 1121 3100 1125 3106; x_wconf 83' lang='lat'>·</span> <span class='ocrx_word' id='word_1_284' title='bbox 1160 3074 1167 3080; x_wconf 75' lang='lat'><strong>&#39;·</strong></span> 
     </span>
    </p>
   </div>
   <div class='ocr_carea' id='block_1_4' title="bbox 60 3138 1147 3712">
    <p class='ocr_par' dir='ltr' id='par_1_4' title="bbox 62 3138 1147 3219">
     <span class='ocr_line' id='line_1_35' title="bbox 62 3138 1147 3219; baseline 0 -15"><span class='ocrx_word' id='word_1_285' title='bbox 62 3144 238 3206; x_wconf 82' lang='lat' dir='ltr'><strong>mirationem</strong></span> <span class='ocrx_word' id='word_1_286' title='bbox 260 3138 468 3202; x_wconf 76' lang='lat' dir='ltr'><strong>:econtrario</strong></span> <span class='ocrx_word' id='word_1_287' title='bbox 492 3140 627 3200; x_wconf 87' lang='lat' dir='ltr'><strong>nesciunt</strong></span> <span class='ocrx_word' id='word_1_288' title='bbox 647 3140 791 3200; x_wconf 84' lang='lat' dir='ltr'><strong>malitium</strong></span> <span class='ocrx_word' id='word_1_289' title='bbox 821 3139 983 3219; x_wconf 81' lang='lat' dir='ltr'><strong>adulterii3</strong></span> <span class='ocrx_word' id='word_1_290' title='bbox 1004 3143 1072 3204; x_wconf 80' lang='lat' dir='ltr'><strong>idcir</strong></span> <span class='ocrx_word' id='word_1_291' title='bbox 1144 3207 1147 3212; x_wconf 71' lang='grc'><strong>,</strong></span> 
     </span>
    </p>

    <p class='ocr_par' dir='ltr' id='par_1_5' title="bbox 63 3221 1072 3304">
     <span class='ocr_line' id='line_1_36' title="bbox 63 3221 1072 3304; baseline -0.001 -16"><span class='ocrx_word' id='word_1_292' title='bbox 63 3245 128 3288; x_wconf 86' lang='lat' dir='ltr'><strong>eum</strong></span> <span class='ocrx_word' id='word_1_293' title='bbox 151 3227 208 3299; x_wconf 85' lang='lat' dir='ltr'><strong>iis,</strong></span> <span class='ocrx_word' id='word_1_294' title='bbox 234 3225 286 3304; x_wconf 86' lang='lat' dir='ltr'><strong>qui</strong></span> <span class='ocrx_word' id='word_1_295' title='bbox 311 3221 400 3302; x_wconf 86' lang='lat' dir='ltr'><strong>hujus</strong></span> <span class='ocrx_word' id='word_1_296' title='bbox 420 3224 485 3284; x_wconf 89' lang='lat' dir='ltr'><strong>vitii</strong></span> <span class='ocrx_word' id='word_1_297' title='bbox 508 3224 754 3284; x_wconf 88' lang='lat' dir='ltr'><strong>consuetudinem</strong></span> <span class='ocrx_word' id='word_1_298' title='bbox 779 3221 914 3302; x_wconf 85' lang='lat' dir='ltr'><strong>hebent,&#39;</strong></span> <span class='ocrx_word' id='word_1_299' title='bbox 932 3245 992 3287; x_wconf 93' lang='lat' dir='ltr'><strong>non</strong></span> <span class='ocrx_word' id='word_1_300' title='bbox 1019 3245 1072 3286; x_wconf 79' lang='lat' dir='ltr'><strong>ca·</strong></span> 
     </span>
    </p>

    <p class='ocr_par' dir='ltr' id='par_1_6' title="bbox 61 3307 1069 3390">
     <span class='ocr_line' id='line_1_37' title="bbox 61 3307 1069 3390; baseline 0.001 -20"><span class='ocrx_word' id='word_1_301' title='bbox 61 3311 143 3390; x_wconf 86' lang='lat' dir='ltr'><strong>pedit</strong></span> <span class='ocrx_word' id='word_1_302' title='bbox 162 3328 212 3372; x_wconf 89' lang='lat' dir='ltr'><strong>eos</strong></span> <span class='ocrx_word' id='word_1_303' title='bbox 227 3309 349 3370; x_wconf 74' lang='lat' dir='ltr'><strong>monere</strong></span> <span class='ocrx_word' id='word_1_304' title='bbox 362 3308 400 3366; x_wconf 93' lang='lat' dir='ltr'><strong>dc</strong></span> <span class='ocrx_word' id='word_1_305' title='bbox 420 3307 557 3368; x_wconf 77' lang='lat' dir='ltr'><strong>adulterii</strong></span> <span class='ocrx_word' id='word_1_306' title='bbox 575 3309 707 3381; x_wconf 85' lang='lat' dir='ltr'><strong>malitia,</strong></span> <span class='ocrx_word' id='word_1_307' title='bbox 722 3307 792 3368; x_wconf 82' lang='lat' dir='ltr'><strong>crim</strong></span> <span class='ocrx_word' id='word_1_308' title='bbox 811 3311 989 3386; x_wconf 70' lang='lat' dir='ltr'><strong>ptmridetur</strong></span> <span class='ocrx_word' id='word_1_309' title='bbox 1004 3329 1069 3371; x_wconf 93' lang='lat' dir='ltr'><strong>mo·</strong></span> 
     </span>
    </p>

    <p class='ocr_par' dir='ltr' id='par_1_7' title="bbox 61 3391 1072 3474">
     <span class='ocr_line' id='line_1_38' title="bbox 61 3391 1072 3474; baseline -0.004 -18"><span class='ocrx_word' id='word_1_310' title='bbox 61 3397 136 3458; x_wconf 91' lang='lat' dir='ltr'><strong>nitio</strong></span> <span class='ocrx_word' id='word_1_311' title='bbox 159 3392 265 3474; x_wconf 78' lang='lat' dir='ltr'><strong>partim</strong></span> <span class='ocrx_word' id='word_1_312' title='bbox 289 3393 461 3473; x_wconf 83' lang='lat' dir='ltr'><strong>profutura,</strong></span> <span class='ocrx_word' id='word_1_313' title='bbox 482 3393 533 3460; x_wconf 84' lang='lat' dir='ltr'><strong>sed</strong></span> <span class='ocrx_word' id='word_1_314' title='bbox 553 3392 671 3452; x_wconf 80' lang='lat' dir='ltr'><strong>tantum</strong></span> <span class='ocrx_word' id='word_1_315' title='bbox 691 3391 830 3454; x_wconf 85' lang='lat' dir='ltr'><strong>eiieetura</strong></span> <span class='ocrx_word' id='word_1_316' title='bbox 847 3438 856 3468; x_wconf 91' lang='lat'><strong>,</strong></span> <span class='ocrx_word' id='word_1_317' title='bbox 876 3404 910 3454; x_wconf 86' lang='lat' dir='ltr'><strong>ut</strong></span> <span class='ocrx_word' id='word_1_318' title='bbox 925 3397 1072 3473; x_wconf 72' lang='lat' dir='ltr'><strong>poenitens</strong></span> 
     </span>
    </p>

    <p class='ocr_par' dir='ltr' id='par_1_8' title="bbox 61 3476 1070 3559">
     <span class='ocr_line' id='line_1_39' title="bbox 61 3476 1070 3559; baseline -0.004 -19"><span class='ocrx_word' id='word_1_319' title='bbox 61 3480 171 3559; x_wconf 91' lang='lat' dir='ltr'><strong>duplici</strong></span> <span class='ocrx_word' id='word_1_320' title='bbox 187 3487 306 3558; x_wconf 88' lang='lat' dir='ltr'><strong>peceato</strong></span> <span class='ocrx_word' id='word_1_321' title='bbox 325 3486 444 3556; x_wconf 82' lang='lat' dir='ltr'><strong>peccet,</strong></span> <span class='ocrx_word' id='word_1_322' title='bbox 459 3478 483 3536; x_wconf 87' lang='lat' dir='ltr'><strong>si</strong></span> <span class='ocrx_word' id='word_1_323' title='bbox 495 3477 590 3538; x_wconf 85' lang='lat' dir='ltr'><strong>cernis</strong></span> <span class='ocrx_word' id='word_1_324' title='bbox 604 3476 850 3554; x_wconf 86' lang='lat' dir='ltr'><strong>concupiscentiis</strong></span> <span class='ocrx_word' id='word_1_325' title='bbox 870 3497 929 3538; x_wconf 92' lang='lat' dir='ltr'><strong>non</strong></span> <span class='ocrx_word' id='word_1_326' title='bbox 946 3478 1070 3537; x_wconf 89' lang='lat' dir='ltr'><strong>resistet.</strong></span> 
     </span>
    </p>

    <p class='ocr_par' dir='ltr' id='par_1_9' title="bbox 60 3561 1067 3712">
     <span class='ocr_line' id='line_1_40' title="bbox 60 3561 1067 3643; baseline -0.003 -18"><span class='ocrx_word' id='word_1_327' title='bbox 60 3569 103 3628; x_wconf 91' lang='lat' dir='ltr'><strong>Dc</strong></span> <span class='ocrx_word' id='word_1_328' title='bbox 129 3564 177 3625; x_wconf 90' lang='lat' dir='ltr'><strong>his</strong></span> <span class='ocrx_word' id='word_1_329' title='bbox 199 3573 298 3625; x_wconf 87' lang='lat' dir='ltr'><strong>autem</strong></span> <span class='ocrx_word' id='word_1_330' title='bbox 319 3563 571 3643; x_wconf 76' lang='lat' dir='ltr'><strong>cogitationibus,</strong></span> <span class='ocrx_word' id='word_1_331' title='bbox 594 3561 703 3640; x_wconf 86' lang='lat' dir='ltr'><strong>quitus</strong></span> <span class='ocrx_word' id='word_1_332' title='bbox 729 3564 860 3625; x_wconf 87' lang='lat' dir='ltr'><strong>assentiti</strong></span> <span class='ocrx_word' id='word_1_333' title='bbox 880 3573 951 3623; x_wconf 88' lang='lat' dir='ltr'><strong>sunt</strong></span> <span class='ocrx_word' id='word_1_334' title='bbox 977 3564 1067 3640; x_wconf 77' lang='lat' dir='ltr'><strong>poerti</strong></span> 
     </span>
     <span class='ocr_line' id='line_1_41' title="bbox 101 3649 951 3712; baseline -0.009 0"><span class='ocrx_word' id='word_1_335' title='bbox 101 3653 187 3712; x_wconf 83' lang='lat' dir='ltr'><strong>Tem.</strong></span> <span class='ocrx_word' id='word_1_336' title='bbox 200 3652 259 3712; x_wconf 84' lang='lat' dir='ltr'><strong>IX.</strong></span> <span class='ocrx_word' id='word_1_337' title='bbox 414 3649 418 3652; x_wconf 81' lang='grc'><strong>’</strong></span> <span class='ocrx_word' id='word_1_338' title='bbox 899 3649 920 3704; x_wconf 77' lang='grc' dir='ltr'><strong>ι</strong></span> <span class='ocrx_word' id='word_1_339' title='bbox 948 3687 951 3690; x_wconf 84' lang='lat'>-</span> 
     </span>
    </p>
   </div>
   <div class='ocr_carea' id='block_1_5' title="bbox 0 0 1242 3975">
    <p class='ocr_par' dir='ltr' id='par_1_10' title="bbox 0 0 1242 3975">
     <span class='ocr_line' id='line_1_42' title="bbox 0 0 1242 3975; baseline 0 0"><span class='ocrx_word' id='word_1_340' title='bbox 0 0 1242 3975; x_wconf 95' lang='lat' dir='ltr'><strong> </strong></span> 
     </span>
    </p>
   </div>
  </div>
 </body>
</html>
