<?xml version="1.0" encoding="UTF-8"?>
<!DOCTYPE html PUBLIC "-//W3C//DTD XHTML 1.0 Transitional//EN"
    "http://www.w3.org/TR/xhtml1/DTD/xhtml1-transitional.dtd">
<html xmlns="http://www.w3.org/1999/xhtml" xml:lang="en" lang="en">
 <head>
  <title>
</title>
<meta http-equiv="Content-Type" content="text/html;charset=utf-8" />
  <meta name='ocr-system' content='tesseract 3.04.00' />
  <meta name='ocr-capabilities' content='ocr_page ocr_carea ocr_par ocr_line ocrx_word'/>
</head>
<body>
  <div class='ocr_page' id='page_1' title='image "./theologiamorali04heilgoog_0152.png"; bbox 0 0 2475 3975; ppageno 0'>
   <div class='ocr_carea' id='block_1_1' title="bbox 116 214 841 298">
    <p class='ocr_par' dir='ltr' id='par_1_1' title="bbox 116 214 841 298">
     <span class='ocr_line' id='line_1_1' title="bbox 116 214 841 298; baseline -0.012 -15"><span class='ocrx_word' id='word_1_1' title='bbox 116 222 174 283; x_wconf 78' lang='grc'>156</span> <span class='ocrx_word' id='word_1_2' title='bbox 398 216 512 279; x_wconf 76' lang='lat' dir='ltr'>Prasia</span> <span class='ocrx_word' id='word_1_3' title='bbox 526 214 709 297; x_wconf 53' lang='lat' dir='ltr'>mansoarii.</span> <span class='ocrx_word' id='word_1_4' title='bbox 727 218 799 298; x_wconf 83' lang='lat' dir='ltr'>Cep.</span> <span class='ocrx_word' id='word_1_5' title='bbox 811 217 841 277; x_wconf 77' lang='grc'>6.</span> 
     </span>
    </p>
   </div>
   <div class='ocr_carea' id='block_1_2' title="bbox 32 317 1149 3386">
    <p class='ocr_par' dir='ltr' id='par_1_2' title="bbox 114 317 1130 485">
     <span class='ocr_line' id='line_1_2' title="bbox 116 317 1130 401; baseline -0.004 -18"><span class='ocrx_word' id='word_1_6' title='bbox 116 324 181 383; x_wconf 80' lang='lat' dir='ltr'>Uno</span> <span class='ocrx_word' id='word_1_7' title='bbox 204 320 295 383; x_wconf 77' lang='lat' dir='ltr'>verbo</span> <span class='ocrx_word' id='word_1_8' title='bbox 316 328 434 401; x_wconf 77' lang='lat' dir='ltr'><strong>oportet</strong></span> <span class='ocrx_word' id='word_1_9' title='bbox 459 320 608 399; x_wconf 73' lang='lat' dir='ltr'>expellere</span> <span class='ocrx_word' id='word_1_10' title='bbox 627 317 645 378; x_wconf 81' lang='grc'><strong>6</strong></span> <span class='ocrx_word' id='word_1_11' title='bbox 667 319 757 379; x_wconf 89' lang='lat' dir='ltr'>corde</span> <span class='ocrx_word' id='word_1_12' title='bbox 781 334 870 378; x_wconf 91' lang='lat' dir='ltr'>omne</span> <span class='ocrx_word' id='word_1_13' title='bbox 890 317 971 395; x_wconf 91' lang='lat' dir='ltr'>quod</span> <span class='ocrx_word' id='word_1_14' title='bbox 992 334 1052 378; x_wconf 88' lang='lat' dir='ltr'>non</span> <span class='ocrx_word' id='word_1_15' title='bbox 1080 326 1130 379; x_wconf 82' lang='lat' dir='ltr'>cst</span> 
     </span>
     <span class='ocr_line' id='line_1_3' title="bbox 114 398 1128 485; baseline -0.005 -17"><span class='ocrx_word' id='word_1_16' title='bbox 114 408 215 479; x_wconf 84' lang='lat' dir='ltr'>Deus,</span> <span class='ocrx_word' id='word_1_17' title='bbox 238 416 268 467; x_wconf 91' lang='lat' dir='ltr'>et</span> <span class='ocrx_word' id='word_1_18' title='bbox 289 405 369 485; x_wconf 91' lang='lat' dir='ltr'>quod</span> <span class='ocrx_word' id='word_1_19' title='bbox 392 422 453 466; x_wconf 92' lang='lat' dir='ltr'>non</span> <span class='ocrx_word' id='word_1_20' title='bbox 474 408 517 467; x_wconf 58' lang='lat' dir='ltr'>ce</span> <span class='ocrx_word' id='word_1_21' title='bbox 532 402 698 465; x_wconf 82' lang='lat' dir='ltr'>seeunddm</span> <span class='ocrx_word' id='word_1_22' title='bbox 712 401 808 481; x_wconf 81' lang='lat' dir='ltr'>majus</span> <span class='ocrx_word' id='word_1_23' title='bbox 824 398 879 462; x_wconf 87' lang='lat' dir='ltr'>Dei</span> <span class='ocrx_word' id='word_1_24' title='bbox 892 398 1128 481; x_wconf 78' lang='lat' dir='ltr'>beneplacitum.</span> 
     </span>
    </p>

    <p class='ocr_par' dir='ltr' id='par_1_3' title="bbox 115 485 1136 1235">
     <span class='ocr_line' id='line_1_4' title="bbox 154 485 1130 568; baseline -0.007 -15"><span class='ocrx_word' id='word_1_25' title='bbox 154 494 223 553; x_wconf 78' lang='grc'><strong>166.</strong></span> <span class='ocrx_word' id='word_1_26' title='bbox 244 492 281 553; x_wconf 88' lang='lat' dir='ltr'>V.</span> <span class='ocrx_word' id='word_1_27' title='bbox 302 490 405 551; x_wconf 80' lang='lat' dir='ltr'>laetari</span> <span class='ocrx_word' id='word_1_28' title='bbox 430 506 498 550; x_wconf 91' lang='lat' dir='ltr'>eum</span> <span class='ocrx_word' id='word_1_29' title='bbox 516 490 625 567; x_wconf 91' lang='lat' dir='ltr'>spiritu</span> <span class='ocrx_word' id='word_1_30' title='bbox 647 490 763 568; x_wconf 89' lang='lat' dir='ltr'>quoties</span> <span class='ocrx_word' id='word_1_31' title='bbox 784 485 929 547; x_wconf 87' lang='lat' dir='ltr'>secernit</span> <span class='ocrx_word' id='word_1_32' title='bbox 951 485 1130 562; x_wconf 75' lang='lat' dir='ltr'>contemni,</span> 
     </span>
     <span class='ocr_line' id='line_1_5' title="bbox 116 570 1132 652; baseline -0.003 -13"><span class='ocrx_word' id='word_1_33' title='bbox 116 576 254 651; x_wconf 74' lang='lat' dir='ltr'>irrideri,</span> <span class='ocrx_word' id='word_1_34' title='bbox 278 585 308 637; x_wconf 85' lang='lat' dir='ltr'>et</span> <span class='ocrx_word' id='word_1_35' title='bbox 330 575 464 637; x_wconf 86' lang='lat' dir='ltr'>omnium</span> <span class='ocrx_word' id='word_1_36' title='bbox 481 574 658 634; x_wconf 84' lang='lat' dir='ltr'>vilissimum</span> <span class='ocrx_word' id='word_1_37' title='bbox 676 572 820 652; x_wconf 87' lang='lat' dir='ltr'>reputari.</span> <span class='ocrx_word' id='word_1_38' title='bbox 839 572 868 631; x_wconf 87' lang='grc'>0</span> <span class='ocrx_word' id='word_1_39' title='bbox 884 570 974 651; x_wconf 77' lang='lat' dir='ltr'>qrrlm</span> <span class='ocrx_word' id='word_1_40' title='bbox 1000 573 1132 651; x_wconf 75' lang='lat' dir='ltr'>pulchris</span> 
     </span>
     <span class='ocr_line' id='line_1_6' title="bbox 115 659 1134 739; baseline -0.004 -14"><span class='ocrx_word' id='word_1_41' title='bbox 115 672 181 726; x_wconf 88' lang='lat' dir='ltr'>orat</span> <span class='ocrx_word' id='word_1_42' title='bbox 198 664 295 723; x_wconf 89' lang='lat' dir='ltr'>animo</span> <span class='ocrx_word' id='word_1_43' title='bbox 306 662 354 722; x_wconf 88' lang='lat' dir='ltr'>illa</span> <span class='ocrx_word' id='word_1_44' title='bbox 367 678 433 737; x_wconf 82' lang='lat' dir='ltr'>quae</span> <span class='ocrx_word' id='word_1_45' title='bbox 445 660 605 739; x_wconf 81' lang='lat' dir='ltr'>vilipendia</span> <span class='ocrx_word' id='word_1_46' title='bbox 617 661 746 721; x_wconf 83' lang='lat' dir='ltr'>libenter</span> <span class='ocrx_word' id='word_1_47' title='bbox 759 659 965 739; x_wconf 87' lang='lat' dir='ltr'>amplectitnrl</span> <span class='ocrx_word' id='word_1_48' title='bbox 980 660 1134 738; x_wconf 67' lang='lat' dir='ltr'>praecipue</span> 
     </span>
     <span class='ocr_line' id='line_1_7' title="bbox 116 743 1133 823; baseline -0.004 -14"><span class='ocrx_word' id='word_1_49' title='bbox 116 751 147 809; x_wconf 92' lang='lat' dir='ltr'>lu</span> <span class='ocrx_word' id='word_1_50' title='bbox 170 746 431 808; x_wconf 88' lang='lat' dir='ltr'>communitatibus</span> <span class='ocrx_word' id='word_1_51' title='bbox 446 745 478 804; x_wconf 88' lang='lat' dir='ltr'>in</span> <span class='ocrx_word' id='word_1_52' title='bbox 495 744 604 823; x_wconf 88' lang='lat' dir='ltr'>quibus</span> <span class='ocrx_word' id='word_1_53' title='bbox 620 744 683 806; x_wconf 86' lang='lat' dir='ltr'>lroec</span> <span class='ocrx_word' id='word_1_54' title='bbox 699 746 795 806; x_wconf 88' lang='lat' dir='ltr'>virtus</span> <span class='ocrx_word' id='word_1_55' title='bbox 816 751 862 803; x_wconf 86' lang='lat' dir='ltr'>est</span> <span class='ocrx_word' id='word_1_56' title='bbox 883 743 1016 803; x_wconf 91' lang='lat' dir='ltr'>omnium</span> <span class='ocrx_word' id='word_1_57' title='bbox 1038 744 1133 823; x_wconf 69' lang='lat' dir='ltr'>longe</span> 
     </span>
     <span class='ocr_line' id='line_1_8' title="bbox 116 827 1133 909; baseline -0.005 -15"><span class='ocrx_word' id='word_1_58' title='bbox 116 832 294 909; x_wconf 79' lang='lat' dir='ltr'>neeessaria3</span> <span class='ocrx_word' id='word_1_59' title='bbox 308 836 522 908; x_wconf 82' lang='lat' dir='ltr'>consequenter</span> <span class='ocrx_word' id='word_1_60' title='bbox 532 838 649 908; x_wconf 86' lang='lat' dir='ltr'>oportet</span> <span class='ocrx_word' id='word_1_61' title='bbox 659 828 759 891; x_wconf 74' lang='lat' dir='ltr'>fovere</span> <span class='ocrx_word' id='word_1_62' title='bbox 771 827 957 889; x_wconf 77' lang='lat' dir='ltr'>ailedionem</span> <span class='ocrx_word' id='word_1_63' title='bbox 969 827 1133 906; x_wconf 78' lang='lat' dir='ltr'>specialem</span> 
     </span>
     <span class='ocr_line' id='line_1_9' title="bbox 116 913 1135 996; baseline -0.007 -17"><span class='ocrx_word' id='word_1_64' title='bbox 116 935 183 996; x_wconf 80' lang='lat' dir='ltr'>crgo</span> <span class='ocrx_word' id='word_1_65' title='bbox 211 926 328 978; x_wconf 90' lang='lat' dir='ltr'>nostros</span> <span class='ocrx_word' id='word_1_66' title='bbox 352 917 509 991; x_wconf 88' lang='lat' dir='ltr'>inimicos,</span> <span class='ocrx_word' id='word_1_67' title='bbox 536 925 567 976; x_wconf 89' lang='lat' dir='ltr'>et</span> <span class='ocrx_word' id='word_1_68' title='bbox 587 925 808 994; x_wconf 84' lang='lat' dir='ltr'>persecutores,</span> <span class='ocrx_word' id='word_1_69' title='bbox 834 914 894 974; x_wconf 84' lang='lat' dir='ltr'>illis</span> <span class='ocrx_word' id='word_1_70' title='bbox 919 913 1135 985; x_wconf 75' lang='lat' dir='ltr'>inserviendo,</span> 
     </span>
     <span class='ocr_line' id='line_1_10' title="bbox 117 999 1136 1072; baseline -0.006 -9"><span class='ocrx_word' id='word_1_71' title='bbox 117 1002 343 1072; x_wconf 80' lang='lat' dir='ltr'>benefaciendo,</span> <span class='ocrx_word' id='word_1_72' title='bbox 356 1000 549 1071; x_wconf 83' lang='lat' dir='ltr'>honorando,</span> <span class='ocrx_word' id='word_1_73' title='bbox 566 1002 669 1064; x_wconf 88' lang='lat' dir='ltr'>saltem</span> <span class='ocrx_word' id='word_1_74' title='bbox 686 999 909 1070; x_wconf 84' lang='lat' dir='ltr'>benedicendo,</span> <span class='ocrx_word' id='word_1_75' title='bbox 930 1006 962 1058; x_wconf 89' lang='lat' dir='ltr'>et</span> <span class='ocrx_word' id='word_1_76' title='bbox 977 1016 1136 1058; x_wconf 88' lang='lat' dir='ltr'>commcn-</span> 
     </span>
     <span class='ocr_line' id='line_1_11' title="bbox 116 1083 1136 1169; baseline -0.006 -20"><span class='ocrx_word' id='word_1_77' title='bbox 116 1088 214 1151; x_wconf 90' lang='lat' dir='ltr'>dando</span> <span class='ocrx_word' id='word_1_78' title='bbox 236 1088 402 1169; x_wconf 89' lang='lat' dir='ltr'>specialiter</span> <span class='ocrx_word' id='word_1_79' title='bbox 417 1088 479 1149; x_wconf 89' lang='lat' dir='ltr'>Deo</span> <span class='ocrx_word' id='word_1_80' title='bbox 498 1084 749 1164; x_wconf 87' lang='lat' dir='ltr'>quemadmodirm</span> <span class='ocrx_word' id='word_1_81' title='bbox 774 1084 873 1145; x_wconf 77' lang='lat' dir='ltr'>Sancti</span> <span class='ocrx_word' id='word_1_82' title='bbox 894 1083 990 1145; x_wconf 87' lang='lat' dir='ltr'>lacere</span> <span class='ocrx_word' id='word_1_83' title='bbox 1003 1101 1136 1145; x_wconf 87' lang='lat' dir='ltr'>consue·</span> 
     </span>
     <span class='ocr_line' id='line_1_12' title="bbox 118 1183 239 1235; baseline -0.008 -3"><span class='ocrx_word' id='word_1_84' title='bbox 118 1183 239 1235; x_wconf 87' lang='lat' dir='ltr'>verunt.</span> 
     </span>
    </p>

    <p class='ocr_par' dir='ltr' id='par_1_4' title="bbox 117 1252 1146 2954">
     <span class='ocr_line' id='line_1_13' title="bbox 156 1252 1139 1328; baseline -0.006 -12"><span class='ocrx_word' id='word_1_85' title='bbox 156 1258 223 1317; x_wconf 80' lang='lat' dir='ltr'>too.</span> <span class='ocrx_word' id='word_1_86' title='bbox 239 1256 290 1316; x_wconf 91' lang='lat' dir='ltr'>Vl.</span> <span class='ocrx_word' id='word_1_87' title='bbox 306 1256 394 1317; x_wconf 78' lang='lat' dir='ltr'>Alere</span> <span class='ocrx_word' id='word_1_88' title='bbox 414 1255 654 1317; x_wconf 86' lang='lat' dir='ltr'>ardentissimum</span> <span class='ocrx_word' id='word_1_89' title='bbox 674 1254 856 1316; x_wconf 88' lang='lat' dir='ltr'>desiderium</span> <span class='ocrx_word' id='word_1_90' title='bbox 878 1252 996 1315; x_wconf 84' lang='lat' dir='ltr'>arnandi</span> <span class='ocrx_word' id='word_1_91' title='bbox 1009 1254 1105 1313; x_wconf 89' lang='lat' dir='ltr'>Deum</span> <span class='ocrx_word' id='word_1_92' title='bbox 1121 1300 1139 1328; x_wconf 73' lang='lat'><strong><em>‚</em></strong></span> 
     </span>
     <span class='ocr_line' id='line_1_14' title="bbox 118 1336 1140 1419; baseline -0.004 -17"><span class='ocrx_word' id='word_1_93' title='bbox 118 1343 222 1419; x_wconf 87' lang='lat' dir='ltr'>illique</span> <span class='ocrx_word' id='word_1_94' title='bbox 248 1340 395 1419; x_wconf 85' lang='lat' dir='ltr'>placendi.</span> <span class='ocrx_word' id='word_1_95' title='bbox 420 1342 470 1402; x_wconf 81' lang='lat' dir='ltr'>Ait</span> <span class='ocrx_word' id='word_1_96' title='bbox 486 1341 518 1401; x_wconf 89' lang='lat' dir='ltr'>S.</span> <span class='ocrx_word' id='word_1_97' title='bbox 542 1338 681 1402; x_wconf 72' lang='lat' dir='ltr'>Theronis</span> <span class='ocrx_word' id='word_1_98' title='bbox 695 1363 706 1400; x_wconf 90' lang='grc'>.·</span> <span class='ocrx_word' id='word_1_99' title='bbox 722 1339 872 1401; x_wconf 80' lang='lat' dir='ltr'>Domiaue</span> <span class='ocrx_word' id='word_1_100' title='bbox 886 1337 959 1401; x_wconf 82' lang='lat' dir='ltr'>oded</span> <span class='ocrx_word' id='word_1_101' title='bbox 977 1336 1140 1399; x_wconf 75' lang='lat' dir='ltr'>desideriis</span> 
     </span>
     <span class='ocr_line' id='line_1_15' title="bbox 117 1420 1138 1506; baseline -0.005 -19"><span class='ocrx_word' id='word_1_102' title='bbox 117 1422 299 1503; x_wconf 73' lang='lat' dir='ltr'>deiceretur,</span> <span class='ocrx_word' id='word_1_103' title='bbox 320 1444 355 1487; x_wconf 88' lang='lat' dir='ltr'>ac</span> <span class='ocrx_word' id='word_1_104' title='bbox 375 1424 404 1487; x_wconf 83' lang='lat' dir='ltr'>si</span> <span class='ocrx_word' id='word_1_105' title='bbox 428 1422 558 1506; x_wconf 70' lang='lat' dir='ltr'>fuissent</span> <span class='ocrx_word' id='word_1_106' title='bbox 581 1424 746 1487; x_wconf 80' lang='lat' dir='ltr'>caecationi</span> <span class='ocrx_word' id='word_1_107' title='bbox 769 1424 960 1487; x_wconf 72' lang='lat' dir='ltr'>dmmadotn.</span> <span class='ocrx_word' id='word_1_108' title='bbox 985 1422 1054 1482; x_wconf 87' lang='lat' dir='ltr'>Sino</span> <span class='ocrx_word' id='word_1_109' title='bbox 1073 1420 1138 1482; x_wconf 88' lang='lat' dir='ltr'>hoc</span> 
     </span>
     <span class='ocr_line' id='line_1_16' title="bbox 118 1509 1137 1589; baseline -0.003 -17"><span class='ocrx_word' id='word_1_110' title='bbox 118 1510 264 1572; x_wconf 79' lang='lat' dir='ltr'>desiderio</span> <span class='ocrx_word' id='word_1_111' title='bbox 275 1511 440 1571; x_wconf 86' lang='lat' dir='ltr'>animanon</span> <span class='ocrx_word' id='word_1_112' title='bbox 457 1509 663 1589; x_wconf 82' lang='lat' dir='ltr'>progredietur</span> <span class='ocrx_word' id='word_1_113' title='bbox 675 1510 957 1589; x_wconf 82' lang='lat' dir='ltr'>iuviaperiectionis</span> <span class='ocrx_word' id='word_1_114' title='bbox 966 1552 975 1578; x_wconf 85' lang='lat'>‚</span> <span class='ocrx_word' id='word_1_115' title='bbox 985 1524 1039 1567; x_wconf 88' lang='lat' dir='ltr'>uec</span> <span class='ocrx_word' id='word_1_116' title='bbox 1048 1509 1137 1569; x_wconf 82' lang='lat' dir='ltr'>Deus</span> 
     </span>
     <span class='ocr_line' id='line_1_17' title="bbox 118 1589 1141 1673; baseline -0.005 -16"><span class='ocrx_word' id='word_1_117' title='bbox 118 1596 261 1673; x_wconf 80' lang='lat' dir='ltr'>largietur</span> <span class='ocrx_word' id='word_1_118' title='bbox 282 1594 325 1653; x_wconf 89' lang='lat' dir='ltr'>illi</span> <span class='ocrx_word' id='word_1_119' title='bbox 345 1594 453 1673; x_wconf 73' lang='lat' dir='ltr'>gratias</span> <span class='ocrx_word' id='word_1_120' title='bbox 469 1596 555 1654; x_wconf 88' lang='lat' dir='ltr'>valde</span> <span class='ocrx_word' id='word_1_121' title='bbox 577 1596 726 1673; x_wconf 87' lang='lat' dir='ltr'>speciales.</span> <span class='ocrx_word' id='word_1_122' title='bbox 742 1589 850 1655; x_wconf 82' lang='lat' dir='ltr'>Eadem</span> <span class='ocrx_word' id='word_1_123' title='bbox 873 1596 977 1654; x_wconf 86' lang='lat' dir='ltr'>Sancta</span> <span class='ocrx_word' id='word_1_124' title='bbox 992 1593 1056 1652; x_wconf 75' lang='lat' dir='ltr'>altr</span> <span class='ocrx_word' id='word_1_125' title='bbox 1074 1595 1141 1652; x_wconf 87' lang='lat' dir='ltr'>Or·</span> 
     </span>
     <span class='ocr_line' id='line_1_18' title="bbox 121 1674 1143 1759; baseline -0.005 -19"><span class='ocrx_word' id='word_1_126' title='bbox 121 1676 239 1740; x_wconf 72' lang='lat' dir='ltr'>ditionii</span> <span class='ocrx_word' id='word_1_127' title='bbox 252 1680 334 1740; x_wconf 80' lang='lat' dir='ltr'>Deus</span> <span class='ocrx_word' id='word_1_128' title='bbox 352 1696 414 1739; x_wconf 83' lang='lat' dir='ltr'>non</span> <span class='ocrx_word' id='word_1_129' title='bbox 431 1677 602 1759; x_wconf 82' lang='lat' dir='ltr'>impertitur</span> <span class='ocrx_word' id='word_1_130' title='bbox 612 1677 729 1758; x_wconf 78' lang='lat' dir='ltr'>[coerce</span> <span class='ocrx_word' id='word_1_131' title='bbox 741 1676 868 1739; x_wconf 76' lang='lat' dir='ltr'>mallim</span> <span class='ocrx_word' id='word_1_132' title='bbox 878 1674 1143 1759; x_wconf 62' lang='lat' dir='ltr'>teramnanae-2·</span> 
     </span>
     <span class='ocr_line' id='line_1_19' title="bbox 122 1761 1141 1845; baseline -0.003 -21"><span class='ocrx_word' id='word_1_133' title='bbox 122 1764 162 1827; x_wconf 85' lang='lat' dir='ltr'>iis</span> <span class='ocrx_word' id='word_1_134' title='bbox 180 1762 235 1845; x_wconf 85' lang='lat' dir='ltr'>qui</span> <span class='ocrx_word' id='word_1_135' title='bbox 256 1761 311 1825; x_wconf 78' lang='lat' dir='ltr'>attat</span> <span class='ocrx_word' id='word_1_136' title='bbox 332 1762 572 1826; x_wconf 81' lang='lat' dir='ltr'>desideraverunt</span> <span class='ocrx_word' id='word_1_137' title='bbox 587 1764 651 1845; x_wconf 77' lang='lat' dir='ltr'>ejus</span> <span class='ocrx_word' id='word_1_138' title='bbox 673 1782 814 1825; x_wconf 83' lang='lat' dir='ltr'>amorem.</span> <span class='ocrx_word' id='word_1_139' title='bbox 829 1764 862 1824; x_wconf 82' lang='lat' dir='ltr'>Ei</span> <span class='ocrx_word' id='word_1_140' title='bbox 881 1763 1027 1823; x_wconf 87' lang='lat' dir='ltr'>desiderio</span> <span class='ocrx_word' id='word_1_141' title='bbox 1047 1779 1141 1841; x_wconf 86' lang='lat' dir='ltr'>opor·-</span> 
     </span>
     <span class='ocr_line' id='line_1_20' title="bbox 120 1844 1140 1929; baseline -0.004 -19"><span class='ocrx_word' id='word_1_142' title='bbox 120 1860 164 1911; x_wconf 84' lang='lat' dir='ltr'>tet</span> <span class='ocrx_word' id='word_1_143' title='bbox 191 1866 309 1929; x_wconf 86' lang='lat' dir='ltr'>semper</span> <span class='ocrx_word' id='word_1_144' title='bbox 332 1848 511 1929; x_wconf 84' lang='lat' dir='ltr'>conjungere</span> <span class='ocrx_word' id='word_1_145' title='bbox 533 1848 811 1911; x_wconf 78' lang='lat' dir='ltr'>determinationem</span> <span class='ocrx_word' id='word_1_146' title='bbox 835 1848 961 1909; x_wconf 60' lang='lat' dir='ltr'>edendi</span> <span class='ocrx_word' id='word_1_147' title='bbox 987 1844 1140 1926; x_wconf 76' lang='lat' dir='ltr'>quantulus</span> 
     </span>
     <span class='ocr_line' id='line_1_21' title="bbox 121 1929 1143 2016; baseline -0.004 -20"><span class='ocrx_word' id='word_1_148' title='bbox 121 1953 294 2016; x_wconf 85' lang='lat' dir='ltr'>possumus,</span> <span class='ocrx_word' id='word_1_149' title='bbox 311 1944 344 1997; x_wconf 88' lang='lat' dir='ltr'>nt</span> <span class='ocrx_word' id='word_1_150' title='bbox 357 1936 420 1996; x_wconf 87' lang='lat' dir='ltr'>Deo</span> <span class='ocrx_word' id='word_1_151' title='bbox 439 1936 614 2014; x_wconf 85' lang='lat' dir='ltr'>placeamus.</span> <span class='ocrx_word' id='word_1_152' title='bbox 632 1935 754 1996; x_wconf 85' lang='lat' dir='ltr'>Praelata</span> <span class='ocrx_word' id='word_1_153' title='bbox 767 1936 871 1996; x_wconf 86' lang='lat' dir='ltr'>Sancta</span> <span class='ocrx_word' id='word_1_154' title='bbox 882 1933 1003 2013; x_wconf 84' lang='lat' dir='ltr'>inquit:</span> <span class='ocrx_word' id='word_1_155' title='bbox 1022 1929 1143 1993; x_wconf 80' lang='lat' dir='ltr'>Diabo-</span> 
     </span>
     <span class='ocr_line' id='line_1_22' title="bbox 120 2015 1141 2103; baseline -0.001 -22"><span class='ocrx_word' id='word_1_156' title='bbox 120 2019 167 2082; x_wconf 81' lang='lat' dir='ltr'>lus</span> <span class='ocrx_word' id='word_1_157' title='bbox 178 2020 365 2102; x_wconf 75' lang='lat' dir='ltr'>potissimum</span> <span class='ocrx_word' id='word_1_158' title='bbox 381 2020 666 2103; x_wconf 79' lang='lat' dir='ltr'>timetmopaenime</span> <span class='ocrx_word' id='word_1_159' title='bbox 676 2019 775 2081; x_wconf 83' lang='lat' dir='ltr'>eorde.</span> <span class='ocrx_word' id='word_1_160' title='bbox 788 2021 824 2079; x_wconf 81' lang='lat' dir='ltr'>Et·</span> <span class='ocrx_word' id='word_1_161' title='bbox 840 2019 929 2080; x_wconf 81' lang='lat' dir='ltr'>alibi:</span> <span class='ocrx_word' id='word_1_162' title='bbox 943 2015 1030 2079; x_wconf 82' lang='lat' dir='ltr'>Niltil</span> <span class='ocrx_word' id='word_1_163' title='bbox 1044 2015 1141 2080; x_wconf 75' lang='lat' dir='ltr'>eliud</span> 
     </span>
     <span class='ocr_line' id='line_1_23' title="bbox 120 2103 1144 2190; baseline -0.002 -22"><span class='ocrx_word' id='word_1_164' title='bbox 120 2106 240 2170; x_wconf 78' lang='lat' dir='ltr'>duolio</span> <span class='ocrx_word' id='word_1_165' title='bbox 257 2108 350 2190; x_wconf 78' lang='lat' dir='ltr'>eripit</span> <span class='ocrx_word' id='word_1_166' title='bbox 361 2108 510 2172; x_wconf 72' lang='lat' dir='ltr'>Deoniana</span> <span class='ocrx_word' id='word_1_167' title='bbox 527 2108 617 2186; x_wconf 85' lang='lat' dir='ltr'>qodm</span> <span class='ocrx_word' id='word_1_168' title='bbox 638 2103 771 2166; x_wconf 80' lang='lat' dir='ltr'>ualidam</span> <span class='ocrx_word' id='word_1_169' title='bbox 787 2103 1083 2177; x_wconf 68' lang='lat' dir='ltr'>dominationem,</span> <span class='ocrx_word' id='word_1_170' title='bbox 1099 2115 1144 2166; x_wconf 79' lang='lat' dir='ltr'>at</span> 
     </span>
     <span class='ocr_line' id='line_1_24' title="bbox 120 2188 1144 2276; baseline -0.001 -24"><span class='ocrx_word' id='word_1_171' title='bbox 120 2191 268 2276; x_wconf 76' lang='lat' dir='ltr'>reliquum</span> <span class='ocrx_word' id='word_1_172' title='bbox 289 2195 352 2276; x_wconf 77' lang='lat' dir='ltr'>ipae</span> <span class='ocrx_word' id='word_1_173' title='bbox 374 2192 442 2256; x_wconf 82' lang='lat' dir='ltr'>inde</span> <span class='ocrx_word' id='word_1_174' title='bbox 454 2189 598 2274; x_wconf 77' lang='lat' dir='ltr'>perficiet.</span> <span class='ocrx_word' id='word_1_175' title='bbox 613 2191 739 2272; x_wconf 83' lang='lat' dir='ltr'>Oportet</span> <span class='ocrx_word' id='word_1_176' title='bbox 756 2191 986 2270; x_wconf 82' lang='lat' dir='ltr'>quoquetovere</span> <span class='ocrx_word' id='word_1_177' title='bbox 996 2188 1144 2251; x_wconf 69' lang='lat' dir='ltr'>affectunt</span> 
     </span>
     <span class='ocr_line' id='line_1_25' title="bbox 121 2275 1145 2358; baseline 0 -21"><span class='ocrx_word' id='word_1_178' title='bbox 121 2297 271 2340; x_wconf 80' lang='lat' dir='ltr'>sumntum</span> <span class='ocrx_word' id='word_1_179' title='bbox 291 2297 360 2358; x_wconf 80' lang='lat' dir='ltr'>erga</span> <span class='ocrx_word' id='word_1_180' title='bbox 379 2281 545 2342; x_wconf 83' lang='lat' dir='ltr'>orationem</span> <span class='ocrx_word' id='word_1_181' title='bbox 560 2323 567 2350; x_wconf 91' lang='lat'><strong>‚</strong></span> <span class='ocrx_word' id='word_1_182' title='bbox 583 2295 649 2358; x_wconf 85' lang='lat' dir='ltr'>quae</span> <span class='ocrx_word' id='word_1_183' title='bbox 662 2285 707 2338; x_wconf 85' lang='lat' dir='ltr'>est</span> <span class='ocrx_word' id='word_1_184' title='bbox 719 2278 824 2339; x_wconf 76' lang='lat' dir='ltr'>lernau</span> <span class='ocrx_word' id='word_1_185' title='bbox 843 2279 875 2336; x_wconf 90' lang='lat' dir='ltr'>in</span> <span class='ocrx_word' id='word_1_186' title='bbox 893 2295 951 2355; x_wconf 89' lang='lat' dir='ltr'>qua</span> <span class='ocrx_word' id='word_1_187' title='bbox 965 2275 1116 2336; x_wconf 82' lang='lat' dir='ltr'>accendite</span> <span class='ocrx_word' id='word_1_188' title='bbox 1124 2299 1145 2337; x_wconf 80' lang='lat' dir='ltr'>a·</span> 
     </span>
     <span class='ocr_line' id='line_1_26' title="bbox 120 2360 1143 2441; baseline 0.001 -22"><span class='ocrx_word' id='word_1_189' title='bbox 120 2377 204 2420; x_wconf 89' lang='lat' dir='ltr'>amor</span> <span class='ocrx_word' id='word_1_190' title='bbox 225 2363 355 2420; x_wconf 83' lang='lat' dir='ltr'>divinus.</span> <span class='ocrx_word' id='word_1_191' title='bbox 369 2364 478 2423; x_wconf 86' lang='lat' dir='ltr'>Omnes</span> <span class='ocrx_word' id='word_1_192' title='bbox 504 2363 601 2423; x_wconf 80' lang='lat' dir='ltr'>Sancti</span> <span class='ocrx_word' id='word_1_193' title='bbox 617 2406 627 2436; x_wconf 88' lang='lat'><strong>,</strong></span> <span class='ocrx_word' id='word_1_194' title='bbox 641 2364 782 2441; x_wconf 87' lang='lat' dir='ltr'>quoniam</span> <span class='ocrx_word' id='word_1_195' title='bbox 807 2361 895 2423; x_wconf 76' lang='lat' dir='ltr'>unice</span> <span class='ocrx_word' id='word_1_196' title='bbox 909 2364 1006 2422; x_wconf 86' lang='lat' dir='ltr'>Deum</span> <span class='ocrx_word' id='word_1_197' title='bbox 1028 2360 1143 2439; x_wconf 82' lang='lat' dir='ltr'>dilige-</span> 
     </span>
     <span class='ocr_line' id='line_1_27' title="bbox 120 2445 1146 2523; baseline 0 -17"><span class='ocrx_word' id='word_1_198' title='bbox 120 2445 210 2516; x_wconf 82' lang='lat' dir='ltr'>bant,</span> <span class='ocrx_word' id='word_1_199' title='bbox 227 2445 315 2506; x_wconf 74' lang='lat' dir='ltr'>unice</span> <span class='ocrx_word' id='word_1_200' title='bbox 334 2463 453 2523; x_wconf 89' lang='lat' dir='ltr'>quoque</span> <span class='ocrx_word' id='word_1_201' title='bbox 472 2447 647 2508; x_wconf 80' lang='lat' dir='ltr'>dilexerunt</span> <span class='ocrx_word' id='word_1_202' title='bbox 670 2449 846 2511; x_wconf 86' lang='lat' dir='ltr'>orationem.</span> <span class='ocrx_word' id='word_1_203' title='bbox 861 2451 913 2508; x_wconf 82' lang='lat' dir='ltr'>Est</span> <span class='ocrx_word' id='word_1_204' title='bbox 933 2449 1022 2508; x_wconf 90' lang='lat' dir='ltr'>etiam</span> <span class='ocrx_word' id='word_1_205' title='bbox 1035 2463 1146 2506; x_wconf 84' lang='lat' dir='ltr'>uoces.-</span> 
     </span>
     <span class='ocr_line' id='line_1_28' title="bbox 120 2527 1144 2612; baseline 0.006 -23"><span class='ocrx_word' id='word_1_206' title='bbox 120 2527 230 2589; x_wconf 84' lang='lat' dir='ltr'>sarium</span> <span class='ocrx_word' id='word_1_207' title='bbox 245 2573 253 2602; x_wconf 84' lang='lat'><strong>,</strong></span> <span class='ocrx_word' id='word_1_208' title='bbox 270 2531 380 2609; x_wconf 79' lang='lat' dir='ltr'>niquis</span> <span class='ocrx_word' id='word_1_209' title='bbox 392 2531 531 2592; x_wconf 83' lang='lat' dir='ltr'>ardenter</span> <span class='ocrx_word' id='word_1_210' title='bbox 551 2532 700 2591; x_wconf 83' lang='lat' dir='ltr'>desideret</span> <span class='ocrx_word' id='word_1_211' title='bbox 719 2533 952 2612; x_wconf 76' lang='lat' dir='ltr'>paradisum3iu</span> <span class='ocrx_word' id='word_1_212' title='bbox 965 2533 1038 2592; x_wconf 87' lang='lat' dir='ltr'>eoelo</span> <span class='ocrx_word' id='word_1_213' title='bbox 1052 2533 1144 2596; x_wconf 74' lang='lat' dir='ltr'>eninr</span> 
     </span>
     <span class='ocr_line' id='line_1_29' title="bbox 121 2615 1146 2698; baseline 0.004 -22"><span class='ocrx_word' id='word_1_214' title='bbox 121 2615 229 2678; x_wconf 87' lang='lat' dir='ltr'>animae</span> <span class='ocrx_word' id='word_1_215' title='bbox 241 2616 369 2698; x_wconf 82' lang='lat' dir='ltr'>diligunt</span> <span class='ocrx_word' id='word_1_216' title='bbox 380 2619 476 2680; x_wconf 87' lang='lat' dir='ltr'>Deum</span> <span class='ocrx_word' id='word_1_217' title='bbox 490 2636 560 2679; x_wconf 92' lang='lat' dir='ltr'>cum</span> <span class='ocrx_word' id='word_1_218' title='bbox 573 2619 714 2679; x_wconf 91' lang='lat' dir='ltr'>omnibus</span> <span class='ocrx_word' id='word_1_219' title='bbox 728 2621 842 2681; x_wconf 87' lang='lat' dir='ltr'>viribus</span> <span class='ocrx_word' id='word_1_220' title='bbox 851 2622 911 2680; x_wconf 91' lang='lat' dir='ltr'>suis</span> <span class='ocrx_word' id='word_1_221' title='bbox 923 2663 931 2693; x_wconf 90' lang='lat'>‚</span> <span class='ocrx_word' id='word_1_222' title='bbox 944 2617 1023 2696; x_wconf 89' lang='lat' dir='ltr'>quod</span> <span class='ocrx_word' id='word_1_223' title='bbox 1036 2637 1146 2680; x_wconf 84' lang='lat' dir='ltr'>consc-</span> 
     </span>
     <span class='ocr_line' id='line_1_30' title="bbox 122 2702 1145 2786; baseline 0.003 -21"><span class='ocrx_word' id='word_1_224' title='bbox 122 2706 174 2786; x_wconf 87' lang='lat' dir='ltr'>qui</span> <span class='ocrx_word' id='word_1_225' title='bbox 193 2723 281 2764; x_wconf 88' lang='lat' dir='ltr'>uerno</span> <span class='ocrx_word' id='word_1_226' title='bbox 296 2711 393 2782; x_wconf 84' lang='lat' dir='ltr'>polest</span> <span class='ocrx_word' id='word_1_227' title='bbox 406 2704 437 2763; x_wconf 91' lang='lat' dir='ltr'>in</span> <span class='ocrx_word' id='word_1_228' title='bbox 449 2713 547 2776; x_wconf 86' lang='lat' dir='ltr'>terra,</span> <span class='ocrx_word' id='word_1_229' title='bbox 562 2711 592 2764; x_wconf 86' lang='lat' dir='ltr'>et</span> <span class='ocrx_word' id='word_1_230' title='bbox 611 2702 679 2764; x_wconf 86' lang='lat' dir='ltr'>ided</span> <span class='ocrx_word' id='word_1_231' title='bbox 689 2705 755 2764; x_wconf 83' lang='lat' dir='ltr'>vult</span> <span class='ocrx_word' id='word_1_232' title='bbox 767 2707 845 2765; x_wconf 90' lang='lat' dir='ltr'>Deus</span> <span class='ocrx_word' id='word_1_233' title='bbox 857 2750 866 2777; x_wconf 88' lang='lat'>‚</span> <span class='ocrx_word' id='word_1_234' title='bbox 880 2712 916 2764; x_wconf 87' lang='lat' dir='ltr'>ut</span> <span class='ocrx_word' id='word_1_235' title='bbox 929 2704 1145 2768; x_wconf 78' lang='lat' dir='ltr'>ardentissime</span> 
     </span>
     <span class='ocr_line' id='line_1_31' title="bbox 121 2786 1142 2870; baseline -0.002 -18"><span class='ocrx_word' id='word_1_236' title='bbox 121 2791 177 2854; x_wconf 89' lang='lat' dir='ltr'>hoe</span> <span class='ocrx_word' id='word_1_237' title='bbox 191 2806 317 2870; x_wconf 79' lang='lat' dir='ltr'>regnum</span> <span class='ocrx_word' id='word_1_238' title='bbox 336 2786 557 2862; x_wconf 86' lang='lat' dir='ltr'>desideremus,</span> <span class='ocrx_word' id='word_1_239' title='bbox 571 2789 652 2868; x_wconf 89' lang='lat' dir='ltr'>quod</span> <span class='ocrx_word' id='word_1_240' title='bbox 665 2790 749 2850; x_wconf 77' lang='lat' dir='ltr'>iesus</span> <span class='ocrx_word' id='word_1_241' title='bbox 759 2789 894 2852; x_wconf 87' lang='lat' dir='ltr'>Christus</span> <span class='ocrx_word' id='word_1_242' title='bbox 910 2788 995 2850; x_wconf 85' lang='lat' dir='ltr'>uobis</span> <span class='ocrx_word' id='word_1_243' title='bbox 1006 2791 1142 2870; x_wconf 88' lang='lat' dir='ltr'>acquisi-</span> 
     </span>
     <span class='ocr_line' id='line_1_32' title="bbox 122 2875 404 2954; baseline -0.014 -18"><span class='ocrx_word' id='word_1_244' title='bbox 122 2880 166 2938; x_wconf 84' lang='lat' dir='ltr'>vit</span> <span class='ocrx_word' id='word_1_245' title='bbox 182 2875 326 2954; x_wconf 84' lang='lat' dir='ltr'>sanguine</span> <span class='ocrx_word' id='word_1_246' title='bbox 340 2889 404 2933; x_wconf 92' lang='lat' dir='ltr'>suo.</span> 
     </span>
    </p>

    <p class='ocr_par' dir='ltr' id='par_1_5' title="bbox 32 2958 1149 3386">
     <span class='ocr_line' id='line_1_33' title="bbox 161 2958 1143 3040; baseline -0.005 -14"><span class='ocrx_word' id='word_1_247' title='bbox 161 2965 230 3026; x_wconf 91' lang='grc'><strong>166.</strong></span> <span class='ocrx_word' id='word_1_248' title='bbox 245 2961 310 3024; x_wconf 84' lang='lat' dir='ltr'>llll.</span> <span class='ocrx_word' id='word_1_249' title='bbox 323 2958 438 3020; x_wconf 74' lang='lat' dir='ltr'>llabdrc</span> <span class='ocrx_word' id='word_1_250' title='bbox 453 2975 589 3040; x_wconf 83' lang='lat' dir='ltr'>magnam</span> <span class='ocrx_word' id='word_1_251' title='bbox 613 2959 848 3020; x_wconf 86' lang='lat' dir='ltr'>uniformitatem</span> <span class='ocrx_word' id='word_1_252' title='bbox 865 2959 975 3021; x_wconf 77' lang='lat' dir='ltr'>divina·</span> <span class='ocrx_word' id='word_1_253' title='bbox 986 2959 1143 3022; x_wconf 81' lang='lat' dir='ltr'>voluntati</span> 
     </span>
     <span class='ocr_line' id='line_1_34' title="bbox 123 3045 1145 3124; baseline -0.005 -13"><span class='ocrx_word' id='word_1_254' title='bbox 123 3051 155 3111; x_wconf 91' lang='lat' dir='ltr'>in</span> <span class='ocrx_word' id='word_1_255' title='bbox 171 3049 311 3110; x_wconf 89' lang='lat' dir='ltr'>omnibus</span> <span class='ocrx_word' id='word_1_256' title='bbox 332 3045 421 3106; x_wconf 92' lang='lat' dir='ltr'>rebus</span> <span class='ocrx_word' id='word_1_257' title='bbox 437 3046 580 3124; x_wconf 87' lang='lat' dir='ltr'>appetitui</span> <span class='ocrx_word' id='word_1_258' title='bbox 601 3055 703 3106; x_wconf 88' lang='lat' dir='ltr'>nostro</span> <span class='ocrx_word' id='word_1_259' title='bbox 726 3046 903 3117; x_wconf 86' lang='lat' dir='ltr'>contrariis,</span> <span class='ocrx_word' id='word_1_260' title='bbox 923 3055 954 3105; x_wconf 88' lang='lat' dir='ltr'>et</span> <span class='ocrx_word' id='word_1_261' title='bbox 972 3063 1004 3104; x_wconf 89' lang='lat' dir='ltr'>se</span> <span class='ocrx_word' id='word_1_262' title='bbox 1024 3046 1145 3124; x_wconf 82' lang='lat' dir='ltr'>pluries</span> 
     </span>
     <span class='ocr_line' id='line_1_35' title="bbox 123 3129 1146 3208; baseline -0.003 -14"><span class='ocrx_word' id='word_1_263' title='bbox 123 3136 155 3194; x_wconf 92' lang='lat' dir='ltr'>in</span> <span class='ocrx_word' id='word_1_264' title='bbox 175 3133 223 3193; x_wconf 89' lang='lat' dir='ltr'>dio</span> <span class='ocrx_word' id='word_1_265' title='bbox 240 3137 304 3194; x_wconf 88' lang='lat' dir='ltr'>Deo</span> <span class='ocrx_word' id='word_1_266' title='bbox 319 3131 435 3194; x_wconf 78' lang='lat' dir='ltr'>offerre.</span> <span class='ocrx_word' id='word_1_267' title='bbox 447 3133 479 3192; x_wconf 89' lang='lat' dir='ltr'>S.</span> <span class='ocrx_word' id='word_1_268' title='bbox 495 3129 632 3192; x_wconf 76' lang='lat' dir='ltr'>Therasia</span> <span class='ocrx_word' id='word_1_269' title='bbox 654 3130 711 3191; x_wconf 84' lang='lat' dir='ltr'>hoc</span> <span class='ocrx_word' id='word_1_270' title='bbox 726 3131 920 3208; x_wconf 80' lang='lat' dir='ltr'>quinquagies</span> <span class='ocrx_word' id='word_1_271' title='bbox 935 3131 968 3189; x_wconf 88' lang='lat' dir='ltr'>in</span> <span class='ocrx_word' id='word_1_272' title='bbox 981 3130 1030 3190; x_wconf 89' lang='lat' dir='ltr'>die</span> <span class='ocrx_word' id='word_1_273' title='bbox 1042 3131 1146 3192; x_wconf 83' lang='lat' dir='ltr'>iacere</span> 
     </span>
     <span class='ocr_line' id='line_1_36' title="bbox 124 3213 1149 3298; baseline 0 -19"><span class='ocrx_word' id='word_1_274' title='bbox 124 3230 333 3280; x_wconf 77' lang='lat' dir='ltr'>consueverata</span> <span class='ocrx_word' id='word_1_275' title='bbox 349 3221 420 3282; x_wconf 86' lang='lat' dir='ltr'>Non</span> <span class='ocrx_word' id='word_1_276' title='bbox 439 3216 573 3280; x_wconf 78' lang='lat' dir='ltr'>eoteaietit</span> <span class='ocrx_word' id='word_1_277' title='bbox 589 3233 762 3298; x_wconf 76' lang='lat' dir='ltr'>propraetor</span> <span class='ocrx_word' id='word_1_278' title='bbox 776 3217 885 3296; x_wconf 77' lang='lat' dir='ltr'>(iuquit</span> <span class='ocrx_word' id='word_1_279' title='bbox 900 3213 1015 3291; x_wconf 79' lang='lat' dir='ltr'>Sancta)</span> <span class='ocrx_word' id='word_1_280' title='bbox 1030 3214 1065 3276; x_wconf 80' lang='lat' dir='ltr'>in</span> <span class='ocrx_word' id='word_1_281' title='bbox 1079 3216 1149 3279; x_wconf 74' lang='lat' dir='ltr'>stoi</span> 
     </span>
     <span class='ocr_line' id='line_1_37' title="bbox 32 3297 1146 3386; baseline 0.003 -25"><span class='ocrx_word' id='word_1_282' title='bbox 32 3307 37 3320; x_wconf 87' lang='lat'>&#39;</span> <span class='ocrx_word' id='word_1_283' title='bbox 121 3303 311 3386; x_wconf 81' lang='lat' dir='ltr'>procurando</span> <span class='ocrx_word' id='word_1_284' title='bbox 331 3305 444 3385; x_wconf 67' lang='lat' dir='ltr'>naoJ&#39;ore</span> <span class='ocrx_word' id='word_1_285' title='bbox 462 3300 606 3383; x_wconf 81' lang='lat' dir='ltr'>fruitione</span> <span class='ocrx_word' id='word_1_286' title='bbox 621 3303 701 3374; x_wconf 88' lang='lat' dir='ltr'>Dei,</span> <span class='ocrx_word' id='word_1_287' title='bbox 720 3301 771 3364; x_wconf 82' lang='lat' dir='ltr'>scd</span> <span class='ocrx_word' id='word_1_288' title='bbox 786 3301 820 3362; x_wconf 82' lang='lat' dir='ltr'>in</span> <span class='ocrx_word' id='word_1_289' title='bbox 841 3299 1033 3381; x_wconf 80' lang='lat' dir='ltr'>adimplendo</span> <span class='ocrx_word' id='word_1_290' title='bbox 1055 3297 1146 3364; x_wconf 79' lang='lat' dir='ltr'>iilius</span> 
     </span>
    </p>
   </div>
   <div class='ocr_carea' id='block_1_3' title="bbox 123 3383 1146 3532">
    <p class='ocr_par' dir='ltr' id='par_1_6' title="bbox 123 3383 1146 3532">
     <span class='ocr_line' id='line_1_38' title="bbox 123 3383 1146 3530; baseline -0.001 -80"><span class='ocrx_word' id='word_1_291' title='bbox 123 3383 284 3530; x_wconf 55' lang='lat' dir='ltr'>oollttntute.</span> <span class='ocrx_word' id='word_1_292' title='bbox 300 3389 336 3446; x_wconf 87' lang='lat' dir='ltr'>Et</span> <span class='ocrx_word' id='word_1_293' title='bbox 348 3389 442 3449; x_wconf 77' lang='lat' dir='ltr'>alibi:</span> <span class='ocrx_word' id='word_1_294' title='bbox 465 3390 542 3452; x_wconf 82' lang='lat' dir='ltr'>Vera</span> <span class='ocrx_word' id='word_1_295' title='bbox 559 3387 632 3450; x_wconf 82' lang='lat' dir='ltr'>noio</span> <span class='ocrx_word' id='word_1_296' title='bbox 650 3395 694 3448; x_wconf 82' lang='lat' dir='ltr'>est</span> <span class='ocrx_word' id='word_1_297' title='bbox 711 3389 798 3449; x_wconf 79' lang='lat' dir='ltr'>noire</span> <span class='ocrx_word' id='word_1_298' title='bbox 811 3395 945 3450; x_wconf 80' lang='lat' dir='ltr'>nostram</span> <span class='ocrx_word' id='word_1_299' title='bbox 956 3405 1021 3448; x_wconf 80' lang='lat' dir='ltr'>com</span> <span class='ocrx_word' id='word_1_300' title='bbox 1033 3383 1146 3449; x_wconf 63' lang='lat' dir='ltr'>moine</span> 
     </span>
     <span class='ocr_line' id='line_1_39' title="bbox 126 3477 291 3532; baseline -0.012 -1"><span class='ocrx_word' id='word_1_301' title='bbox 126 3488 163 3532; x_wconf 87' lang='lat' dir='ltr'>oo</span> <span class='ocrx_word' id='word_1_302' title='bbox 176 3477 291 3531; x_wconf 79' lang='lat' dir='ltr'>tentate.</span> 
     </span>
    </p>
   </div>
   <div class='ocr_carea' id='block_1_4' title="bbox 127 3552 1144 3721">
    <p class='ocr_par' dir='ltr' id='par_1_7' title="bbox 127 3552 1144 3721">
     <span class='ocr_line' id='line_1_40' title="bbox 165 3552 1144 3635; baseline 0.009 -25"><span class='ocrx_word' id='word_1_303' title='bbox 165 3555 232 3611; x_wconf 89' lang='grc'><strong>167.</strong></span> <span class='ocrx_word' id='word_1_304' title='bbox 248 3552 327 3611; x_wconf 90' lang='lat' dir='ltr'>Vlll.</span> <span class='ocrx_word' id='word_1_305' title='bbox 340 3554 481 3613; x_wconf 86' lang='lat' dir='ltr'>Praestare</span> <span class='ocrx_word' id='word_1_306' title='bbox 497 3566 627 3616; x_wconf 84' lang='lat' dir='ltr'>exactum</span> <span class='ocrx_word' id='word_1_307' title='bbox 641 3555 839 3618; x_wconf 83' lang='lat' dir='ltr'>obedientiam</span> <span class='ocrx_word' id='word_1_308' title='bbox 858 3558 987 3635; x_wconf 75' lang='lat' dir='ltr'>regulis,</span> <span class='ocrx_word' id='word_1_309' title='bbox 1001 3559 1144 3635; x_wconf 83' lang='lat' dir='ltr'>superio-</span> 
     </span>
     <span class='ocr_line' id='line_1_41' title="bbox 127 3631 1143 3721; baseline 0.013 -30"><span class='ocrx_word' id='word_1_310' title='bbox 127 3631 228 3708; x_wconf 85' lang='lat' dir='ltr'>ribus,</span> <span class='ocrx_word' id='word_1_311' title='bbox 248 3644 279 3693; x_wconf 86' lang='lat' dir='ltr'>et</span> <span class='ocrx_word' id='word_1_312' title='bbox 292 3635 369 3710; x_wconf 87' lang='lat' dir='ltr'>patri</span> <span class='ocrx_word' id='word_1_313' title='bbox 389 3637 544 3710; x_wconf 85' lang='lat' dir='ltr'>spirituali.</span> <span class='ocrx_word' id='word_1_314' title='bbox 556 3641 679 3701; x_wconf 87' lang='lat' dir='ltr'>Dicebat</span> <span class='ocrx_word' id='word_1_315' title='bbox 696 3644 732 3705; x_wconf 85' lang='lat' dir='ltr'>V.</span> <span class='ocrx_word' id='word_1_316' title='bbox 746 3645 785 3703; x_wconf 89' lang='grc' dir='ltr'>Ρ.</span> <span class='ocrx_word' id='word_1_317' title='bbox 803 3641 975 3706; x_wconf 80' lang='lat' dir='ltr'>Vincentius</span> <span class='ocrx_word' id='word_1_318' title='bbox 988 3642 1143 3721; x_wconf 64' lang='lat' dir='ltr'>Cerussa.-</span> 
     </span>
    </p>
   </div>
   <div class='ocr_carea' id='block_1_5' title="bbox 0 0 1250 3975">
    <p class='ocr_par' dir='ltr' id='par_1_8' title="bbox 0 0 1250 3975">
     <span class='ocr_line' id='line_1_42' title="bbox 0 0 1250 3975; baseline 0 0"><span class='ocrx_word' id='word_1_319' title='bbox 0 0 1250 3975; x_wconf 95' lang='lat' dir='ltr'> </span> 
     </span>
    </p>
   </div>
  </div>
 </body>
</html>
