<?xml version="1.0" encoding="UTF-8"?>
<!DOCTYPE html PUBLIC "-//W3C//DTD XHTML 1.0 Transitional//EN"
    "http://www.w3.org/TR/xhtml1/DTD/xhtml1-transitional.dtd">
<html xmlns="http://www.w3.org/1999/xhtml" xml:lang="en" lang="en">
 <head>
  <title>
</title>
<meta http-equiv="Content-Type" content="text/html;charset=utf-8" />
  <meta name='ocr-system' content='tesseract 3.04.00' />
  <meta name='ocr-capabilities' content='ocr_page ocr_carea ocr_par ocr_line ocrx_word'/>
</head>
<body>
  <div class='ocr_page' id='page_1' title='image "./theologiamorali04heilgoog_0208.png"; bbox 0 0 2475 3975; ppageno 0'>
   <div class='ocr_carea' id='block_1_1' title="bbox 107 176 671 243">
    <p class='ocr_par' dir='ltr' id='par_1_1' title="bbox 107 176 671 243">
     <span class='ocr_line' id='line_1_1' title="bbox 107 176 671 243; baseline -0.002 -3"><span class='ocrx_word' id='word_1_1' title='bbox 107 178 165 243; x_wconf 81' lang='grc'><strong><em>199</em></strong></span> <span class='ocrx_word' id='word_1_2' title='bbox 576 176 671 242; x_wconf 81' lang='lat' dir='ltr'><strong><em>Inden</em></strong></span> 
     </span>
    </p>
   </div>
   <div class='ocr_carea' id='block_1_2' title="bbox 107 271 1115 446">
    <p class='ocr_par' dir='ltr' id='par_1_2' title="bbox 107 271 1115 446">
     <span class='ocr_line' id='line_1_2' title="bbox 107 271 1115 364; baseline -0.006 -22"><span class='ocrx_word' id='word_1_3' title='bbox 107 281 191 342; x_wconf 79' lang='lat' dir='ltr'><strong><em>cirea</em></strong></span> <span class='ocrx_word' id='word_1_4' title='bbox 209 281 261 343; x_wconf 86' lang='lat' dir='ltr'><strong><em>IV.</em></strong></span> <span class='ocrx_word' id='word_1_5' title='bbox 278 289 467 364; x_wconf 75' lang='lat' dir='ltr'><strong><em>preceptum.</em></strong></span> <span class='ocrx_word' id='word_1_6' title='bbox 484 279 542 343; x_wconf 84' lang='lat' dir='ltr'><strong><em>IIbi</em></strong></span> <span class='ocrx_word' id='word_1_7' title='bbox 551 277 699 362; x_wconf 77' lang='lat' dir='ltr'><strong><em>apiturde</em></strong></span> <span class='ocrx_word' id='word_1_8' title='bbox 711 275 887 359; x_wconf 77' lang='lat' dir='ltr'><strong><em>abtipationc</em></strong></span> <span class='ocrx_word' id='word_1_9' title='bbox 898 271 1032 354; x_wconf 79' lang='lat' dir='ltr'><strong><em>fitiorum</em></strong></span> <span class='ocrx_word' id='word_1_10' title='bbox 1043 291 1115 354; x_wconf 74' lang='lat' dir='ltr'><strong><em>erpa</em></strong></span> 
     </span>
     <span class='ocr_line' id='line_1_3' title="bbox 219 357 1115 446; baseline -0.009 -20"><span class='ocrx_word' id='word_1_11' title='bbox 219 367 373 446; x_wconf 65' lang='lat' dir='ltr'><strong><em>genitores.</em></strong></span> <span class='ocrx_word' id='word_1_12' title='bbox 389 385 421 426; x_wconf 89' lang='lat' dir='ltr'><strong><em>n.</em></strong></span> <span class='ocrx_word' id='word_1_13' title='bbox 438 368 487 427; x_wconf 85' lang='grc'><strong>54.</strong></span> <span class='ocrx_word' id='word_1_14' title='bbox 502 368 544 427; x_wconf 80' lang='lat' dir='ltr'><strong><em>Et</em></strong></span> <span class='ocrx_word' id='word_1_15' title='bbox 561 365 729 446; x_wconf 74' lang='lat' dir='ltr'><strong><em>penitorum</em></strong></span> <span class='ocrx_word' id='word_1_16' title='bbox 746 381 817 444; x_wconf 76' lang='lat' dir='ltr'><strong><em>erpa</em></strong></span> <span class='ocrx_word' id='word_1_17' title='bbox 832 358 933 441; x_wconf 78' lang='lat' dir='ltr'><strong><em>filios3</em></strong></span> <span class='ocrx_word' id='word_1_18' title='bbox 946 379 981 422; x_wconf 86' lang='lat' dir='ltr'><strong><em>aa</em></strong></span> <span class='ocrx_word' id='word_1_19' title='bbox 993 358 1029 421; x_wconf 88' lang='lat' dir='ltr'><strong><em>de</em></strong></span> <span class='ocrx_word' id='word_1_20' title='bbox 1041 357 1115 421; x_wconf 87' lang='lat' dir='ltr'><strong><em>obii-</em></strong></span> 
     </span>
    </p>
   </div>
   <div class='ocr_carea' id='block_1_3' title="bbox 104 447 1191 3671">
    <p class='ocr_par' dir='ltr' id='par_1_3' title="bbox 221 447 763 530">
     <span class='ocr_line' id='line_1_4' title="bbox 221 447 763 530; baseline -0.007 -20"><span class='ocrx_word' id='word_1_21' title='bbox 221 454 339 530; x_wconf 77' lang='lat' dir='ltr'><strong><em>patione</em></strong></span> <span class='ocrx_word' id='word_1_22' title='bbox 359 457 465 511; x_wconf 89' lang='lat' dir='ltr'><strong><em>mutua</em></strong></span> <span class='ocrx_word' id='word_1_23' title='bbox 481 447 651 530; x_wconf 73' lang='lat' dir='ltr'><strong><em>eonjuqum.</em></strong></span> <span class='ocrx_word' id='word_1_24' title='bbox 666 468 699 510; x_wconf 90' lang='lat' dir='ltr'><strong><em>n.</em></strong></span> <span class='ocrx_word' id='word_1_25' title='bbox 713 451 763 509; x_wconf 98' lang='grc'><strong><em>55.</em></strong></span> 
     </span>
    </p>

    <p class='ocr_par' dir='ltr' id='par_1_4' title="bbox 104 527 1191 868">
     <span class='ocr_line' id='line_1_5' title="bbox 104 527 1116 616; baseline -0.005 -20"><span class='ocrx_word' id='word_1_26' title='bbox 104 534 191 596; x_wconf 81' lang='lat' dir='ltr'><strong><em>Circe</em></strong></span> <span class='ocrx_word' id='word_1_27' title='bbox 210 536 249 597; x_wconf 82' lang='lat' dir='ltr'><strong><em>V.</em></strong></span> <span class='ocrx_word' id='word_1_28' title='bbox 267 543 454 616; x_wconf 77' lang='lat' dir='ltr'><strong><em>preceptum.</em></strong></span> <span class='ocrx_word' id='word_1_29' title='bbox 472 532 529 596; x_wconf 87' lang='lat' dir='ltr'><strong><em>Ubi</em></strong></span> <span class='ocrx_word' id='word_1_30' title='bbox 545 535 648 615; x_wconf 78' lang='lat' dir='ltr'><strong><em>apitur</em></strong></span> <span class='ocrx_word' id='word_1_31' title='bbox 664 534 761 614; x_wconf 87' lang='lat' dir='ltr'><strong><em>primb</em></strong></span> <span class='ocrx_word' id='word_1_32' title='bbox 774 531 808 594; x_wconf 92' lang='lat' dir='ltr'><strong><em>de</em></strong></span> <span class='ocrx_word' id='word_1_33' title='bbox 820 527 972 594; x_wconf 72' lang='lat' dir='ltr'><strong><em>desideriis</em></strong></span> <span class='ocrx_word' id='word_1_34' title='bbox 989 527 1116 591; x_wconf 73' lang='lat' dir='ltr'><strong><em>dartana·</em></strong></span> 
     </span>
     <span class='ocr_line' id='line_1_6' title="bbox 222 611 1119 699; baseline -0.006 -19"><span class='ocrx_word' id='word_1_35' title='bbox 222 639 292 681; x_wconf 90' lang='lat' dir='ltr'><strong><em>rnm</em></strong></span> <span class='ocrx_word' id='word_1_36' title='bbox 310 618 452 699; x_wconf 74' lang='lat' dir='ltr'><strong><em>proximi.</em></strong></span> <span class='ocrx_word' id='word_1_37' title='bbox 474 637 508 679; x_wconf 88' lang='lat' dir='ltr'><strong><em>n.</em></strong></span> <span class='ocrx_word' id='word_1_38' title='bbox 530 620 580 680; x_wconf 86' lang='grc'><strong>56.</strong></span> <span class='ocrx_word' id='word_1_39' title='bbox 603 617 734 681; x_wconf 87' lang='lat' dir='ltr'><strong><em>Secundb</em></strong></span> <span class='ocrx_word' id='word_1_40' title='bbox 754 617 788 678; x_wconf 90' lang='lat' dir='ltr'><strong><em>de</em></strong></span> <span class='ocrx_word' id='word_1_41' title='bbox 806 611 1061 688; x_wconf 81' lang='lat' dir='ltr'><strong><em>matamebiis,&#39;et</em></strong></span> <span class='ocrx_word' id='word_1_42' title='bbox 1079 612 1119 675; x_wconf 88' lang='lat' dir='ltr'><strong><em>de</em></strong></span> 
     </span>
     <span class='ocr_line' id='line_1_7' title="bbox 221 697 1118 783; baseline -0.006 -17"><span class='ocrx_word' id='word_1_43' title='bbox 221 701 396 783; x_wconf 79' lang='lat' dir='ltr'><strong><em>obb&#39;patione</em></strong></span> <span class='ocrx_word' id='word_1_44' title='bbox 407 701 580 764; x_wconf 81' lang='lat' dir='ltr'><strong><em>restituendi</em></strong></span> <span class='ocrx_word' id='word_1_45' title='bbox 589 700 728 764; x_wconf 74' lang='lat' dir='ltr'><strong><em>honorent</em></strong></span> <span class='ocrx_word' id='word_1_46' title='bbox 743 697 888 764; x_wconf 84' lang='lat' dir='ltr'><strong><em>ablatum.</em></strong></span> <span class='ocrx_word' id='word_1_47' title='bbox 903 718 935 760; x_wconf 89' lang='lat' dir='ltr'><strong><em>n.</em></strong></span> <span class='ocrx_word' id='word_1_48' title='bbox 951 700 1000 760; x_wconf 86' lang='grc'><strong>57.</strong></span> <span class='ocrx_word' id='word_1_49' title='bbox 1018 700 1118 761; x_wconf 85' lang='lat' dir='ltr'><strong><em>Tertib</em></strong></span> 
     </span>
     <span class='ocr_line' id='line_1_8' title="bbox 221 782 1191 868; baseline -0.004 -19"><span class='ocrx_word' id='word_1_50' title='bbox 221 788 256 849; x_wconf 90' lang='lat' dir='ltr'><strong><em>de</em></strong></span> <span class='ocrx_word' id='word_1_51' title='bbox 272 787 441 851; x_wconf 80' lang='lat' dir='ltr'><strong><em>remissione</em></strong></span> <span class='ocrx_word' id='word_1_52' title='bbox 452 787 636 868; x_wconf 79' lang='lat' dir='ltr'><strong><em>injuriarum</em></strong></span> <span class='ocrx_word' id='word_1_53' title='bbox 648 784 787 868; x_wconf 74' lang='lat' dir='ltr'><strong><em>facienda</em></strong></span> <span class='ocrx_word' id='word_1_54' title='bbox 800 782 1002 866; x_wconf 72' lang='lat' dir='ltr'><strong><em>offensoribus.</em></strong></span> <span class='ocrx_word' id='word_1_55' title='bbox 1015 801 1048 844; x_wconf 91' lang='lat' dir='ltr'><strong><em>n.</em></strong></span> <span class='ocrx_word' id='word_1_56' title='bbox 1064 783 1115 846; x_wconf 86' lang='grc'><strong><em>58.</em></strong></span> <span class='ocrx_word' id='word_1_57' title='bbox 1187 801 1191 806; x_wconf 82' lang='grc'><strong>’</strong></span> 
     </span>
    </p>

    <p class='ocr_par' dir='ltr' id='par_1_5' title="bbox 106 872 823 954">
     <span class='ocr_line' id='line_1_9' title="bbox 106 872 823 954; baseline -0.003 -22"><span class='ocrx_word' id='word_1_58' title='bbox 106 872 186 932; x_wconf 80' lang='lat' dir='ltr'><strong><em>Circo</em></strong></span> <span class='ocrx_word' id='word_1_59' title='bbox 205 873 258 934; x_wconf 83' lang='lat' dir='ltr'><strong><em>vt.</em></strong></span> <span class='ocrx_word' id='word_1_60' title='bbox 277 880 307 933; x_wconf 84' lang='lat' dir='ltr'><strong><em>et</em></strong></span> <span class='ocrx_word' id='word_1_61' title='bbox 326 874 380 933; x_wconf 85' lang='lat' dir='ltr'><strong><em>lx.</em></strong></span> <span class='ocrx_word' id='word_1_62' title='bbox 395 881 586 954; x_wconf 76' lang='lat' dir='ltr'><strong><em>preceptum.</em></strong></span> <span class='ocrx_word' id='word_1_63' title='bbox 603 890 637 932; x_wconf 88' lang='lat' dir='ltr'><strong><em>n.</em></strong></span> <span class='ocrx_word' id='word_1_64' title='bbox 655 873 704 932; x_wconf 90' lang='grc'><strong>59.</strong></span> <span class='ocrx_word' id='word_1_65' title='bbox 718 878 747 932; x_wconf 85' lang='lat' dir='ltr'><strong><em>et</em></strong></span> <span class='ocrx_word' id='word_1_66' title='bbox 761 888 823 950; x_wconf 80' lang='lat' dir='ltr'><strong><em>seq.</em></strong></span> 
     </span>
    </p>

    <p class='ocr_par' dir='ltr' id='par_1_6' title="bbox 106 949 1118 1121">
     <span class='ocr_line' id='line_1_10' title="bbox 106 949 1118 1038; baseline -0.003 -22"><span class='ocrx_word' id='word_1_67' title='bbox 106 956 188 1018; x_wconf 81' lang='lat' dir='ltr'><strong><em>Circe</em></strong></span> <span class='ocrx_word' id='word_1_68' title='bbox 204 957 270 1017; x_wconf 84' lang='lat' dir='ltr'><em>VII.</em></span> <span class='ocrx_word' id='word_1_69' title='bbox 287 964 475 1038; x_wconf 74' lang='lat' dir='ltr'><strong><em>praeceptum.</em></strong></span> <span class='ocrx_word' id='word_1_70' title='bbox 496 955 553 1018; x_wconf 87' lang='lat' dir='ltr'><strong><em>IIbi</em></strong></span> <span class='ocrx_word' id='word_1_71' title='bbox 571 956 674 1038; x_wconf 74' lang='lat' dir='ltr'><strong><em>apitur</em></strong></span> <span class='ocrx_word' id='word_1_72' title='bbox 686 954 721 1016; x_wconf 90' lang='lat' dir='ltr'><strong><em>de</em></strong></span> <span class='ocrx_word' id='word_1_73' title='bbox 737 952 875 1037; x_wconf 86' lang='lat' dir='ltr'><strong><em>pluribus</em></strong></span> <span class='ocrx_word' id='word_1_74' title='bbox 890 949 1032 1016; x_wconf 83' lang='lat' dir='ltr'><strong><em>doctrinis</em></strong></span> <span class='ocrx_word' id='word_1_75' title='bbox 1042 969 1118 1035; x_wconf 88' lang='lat' dir='ltr'><strong><em>pra·</em></strong></span> 
     </span>
     <span class='ocr_line' id='line_1_11' title="bbox 223 1039 1116 1121; baseline -0.002 -20"><span class='ocrx_word' id='word_1_76' title='bbox 223 1039 305 1102; x_wconf 84' lang='lat' dir='ltr'><strong><em>cticis</em></strong></span> <span class='ocrx_word' id='word_1_77' title='bbox 315 1041 415 1121; x_wconf 87' lang='lat' dir='ltr'><strong><em>quoad</em></strong></span> <span class='ocrx_word' id='word_1_78' title='bbox 423 1041 509 1120; x_wconf 78' lang='lat' dir='ltr'><strong><em>farta</em></strong></span> <span class='ocrx_word' id='word_1_79' title='bbox 517 1049 546 1103; x_wconf 89' lang='lat' dir='ltr'><strong><em>et</em></strong></span> <span class='ocrx_word' id='word_1_80' title='bbox 554 1041 750 1103; x_wconf 84' lang='lat' dir='ltr'><strong><em>restitutiones</em></strong></span> <span class='ocrx_word' id='word_1_81' title='bbox 761 1039 913 1102; x_wconf 87' lang='lat' dir='ltr'><strong><em>banorum.</em></strong></span> <span class='ocrx_word' id='word_1_82' title='bbox 922 1058 954 1099; x_wconf 85' lang='lat' dir='ltr'><strong><em>n.</em></strong></span> <span class='ocrx_word' id='word_1_83' title='bbox 961 1041 1009 1099; x_wconf 75' lang='lat'><strong><em>42.</em></strong></span> <span class='ocrx_word' id='word_1_84' title='bbox 1017 1047 1045 1100; x_wconf 87' lang='lat' dir='ltr'><strong><em>et</em></strong></span> <span class='ocrx_word' id='word_1_85' title='bbox 1054 1055 1116 1117; x_wconf 82' lang='lat' dir='ltr'><strong><em>seq.</em></strong></span> 
     </span>
    </p>

    <p class='ocr_par' dir='ltr' id='par_1_7' title="bbox 107 1122 1120 1376">
     <span class='ocr_line' id='line_1_12' title="bbox 107 1122 1120 1207; baseline -0.001 -23"><span class='ocrx_word' id='word_1_86' title='bbox 107 1123 191 1186; x_wconf 81' lang='lat' dir='ltr'><strong><em>Circe</em></strong></span> <span class='ocrx_word' id='word_1_87' title='bbox 207 1126 289 1186; x_wconf 86' lang='lat' dir='ltr'><em>VIII.</em></span> <span class='ocrx_word' id='word_1_88' title='bbox 302 1133 495 1207; x_wconf 87' lang='lat' dir='ltr'><strong><em>praecptum.</em></strong></span> <span class='ocrx_word' id='word_1_89' title='bbox 512 1125 569 1187; x_wconf 86' lang='lat' dir='ltr'><strong><em>Ubi</em></strong></span> <span class='ocrx_word' id='word_1_90' title='bbox 588 1126 690 1203; x_wconf 80' lang='lat' dir='ltr'><strong><em>apitur</em></strong></span> <span class='ocrx_word' id='word_1_91' title='bbox 704 1124 739 1185; x_wconf 91' lang='lat' dir='ltr'><strong><em>de</em></strong></span> <span class='ocrx_word' id='word_1_92' title='bbox 755 1122 930 1205; x_wconf 82' lang='lat' dir='ltr'><strong><em>obtipatione</em></strong></span> <span class='ocrx_word' id='word_1_93' title='bbox 945 1122 1120 1185; x_wconf 86' lang='lat' dir='ltr'><strong><em>restituendi</em></strong></span> 
     </span>
     <span class='ocr_line' id='line_1_13' title="bbox 218 1208 1119 1305; baseline 0.002 -37"><span class='ocrx_word' id='word_1_94' title='bbox 218 1209 351 1305; x_wconf 79' lang='lat' dir='ltr'><strong><em>[amam.</em></strong></span> <span class='ocrx_word' id='word_1_95' title='bbox 366 1228 398 1271; x_wconf 90' lang='lat' dir='ltr'><strong><em>n.</em></strong></span> <span class='ocrx_word' id='word_1_96' title='bbox 408 1213 460 1271; x_wconf 84' lang='grc'><strong>45.</strong></span> <span class='ocrx_word' id='word_1_97' title='bbox 472 1208 558 1272; x_wconf 85' lang='lat' dir='ltr'><strong><em>Etda</em></strong></span> <span class='ocrx_word' id='word_1_98' title='bbox 569 1209 696 1291; x_wconf 77' lang='lat' dir='ltr'><strong><em>judiciis</em></strong></span> <span class='ocrx_word' id='word_1_99' title='bbox 711 1208 886 1271; x_wconf 80' lang='lat' dir='ltr'><strong><em>temerariis.</em></strong></span> <span class='ocrx_word' id='word_1_100' title='bbox 898 1228 931 1270; x_wconf 89' lang='lat' dir='ltr'><strong><em>n.</em></strong></span> <span class='ocrx_word' id='word_1_101' title='bbox 941 1211 993 1271; x_wconf 92' lang='grc'><strong><em>46.</em></strong></span> <span class='ocrx_word' id='word_1_102' title='bbox 1004 1208 1119 1287; x_wconf 80' lang='lat' dir='ltr'><strong><em>Hisque</em></strong></span> 
     </span>
     <span class='ocr_line' id='line_1_14' title="bbox 224 1289 812 1376; baseline -0.002 -22"><span class='ocrx_word' id='word_1_103' title='bbox 224 1289 329 1376; x_wconf 84' lang='lat' dir='ltr'><strong><em>aliqua</em></strong></span> <span class='ocrx_word' id='word_1_104' title='bbox 346 1293 501 1356; x_wconf 87' lang='lat' dir='ltr'><strong><em>adduntur</em></strong></span> <span class='ocrx_word' id='word_1_105' title='bbox 521 1292 557 1356; x_wconf 90' lang='lat' dir='ltr'><strong><em>de</em></strong></span> <span class='ocrx_word' id='word_1_106' title='bbox 571 1293 702 1375; x_wconf 74' lang='lat' dir='ltr'><strong><em>jejunio.</em></strong></span> <span class='ocrx_word' id='word_1_107' title='bbox 717 1314 749 1355; x_wconf 85' lang='lat' dir='ltr'><strong><em>a.</em></strong></span> <span class='ocrx_word' id='word_1_108' title='bbox 762 1295 812 1355; x_wconf 87' lang='grc'><strong><em>47.</em></strong></span> 
     </span>
    </p>

    <p class='ocr_par' dir='ltr' id='par_1_8' title="bbox 109 1375 1123 2479">
     <span class='ocr_line' id='line_1_15' title="bbox 109 1375 1120 1462; baseline 0.006 -26"><span class='ocrx_word' id='word_1_109' title='bbox 109 1375 180 1454; x_wconf 81' lang='lat' dir='ltr'><strong><em>Cap.</em></strong></span> <span class='ocrx_word' id='word_1_110' title='bbox 198 1376 251 1438; x_wconf 91' lang='lat'><em>111.</em></span> <span class='ocrx_word' id='word_1_111' title='bbox 271 1379 317 1438; x_wconf 89' lang='lat' dir='ltr'><strong><em>De</em></strong></span> <span class='ocrx_word' id='word_1_112' title='bbox 337 1377 617 1462; x_wconf 66' lang='lat' dir='ltr'><strong><em>interrogationibus</em></strong></span> <span class='ocrx_word' id='word_1_113' title='bbox 636 1377 810 1443; x_wconf 75' lang='lat' dir='ltr'><strong><em>adhibendis</em></strong></span> <span class='ocrx_word' id='word_1_114' title='bbox 826 1398 892 1441; x_wconf 88' lang='lat' dir='ltr'><strong><em>cum</em></strong></span> <span class='ocrx_word' id='word_1_115' title='bbox 911 1377 1120 1460; x_wconf 86' lang='lat' dir='ltr'><strong><em>paenitentibus</em></strong></span> 
     </span>
     <span class='ocr_line' id='line_1_16' title="bbox 224 1461 1121 1545; baseline 0.001 -20"><span class='ocrx_word' id='word_1_116' title='bbox 224 1461 333 1525; x_wconf 81' lang='lat' dir='ltr'><strong><em>dioeesi</em></strong></span> <span class='ocrx_word' id='word_1_117' title='bbox 341 1467 440 1526; x_wconf 80' lang='lat' dir='ltr'><strong><em>status</em></strong></span> <span class='ocrx_word' id='word_1_118' title='bbox 446 1510 456 1541; x_wconf 94' lang='lat'><strong><em>,</em></strong></span> <span class='ocrx_word' id='word_1_119' title='bbox 468 1473 497 1525; x_wconf 91' lang='lat' dir='ltr'><strong><em>et</em></strong></span> <span class='ocrx_word' id='word_1_120' title='bbox 505 1463 700 1537; x_wconf 87' lang='lat' dir='ltr'><strong><em>conditionis,</em></strong></span> <span class='ocrx_word' id='word_1_121' title='bbox 711 1467 765 1543; x_wconf 87' lang='lat' dir='ltr'><strong><em>qui</em></strong></span> <span class='ocrx_word' id='word_1_122' title='bbox 774 1473 845 1526; x_wconf 91' lang='lat' dir='ltr'><strong><em>sunt</em></strong></span> <span class='ocrx_word' id='word_1_123' title='bbox 854 1463 1030 1545; x_wconf 65' lang='lat' dir='ltr'><strong><em>sepimentes</em></strong></span> <span class='ocrx_word' id='word_1_124' title='bbox 1041 1466 1121 1526; x_wconf 85' lang='lat' dir='ltr'><strong><em>eirea</em></strong></span> 
     </span>
     <span class='ocr_line' id='line_1_17' title="bbox 224 1545 1121 1630; baseline 0.006 -25"><span class='ocrx_word' id='word_1_125' title='bbox 224 1563 272 1607; x_wconf 84' lang='lat' dir='ltr'><strong><em>res</em></strong></span> <span class='ocrx_word' id='word_1_126' title='bbox 292 1545 334 1607; x_wconf 86' lang='lat' dir='ltr'><strong><em>ad</em></strong></span> <span class='ocrx_word' id='word_1_127' title='bbox 349 1547 556 1610; x_wconf 87' lang='lat' dir='ltr'><strong><em>conscientiam</em></strong></span> <span class='ocrx_word' id='word_1_128' title='bbox 572 1555 744 1630; x_wconf 87' lang='lat' dir='ltr'><strong><em>spectantes.</em></strong></span> <span class='ocrx_word' id='word_1_129' title='bbox 764 1551 807 1609; x_wconf 88' lang='lat' dir='ltr'><strong><em>Et</em></strong></span> <span class='ocrx_word' id='word_1_130' title='bbox 828 1551 856 1608; x_wconf 88' lang='lat'><strong><em>1.</em></strong></span> <span class='ocrx_word' id='word_1_131' title='bbox 873 1549 947 1608; x_wconf 83' lang='lat' dir='ltr'><strong><em>Cum</em></strong></span> <span class='ocrx_word' id='word_1_132' title='bbox 960 1547 1121 1610; x_wconf 86' lang='lat' dir='ltr'><strong><em>sacerdoti-</em></strong></span> 
     </span>
     <span class='ocr_line' id='line_1_18' title="bbox 225 1629 1122 1711; baseline 0.003 -20"><span class='ocrx_word' id='word_1_133' title='bbox 225 1629 289 1691; x_wconf 84' lang='lat' dir='ltr'><strong><em>bus.</em></strong></span> <span class='ocrx_word' id='word_1_134' title='bbox 313 1648 346 1690; x_wconf 88' lang='lat' dir='ltr'><strong><em>n.</em></strong></span> <span class='ocrx_word' id='word_1_135' title='bbox 367 1633 418 1691; x_wconf 90' lang='grc'><strong><em>49.</em></strong></span> <span class='ocrx_word' id='word_1_136' title='bbox 436 1633 484 1692; x_wconf 88' lang='lat' dir='ltr'><strong><em>II.</em></strong></span> <span class='ocrx_word' id='word_1_137' title='bbox 509 1633 583 1692; x_wconf 86' lang='lat' dir='ltr'><strong><em>Cum</em></strong></span> <span class='ocrx_word' id='word_1_138' title='bbox 604 1630 805 1711; x_wconf 69' lang='lat' dir='ltr'><strong><em>conscessariis.</em></strong></span> <span class='ocrx_word' id='word_1_139' title='bbox 829 1649 862 1691; x_wconf 93' lang='lat' dir='ltr'><strong><em>n.</em></strong></span> <span class='ocrx_word' id='word_1_140' title='bbox 883 1633 931 1692; x_wconf 81' lang='grc'><strong>54.</strong></span> <span class='ocrx_word' id='word_1_141' title='bbox 953 1634 1019 1694; x_wconf 86' lang='lat'><em>111.</em></span> <span class='ocrx_word' id='word_1_142' title='bbox 1044 1635 1122 1694; x_wconf 88' lang='lat' dir='ltr'><strong><em>Cum</em></strong></span> 
     </span>
     <span class='ocr_line' id='line_1_19' title="bbox 222 1712 1122 1798; baseline 0.007 -26"><span class='ocrx_word' id='word_1_143' title='bbox 222 1712 371 1794; x_wconf 87' lang='lat' dir='ltr'><strong><em>parocbis.</em></strong></span> <span class='ocrx_word' id='word_1_144' title='bbox 385 1734 419 1776; x_wconf 91' lang='lat' dir='ltr'><strong><em>n.</em></strong></span> <span class='ocrx_word' id='word_1_145' title='bbox 438 1717 488 1776; x_wconf 80' lang='grc'><strong>59.</strong></span> <span class='ocrx_word' id='word_1_146' title='bbox 505 1717 564 1778; x_wconf 89' lang='lat' dir='ltr'><strong><em>IV.</em></strong></span> <span class='ocrx_word' id='word_1_147' title='bbox 582 1717 658 1776; x_wconf 82' lang='lat' dir='ltr'><strong><em>Cam</em></strong></span> <span class='ocrx_word' id='word_1_148' title='bbox 676 1715 843 1798; x_wconf 84' lang='lat' dir='ltr'><strong><em>Episcopis.</em></strong></span> <span class='ocrx_word' id='word_1_149' title='bbox 866 1735 899 1776; x_wconf 89' lang='lat' dir='ltr'><strong><em>n.</em></strong></span> <span class='ocrx_word' id='word_1_150' title='bbox 918 1718 967 1778; x_wconf 88' lang='grc'><strong><em>55.</em></strong></span> <span class='ocrx_word' id='word_1_151' title='bbox 984 1718 1022 1778; x_wconf 84' lang='lat' dir='ltr'><strong><em>V.</em></strong></span> <span class='ocrx_word' id='word_1_152' title='bbox 1045 1718 1122 1778; x_wconf 87' lang='lat' dir='ltr'><strong><em>Cum</em></strong></span> 
     </span>
     <span class='ocr_line' id='line_1_20' title="bbox 223 1795 1123 1883; baseline 0.007 -25"><span class='ocrx_word' id='word_1_153' title='bbox 223 1795 420 1862; x_wconf 83' lang='lat' dir='ltr'><strong><em>Monialibns.</em></strong></span> <span class='ocrx_word' id='word_1_154' title='bbox 437 1819 471 1862; x_wconf 89' lang='lat' dir='ltr'><strong><em>n.</em></strong></span> <span class='ocrx_word' id='word_1_155' title='bbox 489 1803 537 1862; x_wconf 90' lang='grc'><strong>54.</strong></span> <span class='ocrx_word' id='word_1_156' title='bbox 556 1802 611 1863; x_wconf 89' lang='lat' dir='ltr'><strong><em>VI.</em></strong></span> <span class='ocrx_word' id='word_1_157' title='bbox 628 1804 702 1863; x_wconf 84' lang='lat' dir='ltr'><strong><em>Cum</em></strong></span> <span class='ocrx_word' id='word_1_158' title='bbox 716 1799 887 1883; x_wconf 80' lang='lat' dir='ltr'><strong><em>jndicibus,</em></strong></span> <span class='ocrx_word' id='word_1_159' title='bbox 906 1811 935 1864; x_wconf 87' lang='lat' dir='ltr'><strong><em>et</em></strong></span> <span class='ocrx_word' id='word_1_160' title='bbox 956 1798 1123 1864; x_wconf 80' lang='lat' dir='ltr'><strong><em>tabellioni-</em></strong></span> 
     </span>
     <span class='ocr_line' id='line_1_21' title="bbox 226 1881 1121 1949; baseline 0.004 -5"><span class='ocrx_word' id='word_1_161' title='bbox 226 1881 290 1945; x_wconf 91' lang='lat' dir='ltr'><strong><em>bns.</em></strong></span> <span class='ocrx_word' id='word_1_162' title='bbox 310 1902 342 1944; x_wconf 88' lang='lat' dir='ltr'><strong><em>n.</em></strong></span> <span class='ocrx_word' id='word_1_163' title='bbox 365 1887 403 1946; x_wconf 87' lang='grc'><strong><em>55</em></strong></span> <span class='ocrx_word' id='word_1_164' title='bbox 421 1893 451 1947; x_wconf 93' lang='lat' dir='ltr'><strong><em>et</em></strong></span> <span class='ocrx_word' id='word_1_165' title='bbox 471 1887 520 1947; x_wconf 88' lang='grc'><strong>56.</strong></span> <span class='ocrx_word' id='word_1_166' title='bbox 544 1887 618 1949; x_wconf 82' lang='lat' dir='ltr'><em>VII.</em></span> <span class='ocrx_word' id='word_1_167' title='bbox 642 1889 716 1948; x_wconf 85' lang='lat' dir='ltr'><strong><em>Cam</em></strong></span> <span class='ocrx_word' id='word_1_168' title='bbox 736 1885 868 1948; x_wconf 89' lang='lat' dir='ltr'><strong><em>medicis.</em></strong></span> <span class='ocrx_word' id='word_1_169' title='bbox 887 1907 919 1948; x_wconf 82' lang='lat' dir='ltr'><strong><em>n.</em></strong></span> <span class='ocrx_word' id='word_1_170' title='bbox 943 1887 991 1947; x_wconf 91' lang='grc'><strong>57.</strong></span> <span class='ocrx_word' id='word_1_171' title='bbox 1012 1888 1054 1947; x_wconf 87' lang='lat' dir='ltr'><strong><em>Et</em></strong></span> <span class='ocrx_word' id='word_1_172' title='bbox 1072 1886 1121 1948; x_wconf 89' lang='lat' dir='ltr'><strong><em>bia</em></strong></span> 
     </span>
     <span class='ocr_line' id='line_1_22' title="bbox 226 1968 1122 2054; baseline 0.002 -24"><span class='ocrx_word' id='word_1_173' title='bbox 226 1968 379 2050; x_wconf 79' lang='lat' dir='ltr'><strong><em>speciatim</em></strong></span> <span class='ocrx_word' id='word_1_174' title='bbox 390 1969 493 2052; x_wconf 72' lang='lat' dir='ltr'><strong><em>apitur</em></strong></span> <span class='ocrx_word' id='word_1_175' title='bbox 509 1969 544 2033; x_wconf 90' lang='lat' dir='ltr'><strong><em>de</em></strong></span> <span class='ocrx_word' id='word_1_176' title='bbox 564 1969 741 2053; x_wconf 78' lang='lat' dir='ltr'><strong><em>obiipatiane</em></strong></span> <span class='ocrx_word' id='word_1_177' title='bbox 759 1991 850 2054; x_wconf 84' lang='lat' dir='ltr'><strong><em>quam</em></strong></span> <span class='ocrx_word' id='word_1_178' title='bbox 869 1970 931 2053; x_wconf 86' lang='lat' dir='ltr'><strong><em>ipsi</em></strong></span> <span class='ocrx_word' id='word_1_179' title='bbox 947 1969 1056 2034; x_wconf 88' lang='lat' dir='ltr'><strong><em>babent</em></strong></span> <span class='ocrx_word' id='word_1_180' title='bbox 1069 1990 1122 2032; x_wconf 87' lang='lat' dir='ltr'><strong><em>cu·</em></strong></span> 
     </span>
     <span class='ocr_line' id='line_1_23' title="bbox 227 2052 1120 2137; baseline 0.004 -24"><span class='ocrx_word' id='word_1_181' title='bbox 227 2052 335 2132; x_wconf 85' lang='lat' dir='ltr'><strong><em>randi,</em></strong></span> <span class='ocrx_word' id='word_1_182' title='bbox 357 2063 392 2116; x_wconf 90' lang='lat' dir='ltr'><strong><em>ut</em></strong></span> <span class='ocrx_word' id='word_1_183' title='bbox 413 2055 531 2135; x_wconf 74' lang='lat' dir='ltr'><strong><em>infimae·</em></strong></span> <span class='ocrx_word' id='word_1_184' title='bbox 549 2055 761 2137; x_wconf 80' lang='lat' dir='ltr'><strong><em>consessionem</em></strong></span> <span class='ocrx_word' id='word_1_185' title='bbox 781 2055 909 2137; x_wconf 75' lang='lat' dir='ltr'><strong><em>faciant.</em></strong></span> <span class='ocrx_word' id='word_1_186' title='bbox 932 2059 1023 2118; x_wconf 89' lang='lat' dir='ltr'><em>VIII.</em></span> <span class='ocrx_word' id='word_1_187' title='bbox 1047 2058 1120 2117; x_wconf 79' lang='lat' dir='ltr'><strong><em>Cntn</em></strong></span> 
     </span>
     <span class='ocr_line' id='line_1_24' title="bbox 225 2136 1118 2224; baseline 0.002 -25"><span class='ocrx_word' id='word_1_188' title='bbox 225 2136 474 2224; x_wconf 75' lang='lat' dir='ltr'><strong><em>pbannaeopaiis.</em></strong></span> <span class='ocrx_word' id='word_1_189' title='bbox 489 2156 525 2202; x_wconf 82' lang='lat' dir='ltr'><strong><em>n.·</em></strong></span> <span class='ocrx_word' id='word_1_190' title='bbox 537 2142 587 2202; x_wconf 85' lang='grc'><strong><em>58.</em></strong></span> <span class='ocrx_word' id='word_1_191' title='bbox 599 2142 660 2203; x_wconf 90' lang='lat' dir='ltr'><strong><em>IX.</em></strong></span> <span class='ocrx_word' id='word_1_192' title='bbox 678 2144 752 2203; x_wconf 85' lang='lat' dir='ltr'><strong><em>Cum</em></strong></span> <span class='ocrx_word' id='word_1_193' title='bbox 772 2138 1001 2221; x_wconf 78' lang='lat' dir='ltr'><strong><em>nepotiantibns.</em></strong></span> <span class='ocrx_word' id='word_1_194' title='bbox 1018 2159 1051 2201; x_wconf 89' lang='lat' dir='ltr'><strong><em>n.</em></strong></span> <span class='ocrx_word' id='word_1_195' title='bbox 1070 2142 1118 2201; x_wconf 88' lang='grc'><strong>59.</strong></span> 
     </span>
     <span class='ocr_line' id='line_1_25' title="bbox 226 2226 1123 2307; baseline 0.001 -21"><span class='ocrx_word' id='word_1_196' title='bbox 226 2226 269 2286; x_wconf 85' lang='grc' dir='ltr'><strong><em>Χ.</em></strong></span> <span class='ocrx_word' id='word_1_197' title='bbox 289 2226 364 2287; x_wconf 79' lang='lat' dir='ltr'><strong><em>Cum</em></strong></span> <span class='ocrx_word' id='word_1_198' title='bbox 385 2226 561 2289; x_wconf 83' lang='lat' dir='ltr'><strong><em>sartoribus.</em></strong></span> <span class='ocrx_word' id='word_1_199' title='bbox 583 2245 616 2286; x_wconf 86' lang='lat' dir='ltr'><strong><em>u.</em></strong></span> <span class='ocrx_word' id='word_1_200' title='bbox 639 2227 689 2287; x_wconf 82' lang='grc'><strong><em>60.</em></strong></span> <span class='ocrx_word' id='word_1_201' title='bbox 710 2228 771 2287; x_wconf 87' lang='lat' dir='ltr'><strong><em>XI.</em></strong></span> <span class='ocrx_word' id='word_1_202' title='bbox 791 2227 867 2286; x_wconf 83' lang='lat' dir='ltr'><strong><em>Cum</em></strong></span> <span class='ocrx_word' id='word_1_203' title='bbox 885 2226 1071 2307; x_wconf 77' lang='lat' dir='ltr'><strong><em>prooemiis,</em></strong></span> <span class='ocrx_word' id='word_1_204' title='bbox 1092 2234 1123 2287; x_wconf 89' lang='lat' dir='ltr'><strong><em>et</em></strong></span> 
     </span>
     <span class='ocr_line' id='line_1_26' title="bbox 225 2309 1119 2374; baseline 0.003 -7"><span class='ocrx_word' id='word_1_205' title='bbox 225 2310 442 2373; x_wconf 85' lang='lat' dir='ltr'><strong><em>venditricibus.</em></strong></span> <span class='ocrx_word' id='word_1_206' title='bbox 458 2331 491 2372; x_wconf 88' lang='lat' dir='ltr'><strong><em>n.</em></strong></span> <span class='ocrx_word' id='word_1_207' title='bbox 504 2314 554 2373; x_wconf 80' lang='lat' dir='ltr'><strong><em>bb.</em></strong></span> <span class='ocrx_word' id='word_1_208' title='bbox 565 2313 646 2374; x_wconf 85' lang='lat' dir='ltr'><em>XII.</em></span> <span class='ocrx_word' id='word_1_209' title='bbox 664 2312 739 2372; x_wconf 84' lang='lat' dir='ltr'><strong><em>Cum</em></strong></span> <span class='ocrx_word' id='word_1_210' title='bbox 751 2309 1011 2373; x_wconf 85' lang='lat' dir='ltr'><strong><em>barbitonsonibus.</em></strong></span> <span class='ocrx_word' id='word_1_211' title='bbox 1023 2330 1054 2371; x_wconf 92' lang='lat' dir='ltr'><strong><em>n.</em></strong></span> <span class='ocrx_word' id='word_1_212' title='bbox 1068 2313 1119 2373; x_wconf 82' lang='grc'><strong><em>69.</em></strong></span> 
     </span>
     <span class='ocr_line' id='line_1_27' title="bbox 226 2392 1118 2479; baseline 0.006 -29"><span class='ocrx_word' id='word_1_213' title='bbox 226 2392 423 2454; x_wconf 81' lang='lat' dir='ltr'><strong><em>Etbicsermo</em></strong></span> <span class='ocrx_word' id='word_1_214' title='bbox 431 2394 509 2472; x_wconf 77' lang='lat' dir='ltr'><strong><em>fitde</em></strong></span> <span class='ocrx_word' id='word_1_215' title='bbox 517 2397 593 2456; x_wconf 84' lang='lat' dir='ltr'><strong><em>viris</em></strong></span> <span class='ocrx_word' id='word_1_216' title='bbox 601 2396 697 2457; x_wconf 88' lang='lat' dir='ltr'><strong><em>crines</em></strong></span> <span class='ocrx_word' id='word_1_217' title='bbox 706 2392 863 2457; x_wconf 85' lang='lat' dir='ltr'><strong><em>mulierum</em></strong></span> <span class='ocrx_word' id='word_1_218' title='bbox 871 2394 1118 2479; x_wconf 82' lang='lat' dir='ltr'><strong><em>componentibus.</em></strong></span> 
     </span>
    </p>

    <p class='ocr_par' dir='ltr' id='par_1_9' title="bbox 109 2475 1122 2649">
     <span class='ocr_line' id='line_1_28' title="bbox 109 2475 1122 2564; baseline 0.005 -27"><span class='ocrx_word' id='word_1_219' title='bbox 109 2478 179 2552; x_wconf 77' lang='lat' dir='ltr'><strong><em>cap.</em></strong></span> <span class='ocrx_word' id='word_1_220' title='bbox 196 2475 247 2533; x_wconf 88' lang='lat' dir='ltr'><strong><em>tv.</em></strong></span> <span class='ocrx_word' id='word_1_221' title='bbox 268 2475 418 2548; x_wconf 87' lang='lat' dir='ltr'><strong><em>Quomodo</em></strong></span> <span class='ocrx_word' id='word_1_222' title='bbox 429 2495 460 2537; x_wconf 88' lang='lat' dir='ltr'><strong><em>se</em></strong></span> <span class='ocrx_word' id='word_1_223' title='bbox 474 2495 572 2557; x_wconf 78' lang='lat' dir='ltr'><strong><em>perere</em></strong></span> <span class='ocrx_word' id='word_1_224' title='bbox 591 2477 694 2540; x_wconf 86' lang='lat' dir='ltr'><strong><em>debeat</em></strong></span> <span class='ocrx_word' id='word_1_225' title='bbox 713 2478 912 2557; x_wconf 82' lang='lat' dir='ltr'><strong><em>confessarius</em></strong></span> <span class='ocrx_word' id='word_1_226' title='bbox 927 2500 994 2541; x_wconf 90' lang='lat' dir='ltr'><strong><em>aum</em></strong></span> <span class='ocrx_word' id='word_1_227' title='bbox 1012 2480 1050 2544; x_wconf 88' lang='lat' dir='ltr'><strong><em>iis</em></strong></span> <span class='ocrx_word' id='word_1_228' title='bbox 1067 2482 1122 2564; x_wconf 83' lang='lat' dir='ltr'><strong><em>qui</em></strong></span> 
     </span>
     <span class='ocr_line' id='line_1_29' title="bbox 225 2560 1059 2649; baseline 0.012 -32"><span class='ocrx_word' id='word_1_229' title='bbox 225 2566 297 2618; x_wconf 87' lang='lat' dir='ltr'><strong><em>sant</em></strong></span> <span class='ocrx_word' id='word_1_230' title='bbox 313 2560 347 2620; x_wconf 89' lang='lat' dir='ltr'><strong><em>in</em></strong></span> <span class='ocrx_word' id='word_1_231' title='bbox 363 2562 503 2641; x_wconf 77' lang='lat' dir='ltr'><strong><em>proxima</em></strong></span> <span class='ocrx_word' id='word_1_232' title='bbox 521 2563 670 2623; x_wconf 81' lang='lat' dir='ltr'><strong><em>occasione</em></strong></span> <span class='ocrx_word' id='word_1_233' title='bbox 688 2562 837 2644; x_wconf 86' lang='lat' dir='ltr'><strong><em>peccandi.</em></strong></span> <span class='ocrx_word' id='word_1_234' title='bbox 851 2584 883 2625; x_wconf 89' lang='lat' dir='ltr'><strong><em>n.</em></strong></span> <span class='ocrx_word' id='word_1_235' title='bbox 897 2567 946 2625; x_wconf 86' lang='grc'><strong>65.</strong></span> <span class='ocrx_word' id='word_1_236' title='bbox 959 2574 1059 2649; x_wconf 78' lang='lat' dir='ltr'><strong><em>etseq.</em></strong></span> 
     </span>
    </p>

    <p class='ocr_par' dir='ltr' id='par_1_10' title="bbox 109 2640 1121 2965">
     <span class='ocr_line' id='line_1_30' title="bbox 109 2640 1119 2723; baseline 0.009 -19"><span class='ocrx_word' id='word_1_237' title='bbox 109 2645 179 2722; x_wconf 83' lang='lat' dir='ltr'><strong><em>Cap.</em></strong></span> <span class='ocrx_word' id='word_1_238' title='bbox 195 2640 233 2701; x_wconf 89' lang='lat' dir='ltr'><strong><em>V.</em></strong></span> <span class='ocrx_word' id='word_1_239' title='bbox 255 2644 404 2719; x_wconf 83' lang='lat' dir='ltr'><strong><em>Quomodo</em></strong></span> <span class='ocrx_word' id='word_1_240' title='bbox 423 2663 489 2707; x_wconf 85' lang='lat' dir='ltr'><strong><em>eune</em></strong></span> <span class='ocrx_word' id='word_1_241' title='bbox 507 2647 795 2723; x_wconf 77' lang='lat' dir='ltr'><strong><em>consuetudinariis,</em></strong></span> <span class='ocrx_word' id='word_1_242' title='bbox 816 2656 845 2709; x_wconf 89' lang='lat' dir='ltr'><strong><em>et</em></strong></span> <span class='ocrx_word' id='word_1_243' title='bbox 864 2649 999 2714; x_wconf 82' lang='lat' dir='ltr'><strong><em>recidivis</em></strong></span> <span class='ocrx_word' id='word_1_244' title='bbox 1017 2671 1050 2712; x_wconf 85' lang='lat' dir='ltr'><strong><em>a.</em></strong></span> <span class='ocrx_word' id='word_1_245' title='bbox 1068 2654 1119 2713; x_wconf 87' lang='grc'><strong><em>70.</em></strong></span> 
     </span>
     <span class='ocr_line' id='line_1_31' title="bbox 225 2731 1121 2815; baseline 0.013 -28"><span class='ocrx_word' id='word_1_246' title='bbox 225 2735 331 2808; x_wconf 82' lang='lat' dir='ltr'><strong><em>etseq.</em></strong></span> <span class='ocrx_word' id='word_1_247' title='bbox 348 2731 558 2812; x_wconf 75' lang='lat' dir='ltr'><strong><em>Etsipnanter</em></strong></span> <span class='ocrx_word' id='word_1_248' title='bbox 577 2751 643 2794; x_wconf 89' lang='lat' dir='ltr'><strong><em>eum</em></strong></span> <span class='ocrx_word' id='word_1_249' title='bbox 666 2732 858 2811; x_wconf 89' lang='lat' dir='ltr'><strong><em>ordinandis,</em></strong></span> <span class='ocrx_word' id='word_1_250' title='bbox 878 2734 913 2795; x_wconf 88' lang='lat' dir='ltr'><strong><em>in</em></strong></span> <span class='ocrx_word' id='word_1_251' title='bbox 929 2732 1029 2815; x_wconf 85' lang='lat' dir='ltr'><strong><em>aliquo</em></strong></span> <span class='ocrx_word' id='word_1_252' title='bbox 1047 2735 1121 2799; x_wconf 85' lang='lat' dir='ltr'><strong><em>uitio</em></strong></span> 
     </span>
     <span class='ocr_line' id='line_1_32' title="bbox 227 2810 1117 2960; baseline 0.011 -87"><span class='ocrx_word' id='word_1_253' title='bbox 227 2810 410 2960; x_wconf 50' lang='lat' dir='ltr'><strong><em>ligabimus,</em></strong></span> <span class='ocrx_word' id='word_1_254' title='bbox 430 2815 487 2897; x_wconf 85' lang='lat' dir='ltr'><strong><em>qui</em></strong></span> <span class='ocrx_word' id='word_1_255' title='bbox 502 2816 625 2879; x_wconf 84' lang='lat' dir='ltr'><strong><em>inbiant</em></strong></span> <span class='ocrx_word' id='word_1_256' title='bbox 645 2818 829 2903; x_wconf 87' lang='lat' dir='ltr'><strong><em>suscipiendo</em></strong></span> <span class='ocrx_word' id='word_1_257' title='bbox 851 2818 952 2881; x_wconf 87' lang='lat' dir='ltr'><strong><em>ordini</em></strong></span> <span class='ocrx_word' id='word_1_258' title='bbox 969 2836 1063 2881; x_wconf 87' lang='lat' dir='ltr'><strong><em>saara.</em></strong></span> <span class='ocrx_word' id='word_1_259' title='bbox 1084 2840 1117 2883; x_wconf 90' lang='lat' dir='ltr'><strong><em>n.</em></strong></span> 
     </span>
     <span class='ocr_line' id='line_1_33' title="bbox 226 2902 380 2965; baseline 0.026 -4"><span class='ocrx_word' id='word_1_260' title='bbox 226 2902 244 2961; x_wconf 97' lang='grc'><strong>7</strong></span> <span class='ocrx_word' id='word_1_261' title='bbox 284 2909 313 2962; x_wconf 87' lang='lat' dir='ltr'><strong><em>et</em></strong></span> <span class='ocrx_word' id='word_1_262' title='bbox 330 2904 380 2965; x_wconf 89' lang='grc'><strong><em>79.</em></strong></span> 
     </span>
    </p>

    <p class='ocr_par' dir='ltr' id='par_1_11' title="bbox 112 2987 1121 3671">
     <span class='ocr_line' id='line_1_34' title="bbox 112 2987 1121 3076; baseline 0.008 -27"><span class='ocrx_word' id='word_1_263' title='bbox 112 2989 180 3065; x_wconf 84' lang='lat' dir='ltr'><strong><em>Cap.</em></strong></span> <span class='ocrx_word' id='word_1_264' title='bbox 196 2987 249 3049; x_wconf 80' lang='lat' dir='ltr'><strong><em>vt.</em></strong></span> <span class='ocrx_word' id='word_1_265' title='bbox 268 2988 418 3063; x_wconf 86' lang='lat' dir='ltr'><strong><em>anmodb</em></strong></span> <span class='ocrx_word' id='word_1_266' title='bbox 433 3010 501 3055; x_wconf 89' lang='lat' dir='ltr'><strong><em>cum</em></strong></span> <span class='ocrx_word' id='word_1_267' title='bbox 516 2992 726 3076; x_wconf 75' lang='lat' dir='ltr'><strong><em>penitentibus</em></strong></span> <span class='ocrx_word' id='word_1_268' title='bbox 743 2994 799 3074; x_wconf 86' lang='lat' dir='ltr'><strong><em>qui</em></strong></span> <span class='ocrx_word' id='word_1_269' title='bbox 814 2991 922 3055; x_wconf 86' lang='lat' dir='ltr'><strong><em>babent</em></strong></span> <span class='ocrx_word' id='word_1_270' title='bbox 938 2988 1121 3072; x_wconf 77' lang='lat' dir='ltr'><strong><em>I-abiquam</em></strong></span> 
     </span>
     <span class='ocr_line' id='line_1_35' title="bbox 228 3078 1118 3148; baseline 0.008 -13"><span class='ocrx_word' id='word_1_271' title='bbox 228 3091 403 3148; x_wconf 85' lang='lat' dir='ltr'><strong><em>censuram,</em></strong></span> <span class='ocrx_word' id='word_1_272' title='bbox 427 3087 482 3139; x_wconf 89' lang='lat' dir='ltr'><strong><em>aut</em></strong></span> <span class='ocrx_word' id='word_1_273' title='bbox 502 3097 604 3140; x_wconf 86' lang='lat' dir='ltr'><strong><em>casum</em></strong></span> <span class='ocrx_word' id='word_1_274' title='bbox 625 3085 816 3140; x_wconf 80' lang='lat' dir='ltr'><strong><em>reservatum.</em></strong></span> <span class='ocrx_word' id='word_1_275' title='bbox 836 3097 871 3143; x_wconf 77' lang='lat' dir='ltr'><strong><em>n.</em></strong></span> <span class='ocrx_word' id='word_1_276' title='bbox 893 3079 942 3138; x_wconf 88' lang='grc'><strong><em>80.</em></strong></span> <span class='ocrx_word' id='word_1_277' title='bbox 963 3078 998 3139; x_wconf 86' lang='grc'><strong>84</strong></span> <span class='ocrx_word' id='word_1_278' title='bbox 1020 3085 1049 3138; x_wconf 88' lang='lat' dir='ltr'><strong><em>et</em></strong></span> <span class='ocrx_word' id='word_1_279' title='bbox 1067 3082 1118 3141; x_wconf 86' lang='grc'><strong>89.</strong></span> 
     </span>
     <span class='ocr_line' id='line_1_36' title="bbox 227 3159 1118 3245; baseline 0.007 -26"><span class='ocrx_word' id='word_1_280' title='bbox 227 3161 289 3220; x_wconf 81' lang='lat' dir='ltr'><strong><em>Aut</em></strong></span> <span class='ocrx_word' id='word_1_281' title='bbox 309 3164 356 3221; x_wconf 89' lang='lat' dir='ltr'><strong><em>II.</em></strong></span> <span class='ocrx_word' id='word_1_282' title='bbox 379 3159 593 3245; x_wconf 79' lang='lat' dir='ltr'><strong><em>Obiipationem</em></strong></span> <span class='ocrx_word' id='word_1_283' title='bbox 612 3161 823 3225; x_wconf 81' lang='lat' dir='ltr'><strong><em>denuruiandi.</em></strong></span> <span class='ocrx_word' id='word_1_284' title='bbox 846 3181 878 3223; x_wconf 89' lang='lat' dir='ltr'><strong><em>n.</em></strong></span> <span class='ocrx_word' id='word_1_285' title='bbox 897 3164 947 3223; x_wconf 89' lang='grc'><strong>85.</strong></span> <span class='ocrx_word' id='word_1_286' title='bbox 967 3163 1040 3225; x_wconf 77' lang='lat' dir='ltr'><strong><em>Aut.</em></strong></span> <span class='ocrx_word' id='word_1_287' title='bbox 1054 3166 1118 3225; x_wconf 92' lang='lat' dir='ltr'><em>III.</em></span> 
     </span>
     <span class='ocr_line' id='line_1_37' title="bbox 228 3244 1120 3323; baseline 0.008 -21"><span class='ocrx_word' id='word_1_288' title='bbox 228 3244 474 3323; x_wconf 89' lang='lat' dir='ltr'><strong><em>Impedimentum</em></strong></span> <span class='ocrx_word' id='word_1_289' title='bbox 491 3246 680 3309; x_wconf 83' lang='lat' dir='ltr'><strong><em>matrimonii</em></strong></span> <span class='ocrx_word' id='word_1_290' title='bbox 693 3246 846 3309; x_wconf 88' lang='lat' dir='ltr'><strong><em>dirimens.</em></strong></span> <span class='ocrx_word' id='word_1_291' title='bbox 861 3268 895 3310; x_wconf 90' lang='lat' dir='ltr'><strong><em>n.</em></strong></span> <span class='ocrx_word' id='word_1_292' title='bbox 909 3250 959 3309; x_wconf 82' lang='lat' dir='ltr'><strong><em>st.</em></strong></span> <span class='ocrx_word' id='word_1_293' title='bbox 971 3255 1000 3309; x_wconf 87' lang='lat' dir='ltr'><strong><em>et</em></strong></span> <span class='ocrx_word' id='word_1_294' title='bbox 1012 3248 1120 3311; x_wconf 71' lang='lat' dir='ltr'><strong><em>beet</em></strong></span> 
     </span>
     <span class='ocr_line' id='line_1_38' title="bbox 227 3326 1121 3413; baseline 0.006 -25"><span class='ocrx_word' id='word_1_295' title='bbox 227 3326 387 3405; x_wconf 69' lang='lat' dir='ltr'><strong><em>impediens</em></strong></span> <span class='ocrx_word' id='word_1_296' title='bbox 411 3334 431 3392; x_wconf 85' lang='lat' dir='ltr'><strong><em>a</em></strong></span> <span class='ocrx_word' id='word_1_297' title='bbox 453 3332 574 3413; x_wconf 87' lang='lat' dir='ltr'><strong><em>petenda</em></strong></span> <span class='ocrx_word' id='word_1_298' title='bbox 599 3332 706 3396; x_wconf 89' lang='lat' dir='ltr'><strong><em>debito.</em></strong></span> <span class='ocrx_word' id='word_1_299' title='bbox 726 3353 759 3395; x_wconf 89' lang='lat' dir='ltr'><strong><em>n.</em></strong></span> <span class='ocrx_word' id='word_1_300' title='bbox 782 3336 833 3396; x_wconf 90' lang='grc'><strong>86.</strong></span> <span class='ocrx_word' id='word_1_301' title='bbox 855 3334 913 3397; x_wconf 84' lang='lat' dir='ltr'><strong><em>Ilia</em></strong></span> <span class='ocrx_word' id='word_1_302' title='bbox 935 3340 1121 3396; x_wconf 83' lang='lat' dir='ltr'><strong><em>annotantur</em></strong></span> 
     </span>
     <span class='ocr_line' id='line_1_39' title="bbox 227 3410 1119 3503; baseline 0.011 -36"><span class='ocrx_word' id='word_1_303' title='bbox 227 3410 374 3503; x_wconf 71' lang='lat' dir='ltr'><strong><em>For-muta</em></strong></span> <span class='ocrx_word' id='word_1_304' title='bbox 385 3416 425 3475; x_wconf 84' lang='lat' dir='ltr'><strong><em>ad</em></strong></span> <span class='ocrx_word' id='word_1_305' title='bbox 437 3416 625 3481; x_wconf 88' lang='lat' dir='ltr'><strong><em>obtinendam</em></strong></span> <span class='ocrx_word' id='word_1_306' title='bbox 637 3418 883 3500; x_wconf 80' lang='lat' dir='ltr'><strong><em>dispensationem</em></strong></span> <span class='ocrx_word' id='word_1_307' title='bbox 897 3421 917 3480; x_wconf 86' lang='lat' dir='ltr'><strong><em>d</em></strong></span> <span class='ocrx_word' id='word_1_308' title='bbox 929 3421 960 3482; x_wconf 83' lang='lat' dir='ltr'><strong><em>S.</em></strong></span> <span class='ocrx_word' id='word_1_309' title='bbox 971 3419 1119 3481; x_wconf 81' lang='lat' dir='ltr'><strong><em>Paeniten-</em></strong></span> 
     </span>
     <span class='ocr_line' id='line_1_40' title="bbox 228 3494 1116 3589; baseline 0.016 -40"><span class='ocrx_word' id='word_1_310' title='bbox 228 3495 320 3552; x_wconf 85' lang='lat' dir='ltr'><strong><em>tcaria</em></strong></span> <span class='ocrx_word' id='word_1_311' title='bbox 328 3494 361 3553; x_wconf 90' lang='lat' dir='ltr'><strong><em>in</em></strong></span> <span class='ocrx_word' id='word_1_312' title='bbox 368 3495 1058 3589; x_wconf 52' lang='lat' dir='ltr'><strong><em>impeditissimum,eeemeputartmn&#39;busn.</em></strong></span> <span class='ocrx_word' id='word_1_313' title='bbox 1066 3503 1116 3564; x_wconf 83' lang='lat'><strong><em>87.</em></strong></span> 
     </span>
     <span class='ocr_line' id='line_1_41' title="bbox 228 3575 929 3671; baseline 0.031 -41"><span class='ocrx_word' id='word_1_314' title='bbox 228 3575 366 3634; x_wconf 81' lang='lat' dir='ltr'><strong><em>Farmula</em></strong></span> <span class='ocrx_word' id='word_1_315' title='bbox 378 3584 541 3661; x_wconf 78' lang='lat' dir='ltr'><strong><em>assequendi</em></strong></span> <span class='ocrx_word' id='word_1_316' title='bbox 556 3588 816 3671; x_wconf 81' lang='lat' dir='ltr'><strong><em>desponsationem.</em></strong></span> <span class='ocrx_word' id='word_1_317' title='bbox 830 3612 862 3654; x_wconf 87' lang='lat' dir='ltr'><strong><em>n.</em></strong></span> <span class='ocrx_word' id='word_1_318' title='bbox 879 3593 929 3653; x_wconf 91' lang='grc'><strong><em>88.</em></strong></span> 
     </span>
    </p>
   </div>
   <div class='ocr_carea' id='block_1_4' title="bbox 0 0 1248 3975">
    <p class='ocr_par' dir='ltr' id='par_1_12' title="bbox 0 0 1248 3975">
     <span class='ocr_line' id='line_1_42' title="bbox 0 0 1248 3975; baseline 0 0"><span class='ocrx_word' id='word_1_319' title='bbox 0 0 1248 3975; x_wconf 95' lang='lat' dir='ltr'><strong><em> </em></strong></span> 
     </span>
    </p>
   </div>
  </div>
 </body>
</html>
