2475 3975
145 200 201 261 tsi
431 190 544 255 Prusia
555 187 738 270 moscentii.
754 191 825 271 cop.
836 190 865 250 9.

145 298 211 375 quit
227 294 407 365 Cassianus,
425 294 546 355 excedat
558 292 589 354 in
598 291 791 370 denegando,
804 289 895 369 quim
904 290 938 351 in
953 290 1158 355 coooedendo.

146 378 298 459 Proecipud
315 387 399 441 curet
416 377 540 439 suaddrc
560 376 820 437 mortificationem
842 384 995 437 externam
1010 378 1091 439 circa
1104 398 1159 457 gu·

146 467 224 535 lam,
247 464 332 544 cujus
352 462 488 543 quedam
508 462 614 523 anime
631 463 799 541 spirituales
818 479 882 523 non
902 462 1067 525 admoddm
1088 474 1161 525 suut
1194 521 1197 523 ,

145 561 298 612 amantes:
320 549 383 611 huc
398 547 500 609 revcrd
518 555 563 608 ast
583 550 720 609 emnium
736 547 913 617 durissima,
926 550 979 609 sed
999 550 1161 611 utilissimo

146 636 286 715 spiritui,
301 644 329 695 et
340 632 416 709 supi
429 633 519 693 eliam
529 632 647 710 corpori
660 652 670 690 c
685 632 801 693 dicebat
812 634 844 693 S.
853 630 1016 713 Phiiippus
1027 632 1160 695 Nerius:

148 718 210 795 Qui
226 739 287 780 non
306 724 414 780 miscet
424 714 545 799 pulum,
562 734 719 797 nunquam
730 716 929 799 medicem
938 716 1161 798 perfectionne

147 806 170 867 li
184 805 332 865 coutracid
344 804 383 863 sil
394 822 499 880 parcus
508 804 539 865 iu
549 804 742 865 comedendis
756 803 1034 865 munificationibus
1046 804 1160 879 somni,

147 888 288 967 quomam
306 887 353 949 hae
374 888 459 949 lucili
482 897 547 949 tum
571 890 727 966 corporis,
748 898 814 949 tum
836 888 959 967 spiritis
977 888 1066 949 saluti
1089 897 1162 949 suut

147 974 282 1050 nocivae3
299 974 416 1035 subluto
436 975 519 1035 enim
544 990 650 1035 somno
667 974 848 1042 sufficienti,
865 975 980 1053 patitm
998 981 1115 1052 capot,
1131 983 1162 1033 et

147 1058 306 1139 languente
320 1061 416 1139 cupite
434 1069 567 1121 remanet
584 1077 708 1137 persona
726 1058 867 1120 inhabilis
878 1059 916 1119 sd
929 1059 1160 1128 meditandum,

148 1146 235 1207 etad
261 1146 365 1207 celica
387 1146 444 1205 alio
469 1145 607 1206 exercitia
627 1145 806 1205 devotionis.
836 1146 1064 1221 Quamcumque
1088 1144 1162 1205 veri)

149 1228 407 1293 mortificationem
424 1229 598 1289 concesserit
614 1230 785 1307 punitenti,
802 1237 837 1289 ut
853 1248 974 1291 omnem
990 1232 1036 1291 illi
1048 1231 1163 1292 auferat
1231 1285 1232 1290 ,

149 1313 338 1393 superbiendi
350 1316 551 1383 occasionem,
564 1314 738 1392 persuadeat
748 1314 793 1375 illi
807 1312 864 1375 hoc
879 1313 954 1375 nihil
966 1315 1089 1393 proesius
1101 1332 1163 1375 csse

149 1408 282 1478 csspcctu
298 1398 363 1477 ejus
385 1399 464 1478 quod
489 1400 587 1461 Sancti
608 1398 765 1471 iecerunt‚'
788 1407 820 1460 et
843 1410 978 1479 respectu
1004 1418 1162 1479 poenarum

150 1502 222 1563 quas
239 1502 294 1563 pro
317 1484 404 1545 nobis
422 1502 576 1565 perpessus
592 1494 637 1544 est
647 1486 732 1545 isus
745 1483 889 1545 Christus.
902 1486 1025 1547 Dicebat
1035 1488 1069 1547 S.
1090 1484 1163 1547 Tite·

150 1569 228 1629 resia
248 1592 260 1628 .-
281 1572 388 1631 l’otum
410 1578 453 1630 cst
473 1568 666 1631 immunditia
683 1568 831 1649 quidusid
851 1588 937 1651 opere
953 1588 1114 1652 possumus
1129 1568 1163 1628 in

150 1653 370 1734 comparatione
391 1653 483 1716 usius
498 1654 656 1736 sauguinis
673 1662 767 1736 putto
784 1650 1043 1736 quom'llomiuus
1055 1653 1165 1737 effudit

150 1756 206 1821 pro
227 1736 322 1799 nodis.
347 1740 482 1821 ldcliores
502 1741 770 1812 mortificationes,
790 1742 947 1814 utiliores,
974 1750 1006 1801 et
1024 1741 1164 1821 periculis

152 1821 251 1884 minuis
266 1824 400 1887 obnoxiu
417 1834 487 1887 sunt
507 1828 670 1907 negative,
690 1826 729 1887 ad
750 1845 823 1905 quus
841 1826 1007 1901 iaciendos,
1021 1827 1166 1906 regniaci-

152 1918 198 1971 ter
219 1910 389 1990 loquendo,
413 1930 474 1976 uon
502 1918 547 1973 cst
565 1913 726 1973 neccssaria
750 1911 919 1973 ohedientia
934 1912 1112 1992 directoris,
1132 1919 1166 1969 ut

152 2004 227 2056 osset
247 1997 364 2076 privare
381 2015 412 2056 sc
430 1999 562 2068 visione,
579 2007 631 2058 aut
649 1999 801 2058 auditione
823 2017 926 2058 rerum
952 2001 1162 2060 curiosarum:

152 2082 233 2160 loqui
247 2077 354 2160 parci:
371 2089 526 2143 contentus
541 2099 603 2144 esse
619 2082 692 2143 cibis
706 2083 806 2161 gustui
824 2081 925 2143 miuds
940 2085 1089 2164 acceptis,
1112 2099 1163 2142 scu

153 2166 230 2228 maid
253 2167 378 2230 conditis
399 2187 409 2226 :-
428 2185 491 2228 nou
514 2167 652 2230 accedere
674 2167 711 2228 ad
737 2167 837 2245 ignem
863 2177 998 2247 tempore
1022 2167 1162 2247 hyemis:

153 2252 261 2330 cligcrc
288 2271 343 2331 pro
363 2269 394 2314 se
416 2271 465 2314 ces
487 2254 630 2315 uiliorcsa
645 2253 779 2314 exultere
799 2262 830 2313 et
850 2253 944 2313 loturi
961 2253 1165 2314 deicientibus

153 2337 328 2412 quibusdum
342 2336 431 2396 rebus
444 2339 534 2398 etiam
550 2340 739 2415 necessariis3
760 2340 901 2418 quoniam
914 2340 946 2398 in
963 2338 1019 2400 luoo
1032 2336 1165 2399 consistit

152 2421 247 2478 virtus
266 2421 464 2496 paupertatis,
486 2430 520 2480 ut
539 2424 580 2482 uit
601 2426 634 2484 S.
648 2423 844 2486 Bernorduss
861 2425 964 2486 Virtus
976 2422 1165 2506 paupertatis

153 2519 214 2564 con
232 2510 276 2563 est
295 2511 471 2583 paupertas,
488 2504 538 2566 scd
550 2525 637 2568 cosor
649 2509 848 2590 paupertatis.
865 2511 990 2589 insuper
1001 2527 1062 2569 non
1079 2504 1164 2588 queri

154 2587 191 2646 cie
206 2586 399 2649 incommodis
420 2597 606 2669 temporum3
619 2593 659 2654 dc
676 2602 849 2674 contemptu
865 2595 911 2655 sui
922 2595 1032 2674 ipsius;
1044 2593 1083 2654 de
1097 2608 1166 2671 per·

154 2673 374 2745 secutionibus,
402 2675 605 2756 molestiisque
637 2679 847 2740 infirmitatum
876 2679 1018 2756 corporis.
1045 2679 1165 2756 Scnlpro

155 2759 339 2818 cruciatuum
360 2767 391 2820 et
404 2758 542 2823 dolorum
565 2764 762 2842 perficiuntur
778 2765 890 2843 lapidos
906 2763 1088 2824 Hierusalem
1110 2778 1165 2822 coe·

159 2844 248 2904 lestis.
265 2843 386 2904 Dicebat
401 2845 433 2906 S.
454 2846 611 2910 Ticrcsio:
634 2848 755 2910 Credere
772 2849 853 2932 quid
875 2853 958 2915 Deus
975 2847 1116 2910 mittut
1131 2843 1165 2904 io

155 2946 241 2990 sicam
260 2929 424 2990 otnicitiom
441 2939 555 3010 pentem
568 2932 785 2996 commoditatis
797 2933 944 3007 amicum,
955 2932 1102 2994 meotis
1110 2935 1163 2991 est.

156 3013 288 3087 duilius,
300 3031 366 3096 quc
380 3017 446 3076 ocri
462 3015 594 3098 diliquit
608 3022 727 3092 Deum,
740 3021 876 3081 coccium
889 3019 1163 3098 quictcmcxpctcrc·

196 3102 264 3158 llil.
278 3099 332 3161 llic
351 3102 448 3162 oritur
459 3101 607 3166 dubium:
624 3106 818 3184 Evangelium
835 3105 868 3166 lu
881 3104 1012 3183 quodam
1025 3105 1091 3164 loco
1102 3101 1162 3161 cit:

160 3180 205 3244 Sic
223 3179 319 3246 luccat
344 3184 516 3248 incontra
542 3207 643 3250 coram
666 3188 853 3262 domnitam,
874 3197 912 3251 ut
938 3187 1060 3250 uideant
1079 3200 1166 3266 opera

157 3273 254 3326 cestro
271 3266 364 3346 bono,
383 3280 410 3334 et
427 3270 593 3356 plurificcnt
604 3279 727 3338 Putrem
745 3283 895 3346 oestrum,
908 3274 1009 3355 quiin
1024 3269 1163 3336 coeldcst.
1231 3304 1232 3321 1

156 3347 268 3413 llottl.
286 3354 316 3412 o.
331 3355 379 3415 16.
395 3359 461 3420 llio
480 3360 544 3422 loco
565 3361 666 3422 dicits
695 3365 849 3421 uacuum
867 3359 994 3442 fomente
1014 3355 1163 3434 domiu-
1231 3369 1233 3409 ῐ

157 3455 246 3512 liam,
261 3434 372 3498 nesciat
388 3440 513 3504 sinistro
536 3454 589 3507 tuo
607 3436 688 3529 quidv
699 3443 795 3524 saciat
806 3446 929 3508 dextera
941 3455 1005 3507 tuo.
1018 3441 1161 3506 dictricti.

159 3524 188 3578 5·
211 3521 361 3594 Quoerilur
384 3540 476 3600 eigo,
501 3531 604 3591 utrdm
632 3539 713 3590 acttis
740 3531 862 3590 uirtutis
882 3534 943 3592 sint
964 3523 1163 3592 moniicstundi
1231 3528 1232 3581 t

161 3601 246 3672 aliis,
263 3605 311 3662 vol
328 3607 515 3668 occultandi?
539 3617 575 3672 El
599 3615 796 3693 respondetur
819 3615 1058 3694 distinguendo:
1079 3626 1163 3693 opcm
