2475 3975
284 177 310 259 ς.
325 180 376 239 lV.
391 179 437 241 Dc
447 173 618 257 frequentin
634 179 894 237 samaraeummem.
1043 178 1100 237 tar

89 279 260 343 communia
274 280 310 341 ad
319 280 460 341 virtutem
473 275 661 337 christianam
673 277 835 339 necessaria
846 276 977 339 exerceri
990 275 1099 339 debent

88 365 208 447 palim3
224 373 258 427 ut
272 373 347 427 esset
364 364 530 443 frequentia
546 364 824 435 Sacramcutcrum,
838 363 933 424 oratic
945 364 1098 434 mentalis,

87 450 220 512 visitatio
232 449 437 521 Venerabilis,
456 446 560 509 audire
577 447 696 507 missam
713 446 838 525 genibus
850 445 953 519 flexis,
978 456 1009 509 et
1030 466 1098 508 eurr

87 533 224 597 interiori
234 532 356 612 spiritris
368 531 716 608 recollectione3delerre
725 532 826 595 oeulos
833 532 1099 604 modestos,silcn·

87 620 164 681 tium
178 619 211 679 in
235 618 361 679 Ecclesia
383 634 500 679 servare
512 636 522 693 ς
534 616 656 677 dicere:
680 612 750 677 Volo
771 625 891 682 scaelus
905 616 1100 693 evaderemu-

86 722 159 783 gere
175 703 401 782 garrulitatem,
418 701 655 767 conversationes
680 702 876 779 periculosas,
893 702 1098 773 curiositates,

86 786 185 849 ethis
205 787 326 850 similia.
350 788 446 865 Opera
473 784 546 849 read
571 804 641 864 qum
663 784 805 847 dicuntur
832 786 1100 867 supererogationis

84 872 345 947 extraordinariae,
369 882 400 933 et
425 890 492 951 quae
516 871 637 952 sapiunt
661 872 918 948 singularitatem
943 882 980 935 ut
1008 868 1098 951 suprlr

38 1010 43 1015 .
83 966 230 1019 enarratae
248 957 428 1035 poeniteutiaa
438 964 567 1020 externas
577 955 759 1026 ciliciorum,
773 954 976 1035 flagellorum,
989 958 1098 1018 oratio·

84 1042 132 1103 nis
151 1058 221 1103 cum
242 1040 369 1105 braehlis
389 1042 420 1105 iu
434 1058 552 1105 crucem
568 1038 721 1117 caprosis,
738 1040 926 1100 comestionis
940 1039 1099 1102 herbarum

82 1126 268 1189 amariorum
278 1126 488 1206 ,suspiriorum
498 1124 600 1197 ,fletris
612 1134 746 1203 tempere
759 1124 920 1193 credonis.
933 1134 990 1185 ete.
1003 1126 1100 1186 oecul-

83 1210 142 1279 tari
163 1210 292 1281 debent,
305 1210 449 1289 quantum
470 1210 609 1290 possibile
629 1219 684 1271 est.
699 1209 824 1289 Reliqua
844 1209 916 1270 verd
937 1211 1099 1289 operaria-

83 1295 158 1357 tutis
166 1302 202 1357 ut
210 1295 379 1357 ministrare
391 1294 896 1375 inlirmis,ercgareeleimesynam
908 1294 1098 1374 pauperihus,

83 1378 247 1445 humiliare
264 1398 295 1441 se
320 1380 440 1441 facienti
456 1378 599 1458 injurias,
624 1388 654 1439 et
674 1380 801 1447 similia,
825 1377 888 1439 haec
910 1378 1017 1441 melida
1040 1382 1098 1440 erit

2 1514 3 1543 ,
82 1464 234 1529 occultare
246 1463 390 1544 quantiam
409 1465 474 1525 fieri
494 1474 590 1545 petest
603 1487 611 1523 ε
625 1464 678 1527 sed
690 1465 716 1525 si
725 1462 802 1525 ferte
811 1464 941 1525 exerceri
952 1471 1099 1543 nequeant

2 1606 3 1611 ,
82 1548 144 1611 nisi
163 1549 298 1628 publici,
312 1569 373 1625 non
387 1550 496 1615 dehent
510 1549 715 1631 praetermitti,
726 1549 890 1611 dummodd
901 1549 973 1611 liant
983 1547 1097 1613 mutiam

2 1638 3 1709 l
80 1632 346 1715 intuituplaecndi
362 1638 434 1699 Dee.

282 1824 309 1918 5.
326 1826 377 1885 tv.
391 1826 438 1886 De
453 1824 622 1907 sreqttentr'a
634 1828 901 1887 Suereooenteram.

123 2066 197 2127 rte.
218 2005 363 2130 Tanos!
376 2066 499 2129 dicenda
519 2077 590 2130 sunt
606 2067 705 2146 aliqua
718 2069 756 2130 de
769 2065 860 2128 modo
877 2085 940 2145 quo
955 2069 1100 2132 consessa·

80 2151 154 2211 rius
172 2149 302 2228 dirigere
322 2151 410 2212 debet
428 2152 542 2212 animas
561 2154 729 2230 spirituales
745 2154 823 2213 eirca
842 2152 1038 2228 frequentiam
1049 2155 1100 2213 Sa·

79 2243 336 2305 erameniorum,
360 2235 469 2294 scilicet
485 2237 695 2311 confessionis,
713 2245 745 2297 et
768 2237 995 2296 communionis.
1014 2238 1099 2312 Quod

74 2325 202 2398 spectat
215 2317 251 2380 ad
269 2319 499 2391 confasionem,
517 2320 636 2398 expedit
653 2322 723 2401 ipsis
745 2322 913 2392 insinuare,
928 2330 963 2384 ut
977 2339 1099 2401 genera·

80 2405 161 2464 liter
180 2401 219 2464 de
240 2404 301 2464 suis
322 2404 447 2482 peecatis
464 2403 678 2479 confiteantur,
700 2407 725 2467 si
749 2404 846 2466 adhue
865 2424 927 2466 nou
953 2407 1097 2485 lacertam

82 2489 159 2568 quia
182 2489 206 2550 si
226 2489 302 2552 iertd
317 2489 381 2568 jam
399 2490 543 2564 feceriut,
562 2494 609 2554 vel
624 2495 649 2553 si
661 2495 759 2556 anima
777 2503 852 2556 esset
872 2496 1019 2573 scrupulis
1036 2498 1099 2576 agi·

83 2583 171 2645 tata,
188 2583 304 2654 oportet
326 2575 449 2640 omnini
470 2577 681 2642 consessionem
701 2579 780 2641 hanc
802 2577 981 2657 prohibece3
1001 2583 1097 2657 quoad

85 2656 164 2720 vend
184 2660 395 2724 maiessienem
417 2662 617 2735 ordinariam,
639 2665 775 2744 quaedam
797 2664 904 2724 anima
921 2664 1099 2724 delicatioris

85 2744 277 2832 conscientiae
293 2752 510 2810 consueverunt
530 2750 664 2829 quotidie
675 2750 809 2812 confiteri
821 2770 831 2825 ς
842 2749 910 2822 sed,
923 2749 1099 2828 generaliter

89 2829 262 2905 loquendo,
280 2831 403 2894 sufficiet
417 2834 549 2911 persenis
564 2837 768 2912 spiritualibus
788 2836 952 2914 praesertim
975 2852 1098 2911 serupu-

90 2913 164 2976 lasis
178 2914 313 2978 monteri
328 2919 438 2989 semel,
451 2928 502 2980 aut
515 2921 552 2982 ad
566 2937 716 2982 summum
732 2923 779 2982 bis
791 2922 822 2980 in
834 2918 1028 2981 hebdomada.
1042 2920 1098 2980 Sed

90 2997 211 3076 quande
223 2999 319 3077 aliqua
340 3019 376 3065 ex
391 3003 454 3066 istis
476 3008 759 3085 gravareturaliqud
775 3005 862 3083 eulpa
881 3004 961 3073 levi,
984 3010 1016 3064 et
1037 3021 1098 3064 nen

89 3078 212 3144 liaberet
237 3088 490 3162 opportunitatem
508 3091 692 3164 confitendi,
712 3092 787 3152 dicit
806 3093 844 3151 P.
863 3086 1042 3151 careantur
1067 3089 1098 3152 in

88 3183 143 3263 sup
160 3174 286 3230 tractatu
302 3169 340 3232 de
365 3173 596 3253 Communione,
610 3178 732 3238 innixus
750 3172 962 3236 auctoritatis.
976 3172 1098 3236 ammo·

88 3267 149 3326 aaa,
166 3261 196 3312 et
215 3257 413 3334 complurium
431 3259 558 3322 aliorum
581 3265 745 3325 auctorum
769 3258 861 3339 (quod
881 3260 971 3323 etiam
996 3261 1099 3321 suadet

92 3337 125 3433 β.
149 3338 324 3404 Franciscus
348 3340 480 3406 &lamro
502 3346 533 3406 in
551 3347 678 3426 quadam
694 3364 746 3408 sua
767 3344 919 3424 epistola),
936 3345 1017 3424 qudd
1039 3363 1099 3405 nen

91 3418 160 3482 rded
184 3424 322 3488 omittere
347 3426 434 3490 debet
454 3433 714 3506 communionem
735 3429 774 3491 ad
794 3431 998 3493 remissionem
1018 3428 1099 3488 enim

92 3509 254 3572 venialium
266 3511 351 3574 docet
372 3531 490 3579 sacrum
502 3517 669 3580 Concilium
680 3516 890 3580 Tridentinum
901 3533 964 3577 ease
981 3529 1100 3591 quoque

93 3591 150 3654 alia
167 3595 283 3672 media,
304 3606 338 3662 ut
358 3609 455 3664 essent
485 3611 566 3666 aelus
591 3606 798 3682 contritionis,
820 3613 851 3667 et
871 3602 1003 3675 amoris3
1020 3597 1100 3660 uude
