2475 3975
153 211 212 274 tto
344 208 635 291 Epitomedortrinor
652 207 775 270 moralis
787 215 816 269 et
824 227 973 271 canonicos

153 313 184 372 in
201 309 303 383 Albis,
320 325 375 373 nee
389 314 456 374 licet
468 312 610 392 Episcopo
622 356 630 382 ,
641 313 730 372 etiam
748 311 780 371 in
793 311 912 391 Synodo
927 356 935 382 ‚
951 318 1070 390 tempus
1088 311 1178 374 istud

153 396 241 458 laticis
256 413 425 478 prorogare.
441 395 611 475 DeSynodo
621 397 809 468 nicoeam,
823 397 876 457 lib.
888 397 937 456 lt.
951 412 1014 477 oap.
1026 400 1058 458 6.
1070 411 1106 459 n.
1121 401 1175 459 to.
1223 461 1227 469 ,

194 481 323 544 Paschali
350 489 496 564 praecepto
519 479 556 542 de
584 479 766 542 Eucharistid
788 477 931 542 samendd
947 482 979 540 in
1003 477 1175 562 parochiali

156 566 281 630 Ecclesid
299 585 358 630 non
383 567 487 628 satisfit
512 566 682 646 recipiendo
707 566 797 638 illam
811 565 842 626 in
866 565 991 625 Ecclesia
1017 565 1176 646 Metropo-

156 653 266 728 titani,
286 664 320 716 nt
336 667 372 714 cx
393 649 519 712 decretis
541 652 572 711 S.
592 653 768 732 congregat.
785 647 934 712 lirmatde
959 650 1053 732 napo.
1077 651 1174 732 Resp.

158 739 260 802 lloral.
283 740 305 798 l.
319 739 346 798 l.
371 735 448 799 Dub.
474 737 523 797 tt.
544 737 588 797 lta
605 737 678 797 inst.
696 737 833 798 licelid.
858 755 890 801 n.
912 736 961 797 lt.

195 825 252 898 Qui
266 831 411 901 precepto
428 820 555 901 paschali
579 820 616 882 de
630 819 811 882 Eucharistld
831 822 974 884 sumendi
993 836 1057 882 non
1082 822 1174 883 satis-

157 910 226 970 soeit
242 917 377 988 tempore
396 915 486 992 apto,
503 907 592 968 etiam
604 915 670 986 post
684 905 759 967 illud
780 912 916 975 tenetur,
936 914 967 967 ct
986 909 1051 986 rogi
1071 913 1172 986 potest

158 993 253 1073 paenis
268 994 305 1054 ad
322 991 534 1054 Eucharistiam
556 993 741 1052 sumendam.
764 993 835 1052 lest.
855 992 932 1052 liccl.
952 988 1004 1054 st.
1023 1009 1055 1053 n.
1076 995 1131 1052 id.

198 1080 311 1142 Feretrii
333 1087 363 1140 et
387 1079 507 1140 lamule
527 1079 679 1138 saeculares
702 1078 893 1137 inservientes
906 1079 1090 1138 monaneriis
1112 1081 1174 1142 Re·

160 1167 308 1246 palariam
324 1165 482 1241 utriusque
497 1161 603 1234 sexta,
626 1163 740 1224 etiamsi
763 1161 899 1223 habitent
916 1165 947 1222 ln
965 1163 1047 1222 atriis
1064 1180 1173 1225 mona·

160 1251 319 1312 steriorum
350 1265 439 1309 muro
468 1247 723 1322 circumvallatis,
753 1255 893 1308 tenentur
926 1249 1172 1310 communionem

161 1335 324 1416 paschalem
346 1336 377 1396 in
398 1333 523 1396 Eeclesid
543 1331 703 1412 parochiali
716 1376 724 1404 ,
737 1333 815 1393 intra
828 1331 913 1410 cujus
929 1333 1003 1392 lines
1019 1333 1112 1392 situm
1125 1343 1173 1394 est

163 1423 392 1496 monasterium,
412 1423 562 1499 recipere3
588 1426 622 1478 ut
640 1435 677 1478 ex
688 1418 807 1480 decreto
821 1420 852 1479 S.
871 1422 905 1480 c.
919 1416 1024 1498 sepiirs
1036 1417 1171 1480 decisum

162 1516 230 1582 est;
248 1507 438 1585 nequeenim
460 1503 657 1564 liabitationee
674 1505 733 1565 illae
745 1512 815 1564 sunt
825 1503 904 1564 intra
924 1513 1004 1581 septa
1019 1519 1053 1562 ae
1064 1504 1172 1564 domos

161 1591 428 1658 monasteriorum,
445 1587 524 1664 quod
535 1586 725 1662 requirituria
737 1587 821 1649 Trld.
837 1597 871 1648 ut
886 1587 988 1648 lemnii
1000 1589 1171 1649 eximantur

162 1671 179 1732 d
197 1671 336 1751 paroecid.
348 1673 422 1730 inst.
443 1670 520 1730 Eeal.
537 1670 587 1728 tt.
606 1686 638 1727 n.
659 1672 689 1730 7.
704 1680 734 1730 et
748 1673 780 1731 8.

200 1756 370 1817 Sacerdotes
386 1755 504 1816 missam
522 1751 704 1818 celebrantes
721 1774 783 1818 non
799 1763 940 1818 tenentur
957 1766 1103 1836 perempto
1117 1777 1172 1837 pa·

160 1842 250 1902 scholi
273 1841 435 1902 satisfacere
450 1841 483 1900 in
498 1839 550 1900 sud
564 1840 707 1920 paroecid3
720 1841 745 1904 si
759 1851 857 1902 tamen
874 1842 945 1904 rard
960 1844 1038 1904 intra
1057 1859 1172 1904 annum
1225 1896 1226 1907 2

161 1927 332 2001 celebrant,
359 1929 562 1998 mavolunt,
594 1942 645 1986 seu
670 1930 794 2008 possunt
821 1928 970 1989 celebrare
995 1929 1114 1990 missam
1139 1928 1173 1989 in
1225 1944 1226 1998 ᾗ

162 2013 321 2087 paschate,
344 2022 484 2074 tenentur
501 2023 571 2077 tunc
585 2015 804 2073 communicare
826 2014 859 2073 in
877 2014 1015 2091 paroeoid.
1040 2014 1084 2073 lb.
1225 2013 1226 2038 ¹

199 2097 346 2161 Peccatori
374 2098 489 2158 occulto
513 2100 631 2179 publice
662 2096 874 2157 Eucharistiam
899 2099 1011 2176 petenti
1040 2116 1100 2159 non
1128 2108 1174 2160 est
1225 2125 1226 2184 3

162 2185 354 2264 deneganda,
381 2182 449 2245 ciam
467 2182 517 2261 jus
537 2185 672 2247 naturale
694 2182 732 2243 ad
750 2181 859 2255 inmun
878 2182 910 2243 id
931 2185 1105 2263 expostulet.
1128 2188 1174 2247 De
1225 2203 1226 2206 ’

163 2272 237 2350 Syn.
260 2268 355 2330 Dioeo.
376 2266 427 2329 lib.
451 2270 479 2330 7.
497 2288 561 2349 cap.
577 2272 627 2332 ll.
644 2288 677 2331 n.
695 2268 725 2329 i.

203 2352 323 2415 Occultd
341 2352 413 2413 verd
432 2356 544 2431 petenti
571 2364 601 2419 et
624 2362 696 2416 noto
711 2352 855 2414 sacerdoti
881 2349 1001 2413 aliunde
1015 2351 1125 2431 ‚quiam
1136 2374 1174 2416 ex

161 2434 360 2505 confessione,
378 2436 444 2497 tutd
461 2450 597 2518 negatur.
617 2441 648 2500 Si
668 2437 739 2499 vcrd
762 2439 872 2517 pariter
888 2432 1010 2497 aliunde
1027 2444 1059 2497 et
1083 2440 1174 2501 simul

161 2519 251 2580 etiam
273 2535 309 2580 ex
333 2520 514 2583 consessione
536 2524 634 2595 sciat,
658 2524 825 2602 exprimere
846 2518 933 2583 debet
959 2520 1117 2594 sacerdos,
1142 2542 1175 2585 sc

161 2604 270 2666 habere
288 2605 352 2686 ejus
373 2606 482 2687 peccati
502 2608 655 2669 scientiam
671 2624 708 2667 ex
725 2614 806 2667 certo
824 2607 906 2677 loco,
920 2623 981 2665 non
998 2612 1099 2666 nmen
1118 2626 1174 2668 no·

162 2691 274 2753 minato
300 2709 360 2765 eo,
383 2691 400 2753 i
421 2708 480 2771 qao
506 2694 582 2765 scit,
609 2694 635 2753 si
658 2691 714 2753 sub
737 2690 837 2753 arcani
858 2687 999 2751 naturalis
1020 2690 1118 2771 sigillo
1141 2692 1173 2755 id

161 2778 327 2853 acceperit:
344 2778 368 2836 si
385 2778 457 2837 verd
472 2780 588 2841 noverit
603 2795 669 2840 rem
691 2774 808 2838 tannim
829 2794 866 2836 ex
881 2776 1084 2847 confessione,
1103 2794 1173 2855 per-

162 2860 232 2923 inde
252 2877 283 2920 se
299 2866 404 2939 gerat,
425 2876 459 2919 ac
480 2864 504 2922 si
521 2865 700 2938 nesciverit,
718 2860 788 2923 eiam
811 2859 843 2921 id
863 2861 959 2940 exigat
975 2860 1174 2923 arctissimum

163 2946 351 3008 consessionis
370 2944 511 3024 sigillam.
525 2947 621 3009 instit.
637 2946 745 3007 Eoeles
760 2946 809 3006 89.
827 2964 858 3006 n.
871 2948 902 3007 2.

201 3030 338 3093 Publicus
354 3040 488 3111 peccator
503 3030 622 3111 publici
637 3041 740 3112 petens
760 3030 947 3111 repellendus
967 3038 1022 3092 est.
1035 3029 1173 3094 Publicus

162 3115 234 3178 veri
255 3116 366 3178 dieitur
387 3133 448 3178 non
468 3117 519 3178 ille
532 3115 755 3193 tantummodi,
775 3116 826 3197 qni
846 3117 912 3178 talis
927 3115 1091 3178 declaratos
1104 3117 1174 3178 esti

159 3199 277 3276 judice,
292 3202 343 3263 sed
359 3204 446 3263 etiam
466 3203 518 3279 qui
532 3220 586 3283 per
604 3202 783 3263 evidentiam
806 3202 873 3262 laeti
886 3246 894 3272 ‚
906 3219 973 3280 qarac
986 3200 1067 3262 nolli
1082 3203 1173 3284 possit

163 3285 401 3361 tergiversatione
414 3287 523 3361 celari,
543 3286 609 3349 talis
625 3281 760 3349 habetur.
779 3285 856 3347 ibid.
871 3303 904 3347 n.
919 3287 949 3347 8.
963 3295 993 3347 et
1009 3288 1053 3347 De
1070 3285 1173 3348 Sacris.

101 3408 103 3413 .
163 3368 280 3425 Misal.
301 3370 331 3425 5.
348 3390 374 3427 c.
394 3374 444 3430 20.
468 3390 501 3431 n.
520 3376 549 3431 d.
1010 3379 1012 3388 ’

137 3459 141 3465 “
199 3446 388 3509 Eucharistiae
407 3457 607 3531 sumptionem
621 3456 787 3534 precedere
799 3455 901 3516 ‘debet
916 3454 1069 3533 jejunium
1086 3461 1173 3518 natu·
1225 3453 1226 3496 3

160 3528 222 3616 rale
242 3528 374 3617 inpedit
396 3544 482 3594 nocte
508 3540 686 3615 praecedenti
704 3547 848 3617 coaptum.
864 3543 925 3601 lieo
946 3542 1081 3601 refertsi
1107 3551 1173 3619 post

158 3605 257 3664 cabum
274 3622 426 3713 sumptum
438 3628 508 3677 ante
523 3623 652 3681 mediam
667 3632 783 3684 noctem
804 3624 904 3684 nullus
923 3640 1048 3684 somnus
1068 3636 1170 3705 eaptus
