2475 3975
271 165 274 173 ’
349 147 400 206 Ee
417 141 553 226 operibus
569 139 722 205 Benedicti
731 145 782 205 Xl
786 145 822 206 V.
1038 146 1098 211 275

89 255 118 307 ct
133 245 309 326 recipiendis
329 245 487 322 diligenter
499 247 690 323 prosequitur
707 243 883 306 Benedictus
894 245 946 308 XI
949 250 985 308 V.
1003 247 1032 308 in
1047 249 1096 309 ed-

89 333 153 392 dem
177 333 261 392 Bulld
280 331 349 392 Etsi
370 328 558 402 Postumis,
579 349 615 390 ex
640 331 748 406 quibus
774 331 917 390 nonnulla
940 329 1095 393 bisetium

89 415 104 476 t
121 417 204 476 nobis
220 425 355 493 excerpta
375 423 446 474 sunt
462 424 492 474 et
504 416 629 492 sparsim
642 415 674 473 in
689 433 758 475 suos
775 415 878 474 titulos
889 415 1057 475 distribute.

125 503 155 562 ln
170 501 253 560 Bultt
274 501 372 573 Qucum
383 496 581 578 provinciale,
604 500 726 559 mandat
739 500 896 572 Pontifex,
917 506 952 558 ut
965 509 1098 560 servetur

89 605 181 648 canon
199 585 314 646 concilii
325 587 378 644 ttl.
391 583 581 646 provincialis
592 585 788 656 Misenensis,
807 585 1038 662 musanellus,
1060 602 1098 644 no

87 669 195 732 Christi
223 669 362 730 fidelibus
384 668 440 731 sub
453 667 652 730 mahumetici
670 670 785 730 ditione
807 669 982 748 degentibus
1002 670 1098 747 impo-

88 765 198 814 nantur
224 752 404 830 baptizandis
421 755 546 814 'nomine
568 753 680 814 turcico
698 771 751 812 sen
776 753 1002 827 mahumetana,
1024 769 1098 810 neve

88 839 190 900 ecdem
208 837 327 898 nomina
349 837 438 897 etiarn
456 848 538 898 extra
552 839 733 916 baptismum
752 837 809 899 sibi
831 837 1008 914 imponunt,
1024 837 1098 916 qni·

89 939 219 1001 eumque
234 921 353 982 tandem
372 922 487 982 rectione
502 921 532 982 id
551 929 651 1000 agant.

456 1092 773 1154 BARBITONSORES.

118 1267 164 1330 'ln
183 1268 320 1344 dioecesi,
342 1269 395 1330 ubi
416 1266 499 1328 adest
516 1267 699 1328 consuetudo
713 1268 870 1328 exercendi
887 1277 981 1329 ortem
1003 1268 1101 1329 borbi-

86 1354 248 1414 tonsoriarn
268 1355 357 1414 etiam
369 1353 420 1412 dic
437 1352 533 1422 iesto,
550 1353 684 1431 permitti
696 1361 793 1431 potest
804 1349 879 1428 ;·sed
896 1353 1101 1415 tantummodo

86 1438 217 1498 delinitis
237 1437 342 1498 diebus
355 1481 363 1509 ‚
378 1454 439 1497 non
459 1434 531 1497 verb
551 1437 701 1497 onmibus.
724 1438 822 1497 instit.
848 1438 956 1498 Eccles.
978 1441 1027 1498 ts.
1046 1457 1101 1518 per

86 1531 195 1584 totum.
216 1525 298 1603 Opus
320 1531 365 1584 est
391 1531 490 1582 temen
513 1523 643 1596 servile,
674 1540 729 1583 noc
751 1521 810 1582 nisi
831 1539 869 1582 ox
889 1524 1101 1586 consuetudine

87 1607 287 1668 tolerandum.
300 1607 375 1668 lbid.
390 1625 420 1666 n.
435 1607 466 1666 2.

473 1773 709 1844 BENEDlCTlO.

124 1947 296 2010 Benedictio
314 1963 464 2009 sacrarum
486 1945 612 2007 vestium
633 1944 736 2007 utcdm
756 1947 795 2009 sb
813 1947 958 2028 Episcopo
973 1949 1099 2027 simplici

85 2034 230 2096 sacerdoti
250 2034 395 2095 committi
417 2033 527 2112 possit,
547 2034 672 2110 questio
692 2042 736 2094 est
752 2034 859 2111 anceps
881 2036 960 2094 inter
972 2036 1106 2113 Scripto-

85 2140 143 2181 res.
170 2120 301 2197 insignes
319 2128 419 2179 tamen
439 2119 574 2197 Episcopi
597 2120 765 2179 facultatem
783 2118 860 2179 bane
884 2120 1061 2199 plerumque
1082 2120 1100 2179 is

85 2204 319 2280 congregatione
340 2212 457 2281 petunt.
475 2204 548 2261 inst.
571 2203 647 2261 Eeel.
663 2204 714 2262 et.
736 2222 767 2263 n.
788 2206 818 2262 9.
840 2205 936 2263 9110.

125 2286 235 2348 Utrirm
246 2286 481 2347 benedicendum
493 2286 531 2345 sit
544 2286 713 2363 cingulum,
724 2288 852 2365 pluviale
865 2299 895 2348 et
906 2306 985 2350 sacra
996 2292 1080 2370 pyxis
1092 2336 1099 2359 ,

85 2372 211 2452 quaestio
223 2382 267 2432 est
278 2372 355 2433 inter
367 2376 516 2433 Doctores.
526 2372 711 2433 Probabilior
723 2383 822 2433 tomen
834 2385 970 2435 censetur
981 2376 1098 2454 opinio,

86 2478 153 2536 quae
171 2456 406 2519 benedictionem
422 2457 530 2534 exigit,
544 2454 612 2517 edm
625 2474 680 2538 pro
697 2458 807 2539 pyxide
823 2461 861 2521 sit
878 2461 1035 2539 peculiaris
1048 2461 1099 2522 be-

86 2543 216 2605 nedictio
229 2543 260 2603 in
277 2543 398 2603 Rituali.
416 2542 493 2601 lbid.
506 2561 538 2602 n.
551 2544 601 2603 tn.

127 2630 158 2689 Si
178 2647 215 2689 ex
235 2629 328 2689 veteri
346 2646 428 2689 sacro
453 2629 630 2689 vestimento
645 2648 757 2691 novum
768 2630 848 2691 aliud
864 2630 986 2691 diversae
998 2630 1100 2690 formos

87 2714 260 2775 conficiatur
272 2756 282 2787 ,
296 2723 329 2774 ut
341 2714 366 2773 si
380 2731 416 2774 cx
428 2713 502 2775 stoli
513 2714 700 2793 manipulus,
714 2724 771 2776 etc.
785 2716 954 2778 benedictio
969 2715 1099 2776 iter-onds

86 2808 142 2861 cst.
161 2800 236 2861 lbid.

69 2884 70 2890 ’
126 2886 260 2965 Episcopi
282 2886 415 2949 titularcs
443 2886 493 2965 jus
520 2887 639 2949 nullum
665 2884 777 2949 babent
801 2887 989 2949 consecrandi
1019 2904 1100 2948 sscro

87 2970 252 3031 chrismate
275 2990 342 3032 vasa
372 2984 474 3045 sacre,
504 2973 576 3049 quie
609 2971 678 3033 otim
711 2974 744 3033 in
773 2973 820 3033 bis
842 2972 1027 3033 adhibendus
1061 2975 1099 3033 sit

87 3073 158 3115 usus
167 3057 401 3133 Pontificalium,
422 3076 483 3119 nott
507 3059 595 3121 detur
617 3060 676 3119 illis
692 3057 842 3120 bisce'uti
863 3060 896 3119 in
918 3058 1011 3119 aliena
1026 3057 1099 3119 dioe-

88 3141 159 3201 cosi.
176 3142 251 3202 lbid.
270 3162 301 3203 n.
317 3147 367 3205 lli.
713 3160 717 3169 ·

128 3226 254 3287 Abbatcs
272 3232 421 3308 regulares
441 3228 614 3290 benedicere
637 3247 721 3309 posse
746 3246 923 3309 companas,
945 3237 976 3291 et
997 3231 1099 3291 calices

55 3393 58 3397 ,
88 3327 144 3387 pro
165 3328 218 3372 usu
238 3314 401 3375 alienarum
419 3316 613 3376 Ecclesiacum
634 3319 768 3394 (possunt
782 3317 863 3375 enim
889 3332 943 3395 pro
960 3317 1032 3392 suis}
1048 3332 1100 3372 ne·

88 3396 171 3472 gavit
196 3394 281 3459 Alex.
307 3402 379 3462 Vll.
397 3401 429 3459 in
451 3418 505 3460 suo
527 3402 653 3459 Decreto
675 3400 735 3459 diei
754 3402 791 3481 bl
810 3400 892 3477 Sept.
911 3402 999 3459 1659.
1023 3398 1100 3454 Con-

89 3482 168 3543 sulti
193 3484 224 3543 S.
250 3484 508 3565 Congregatione,
536 3482 609 3543 mim
640 3484 793 3561 potuerint
818 3485 992 3544 indumento
1021 3496 1099 3536 secra

88 3562 263 3629 benedicere
286 3586 342 3647 pro
365 3568 469 3630 olienis
489 3568 648 3641 Ecclesiis,
674 3584 712 3627 ex
731 3584 789 3642 co,
813 3566 894 3645 quod
917 3560 1101 3624 obtinuerint
