2475 3975
321 172 395 259 Cap.
407 173 435 233 1.
447 173 493 235 lte
510 173 703 236 sacramentis
726 175 760 236 in
775 191 887 256 patere.
1038 178 1092 240 not

83 278 244 347 ordinem,
267 273 318 336 sed
338 275 469 337 officium
488 293 638 338 annexum
658 275 779 348 ordini,
803 276 882 355 quod
903 293 956 352 pcc
981 293 1013 338 se
1034 295 1095 338 non

84 372 186 426 causat
207 361 354 442 gratiam,
375 368 410 420 ut
430 367 551 420 causant
569 370 750 422 sacramenta
767 357 801 439 (t.
815 379 841 420 a.
853 379 885 420 a.
897 359 971 436 11].

125 451 226 511 16-
238 447 341 506 Peccat
360 445 490 524 graviter
506 445 662 518 minister,
681 445 706 506 si
721 444 771 505 dat
787 454 1003 506 sacramentum
1016 445 1095 506 indi-

85 551 146 614 gno
158 531 271 612 petenti
285 529 398 590 occulte
408 551 418 607 ς
430 527 513 589 sectis
531 538 631 590 autem
647 530 671 589 si
688 530 739 590 ille
751 528 789 591 sit
801 538 935 608 peecator
948 529 1095 602 occultus,

87 629 119 680 ct
135 613 253 696 publice
274 622 356 692 petat
369 611 403 692 (l.
415 633 481 675 aa.
495 614 545 675 15.
560 612 601 674 ad
617 615 691 692 51).
715 615 885 676 Notandum
902 613 995 691 verb,
1017 613 1097 692 qudd

87 703 249 783 Episcopus
275 701 364 759 etiam
391 699 430 760 ob
456 699 568 759 occulta
590 706 706 776 peecata
728 708 823 778 potest
845 699 990 777 denegare
1012 699 1098 759 alicui
1167 746 1170 752 .

87 788 276 849 collationem
300 783 435 857 ordinis,
458 783 528 844 licet
550 781 669 861 publice
688 783 738 843 ille
758 792 850 860 petat,
866 801 902 843 ex
920 783 1004 846 Trid.
1027 800 1098 844 aeas.

88 874 141 933 ll.
155 889 181 931 a.
196 871 226 930 l.
240 867 293 928 ubi
310 867 436 942 dicitur,
453 867 547 927 teneri
564 866 704 927 clericum
717 867 837 928 obedire
852 868 973 945 praelato
990 867 1101 927 vetanti

87 955 305 1032 susceptionem
330 950 444 1013 ordinis
464 959 589 1031 propter
609 950 757 1012 oecultum
770 953 893 1012 crimen.
908 953 968 1012 Nea
984 961 1101 1012 tenetur

87 1047 163 1100 tune
175 1039 333 1116 Episcopus
346 1055 464 1097 causam
477 1037 680 1108 manifestare,
693 1053 746 1094 eur
756 1034 879 1112 repellat
891 1034 1100 1107 ordinandum,

88 1132 126 1185 ut
145 1123 256 1201 pluries
277 1121 438 1182 declaravit
453 1122 535 1181 Sacr.
557 1123 667 1198 congr.
683 1120 803 1180 concilii
818 1115 851 1197 (l.
867 1120 897 1178 6.
919 1137 951 1178 a.
970 1118 1043 1197 52).
1058 1121 1102 1180 dn

88 1217 192 1268 autem
210 1207 400 1268 confessarius
415 1205 506 1285 possit
517 1205 668 1267 absolvere
685 1203 883 1266 ordinandum
897 1201 1059 1262 recidivum
1072 1204 1103 1263 in

91 1292 187 1371 culpis
209 1291 369 1370 gravibus,
389 1292 441 1369 qui
462 1291 528 1350 uult
562 1308 679 1350 sacrum
710 1288 857 1366 suscipere
879 1287 1016 1348 ordinem
1040 1289 1103 1348 siue

92 1376 205 1456 praevia
224 1375 415 1454 probatione,
429 1373 584 1435 videdieta
597 1372 663 1434 tit.
678 1375 707 1434 6.
718 1392 749 1434 n.
767 1373 816 1433 65.

131 1459 231 1520 16-
242 1459 310 1519 Non
327 1458 397 1519 licet
408 1459 544 1519 ministro
562 1459 653 1519 etiam
668 1458 706 1518 ob
723 1465 837 1520 metum
850 1457 954 1519 mortis
965 1458 1104 1520 simulare

92 1543 382 1607 administrationem
411 1545 586 1605 sacramenti
612 1562 649 1604 ex
679 1563 764 1624 prop.
798 1545 847 1606 29.
878 1546 1039 1624 proscripta
1066 1545 1104 1604 ab

91 1631 198 1690 Ianua.
212 1629 273 1690 Xl.
288 1630 373 1689 Tune
394 1638 494 1689 autem
512 1640 648 1690 censetur
670 1630 806 1689 minister
819 1629 959 1692 simulare
977 1629 1105 1691 admini-

91 1715 265 1775 strationem
279 1708 370 1788 ,cnm
383 1716 496 1794 profert
511 1717 638 1776 sormam
650 1716 714 1776 sine
729 1715 912 1790 intentione,
925 1724 976 1776 aut
993 1716 1105 1794 aliquid

92 1798 177 1859 aliud
193 1800 388 1876 pronuntiat,
404 1799 441 1858 ad
460 1799 533 1872 boc,
546 1800 640 1859 utalii
654 1799 774 1859 credant
789 1800 886 1876 ipsum
896 1798 958 1875 jam
973 1801 1106 1861 conferre

91 1889 332 1955 sacramentum,
353 1883 435 1943 uude
453 1881 524 1943 alibs
543 1883 624 1943 licite
649 1890 745 1961 potest
766 1883 957 1944 confessarius
976 1886 1106 1962 aliquam

90 1968 219 2031 recitare
231 1967 397 2029 orationem
412 1985 503 2047 super
515 1969 678 2048 poeniteute
695 1966 890 2046 indisposita,
908 1985 967 2029 non
977 1967 1058 2046 jam,
1073 1979 1107 2031 ut

91 2052 146 2115 alii
156 2053 277 2115 armant
290 2053 504 2116 absolutionem
517 2055 561 2113 illi
577 2055 761 2125 ministrari,
775 2053 826 2113 sed
837 2050 952 2114 tantum
965 2054 1001 2113 ad
1016 2056 1108 2115 oecul-

91 2137 217 2201 tandam
229 2138 423 2200 absolutionis
438 2140 644 2220 negationum
663 2148 735 2197 tuna
753 2138 834 2196 enim
855 2154 914 2195 non
926 2138 1045 2198 simulat
1062 2157 1109 2198 sa·

92 2222 242 2285 crementi
265 2220 571 2292 administrationem,
590 2222 641 2281 sed
669 2219 785 2282 tantum
810 2220 965 2282 veritatem
983 2224 1108 2285 occultat

93 2302 177 2388 (Lib.
194 2304 224 2363 6.
243 2322 276 2364 a.
289 2305 361 2383 aa).
377 2307 522 2366 Praeterea
534 2306 578 2365 ait
598 2304 840 2367 Cardenas‘beue
862 2323 945 2385 posse
965 2309 1108 2369 consessa·

91 2390 198 2460 rium,
215 2383 285 2448 cam
302 2389 449 2465 poenitens
470 2390 602 2451 minatur
631 2390 658 2449 ci
681 2396 809 2451 mortem
833 2391 857 2451 si
880 2409 938 2451 non
955 2393 1107 2469 absolvat,

94 2472 298 2554 dicere,qu
318 2481 346 2533 te
363 2492 425 2537 aaa
443 2470 575 2553 obsoleo,
589 2474 733 2537 submisse
753 2477 971 2555 pronuntiando
982 2479 1108 2543 verbum

95 2558 263 2636 aaon‚quia
281 2556 343 2620 baec
364 2578 425 2621 nou
442 2570 486 2621 est
503 2562 652 2623 restrictio
674 2560 749 2641 purie
769 2564 925 2640 rnentalis3
946 2574 981 2625 ut
1006 2565 1109 2643 objicit

102 2642 197 2717 Viae,
217 2639 290 2702 ditm
312 2646 501 2705 confessarius
520 2666 582 2707 uon
604 2658 724 2708 tenetur
745 2648 881 2719 efficere,
901 2658 934 2709 ut
965 2651 1110 2725 paenitens

98 2725 200 2786 audiat
212 2726 300 2787 verba
318 2729 529 2802 absolutionis,
547 2741 579 2791 et
592 2732 659 2792 ideb
673 2750 732 2792 non
745 2730 834 2793 babet
848 2732 899 2793 ille
910 2731 960 2810 jus
972 2777 980 2807 ,
992 2741 1026 2793 ut
1039 2752 1110 2795 eon·

99 2810 237 2975 (caspe-inp
254 2812 355 2876 omnia
383 2815 473 2875 verba
488 2818 592 2880 sormoe
616 2818 843 2897 intelligibiliter
867 2820 996 2898 proterat
1018 2818 1107 2899 (Ibid.

99 2912 136 2955 cn
163 2913 246 2955 ene..

138 2981 190 3039 17.
210 3012 250 3023 -
276 2980 359 3043 Siout
385 2991 484 3047 autem
509 2987 661 3048 nonlicet
690 2988 827 3050 ministro
849 2990 990 3049 simulare
1015 3006 1110 3050 saera-

3 3103 4 3120 .
101 3064 196 3125 menti
209 3062 515 3143 administrationem,
531 3073 570 3131 ita
585 3090 640 3133 nee
660 3074 749 3133 etiam
760 3074 809 3133 alii
827 3072 1002 3133 sacramenti
1014 3092 1110 3135 susee-

103 3150 260 3227 ptionem,
276 3159 311 3211 ut
333 3152 437 3215 dieunt
452 3155 540 3219 Card.
558 3157 648 3218 Croia
661 3165 690 3219 ct
704 3160 842 3220 Garmaz.
857 3158 917 3217 lloe
931 3166 1028 3219 tamen
1050 3177 1110 3221 non

3 3249 7 3268 ⁸
102 3231 258 3312 probibet,
272 3237 431 3312 quominds
443 3240 529 3301 liceat
538 3242 625 3302 alicui
639 3243 775 3303 accedere
787 3241 824 3301 ad
833 3242 1110 3316 contessionarlum,

61 3368 64 3377 .
103 3318 206 3395 ibique
223 3320 420 3395 genuflectere
436 3324 473 3385 ad
493 3326 614 3405 aliquod
633 3328 785 3407 negotium
801 3326 957 3403 agendum.
970 3330 1111 3389 Praeterea

104 3401 190 3481 ajunt
201 3406 400 3467 communiter
410 3408 519 3471 Sancta.
536 3413 622 3472 Cone.
639 3412 772 3491 Costrop.
786 3410 873 3472 Card.
892 3414 986 3486 Viva,
1001 3410 1110 3480 Graia,

7 3541 8 3552 ,
107 3484 219 3570 aliique
233 3484 352 3568 plures,
376 3504 478 3553 contra
501 3494 646 3567 Milonem,
664 3492 744 3572 quod
763 3496 786 3555 si
807 3497 912 3574 aliquis
937 3511 1113 3573 sponsorum

8 3573 9 3582 ’
109 3572 223 3653 cogitur
234 3572 410 3638 contrahere
427 3597 481 3657 per
498 3580 642 3659 initiatum
655 3588 786 3656 metum,
804 3582 850 3642 vel
867 3580 977 3642 babens
989 3575 1114 3653 impedi·
1143 3666 1145 3671 ,
