2475 3975
120 175 178 242 568
312 167 925 260 Epitonte'doctra'noeementiretoanonfcoe

120 299 171 343 scu
192 277 292 358 potiris
319 279 376 359 ipsi
409 276 615 340 contrahentes
637 275 727 337 simul
748 274 894 347 materia,
915 272 1011 334 forma
1027 276 1059 335 et
1079 274 1141 335 mi·
1220 319 1223 332 .

119 358 206 420 nistri
227 356 317 436 hujus
329 355 502 418 sacramenti
520 353 696 414 habeantur.
718 353 878 429 Utriusque
895 351 1051 412 sententie
1066 353 1141 412 fuu-

118 441 255 504 damenta
273 441 332 506 late
360 441 490 520 exposita
519 437 648 500 videndo
674 445 745 498 suat
770 439 803 498 in
820 435 941 515 Synodo
970 435 1141 496 dioecesana

118 526 196 590 libro
213 529 243 590 8.
261 529 356 607 capite
371 527 419 588 15.
437 543 520 586 nuru.
540 526 571 585 1.
589 531 619 584 et
640 541 703 602 seq.
719 523 905 600 Quamquam
927 538 989 582 non
1007 520 1143 583 obscuris

119 613 261 676 inclinare
292 615 369 674 visus
390 618 434 672 est
456 611 487 672 in
513 610 714 681 sententiam,
740 627 807 686 quae
833 606 1021 680 contractais,
1039 617 1072 668 ct
1090 626 1141 667 sa·

118 701 261 762 crementi
283 708 379 762 totum
394 697 541 776 quidquid
555 704 599 758 est
611 695 854 756 contrahentibus
873 691 1015 755 vindicat.
1028 691 1141 754 Merito

120 793 219 847 tamen
230 783 469 865 reprehendendi
480 783 551 844 sunt
562 782 670 860 itii,qui
679 780 695 841 h
703 781 896 842 contracturis
909 779 1140 840 matrimonium

120 887 180 932 non
197 871 319 950 exigunt
339 871 492 939 sciendam
516 869 659 930 doctrinm
672 867 863 942 Christianae,
885 866 988 925 saitem
1005 883 1139 938 eorum,

119 971 186 1033 quae
202 955 379 1017 adsalutem
401 954 560 1015 necessaria
573 962 654 1019 sunt,
669 952 818 1013 Mandavit
833 953 914 1011 enim
928 947 1059 1011 Glemona
1070 953 1137 1011 ΧΙ.

120 1047 150 1100 et
163 1040 226 1120 ipse
241 1042 331 1102 etiam
351 1037 527 1128 Bepedc‘ctus
548 1039 640 1101 XIV.
661 1038 694 1098 in
718 1035 846 1115 quadam
868 1034 1041 1114 Encyclicd,
1065 1053 1139 1113 quae

119 1133 164 1184 est
184 1125 216 1185 in
236 1123 300 1204 ejus
321 1123 473 1194 bullario,
491 1130 526 1183 ut
547 1119 693 1201 parochus
713 1122 750 1180 ab
772 1119 891 1181 inituris
905 1121 1136 1181 matrimonium

120 1208 255 1286 exquirat
277 1207 590 1286 interroganteque
612 1205 650 1266 ad
671 1207 797 1266 salutem
815 1206 976 1265 necessaria
991 1213 1085 1282 sunt,
1104 1213 1137 1267 et

119 1294 144 1353 si
168 1292 398 1374 deprehenderit
416 1293 587 1372 ignorasse,
607 1291 799 1352 matrimonio
808 1289 953 1370 jungendi
972 1301 1133 1354 nunaunt.
1221 1286 1222 1293 '

120 1377 222 1439 Monet
252 1379 375 1458 insuper
399 1395 468 1439 curn
501 1373 680 1446 dietbaldo,
701 1377 788 1448 illos,
820 1377 873 1454 qui
893 1376 1042 1455 precipua
1060 1375 1134 1437 fidei

120 1464 258 1538 mysteria
271 1464 390 1537 sciunt,
406 1481 438 1532 ea
452 1461 524 1523 verb
537 1506 548 1538 ,
569 1481 636 1538 quae
647 1471 718 1522 sunt
735 1461 774 1521 de
791 1461 960 1521 necessitate
971 1464 1113 1543 praeoepti
1120 1510 1131 1541 ,

118 1547 186 1605 rudi
215 1545 401 1607 solummodo
415 1553 537 1616 tenent,
560 1545 628 1604 illos
650 1545 769 1624 quidem
784 1562 868 1623 posse
886 1544 1067 1623 aliquamdiu
1084 1567 1134 1607 rc·

118 1629 237 1690 tinent
254 1630 445 1690 matrimonio
460 1629 655 1707 celebrando,
669 1638 758 1707 atque
769 1629 891 1690 interim
903 1629 1049 1709 parochus
1064 1633 1132 1694 illos

117 1713 275 1792 diligenter
286 1714 389 1776 doceat
402 1758 411 1785 ,
425 1723 456 1774 et
474 1715 498 1774 si
522 1713 752 1792 deprehenderit
766 1714 902 1776 rudiores
912 1733 974 1777 esse
991 1718 1130 1796 ingenio,

118 1800 250 1862 eteritis
270 1800 443 1874 memoriae,
469 1809 503 1861 ut
523 1799 670 1863 doctiores
685 1799 760 1860 effici
777 1818 839 1860 uon
851 1801 987 1876 valcant,
1012 1812 1132 1865 tenetur
1221 1818 1222 1885 j

118 1887 239 1952 tandem
257 1885 446 1966 conjungere.
459 1887 503 1974 De
515 1886 587 1966 Syn.
605 1885 694 1950 dioec.
713 1885 767 1948 lib.
787 1885 818 1946 8.
833 1903 898 1967 cap.
914 1888 965 1949 11.
987 1905 1073 1950 num.
1099 1891 1130 1948 1.

119 1981 151 2034 et
171 1992 202 2035 se
245 2018 253 2033 .

156 1993 386 2122 Mahhimana'um
398 2076 498 2120 corona
513 2055 669 2139 parocho,
689 2054 736 2119 oct
749 2054 808 2120 alio
820 2058 969 2123 sacerdote
981 2059 1130 2143 dre-ipsius

115 2142 242 2227 parochi
252 2189 261 2217 ,
286 2162 338 2207 seu
360 2142 518 2206 ordinarii
538 2140 674 2227 lieentia,
691 2151 721 2204 et
740 2142 853 2205 duobus
871 2142 918 2205 aci
934 2144 1030 2207 tribua
1049 2147 1130 2208 testi-

118 2230 172 2293 bus
191 2230 333 2293 celebrari
350 2229 438 2292 debet
453 2275 462 2304 ,
476 2248 543 2309 quae
555 2230 645 2289 verba
670 2236 740 2289 sunt
752 2229 919 2291 Tridentini
937 2228 975 2291 de
991 2230 1050 2309 ref.
1064 2250 1129 2294 rnu-

118 2316 199 2376 trr'm.
218 2333 287 2377 sess.
305 2316 354 2376 nt.
368 2334 431 2391 cap.
447 2316 478 2375 1.
495 2313 779 2393 Reprehendendam
792 2312 864 2375 verb
879 2323 977 2375 censet
994 2316 1129 2379 Pontifex

115 2402 326 2479 Episcoporum
344 2400 542 2476 quorumdam
565 2402 773 2470 oscitantiam,
798 2401 851 2478 qui
871 2400 903 2459 in
919 2400 1048 2479 Synodis
1065 2406 1129 2463 suis

116 2484 297 2555 edixerunt,
319 2482 529 2545 celebrandum
549 2501 611 2544 csse
635 2502 736 2545 coram
758 2480 886 2565 lepitirrao
908 2480 1072 2561 nunr'stro,
1090 2507 1127 2550 cx

117 2587 257 2649 quotansa
267 2568 334 2631 data
342 2566 546 2649 ostTheologis
555 2571 708 2630 nonnullis
719 2569 859 2647 opinandi
871 2572 1128 2651 ,sententiamque

116 2674 199 2717 suant
214 2675 250 2717 ex
261 2674 362 2717 eorum
381 2665 502 2729 mente,
520 2653 599 2715 athi
618 2654 738 2733 quidem
752 2654 953 2729 arbitrantur,
965 2656 1124 2732 firmandi,

116 2740 278 2821 parochum
295 2757 357 2799 csse
369 2740 536 2817 legitimum
551 2740 724 2801 sacramenti
745 2740 928 2802 matrimonii
941 2741 1124 2805 ministrnm.

154 2828 185 2886 st
201 2825 359 2905 Episcopus
375 2826 538 2901 generatim
560 2824 717 2884 interdicat
731 2823 883 2902 parocho,
909 2842 948 2885 ne
970 2827 1127 2890 matrimo-
1221 2872 1223 2897 ;

117 2911 175 2973 niis
192 2911 327 2986 assistet,
342 2906 437 2969 adbuc
451 2916 548 2968 tamen
561 2909 785 2970 matrimonium
798 2910 899 2970 valere
912 2909 1019 2970 definit
1041 2914 1124 2984 Saer.

117 3000 225 3078 congr.
241 2998 330 3058 Cone.
350 3001 381 3055 et
399 2992 498 3057 firmat
517 2993 652 3056 Pontifex
663 2992 695 3056 iu
711 3000 751 3056 tr.
766 2993 804 3055 de
815 2994 888 3072 Syn.
904 2993 990 3057 dioee.
1003 2995 1059 3057 lib.
1074 2999 1122 3061 tt.

116 3102 181 3163 cap.
203 3084 231 3143 b.
252 3101 284 3143 n.
303 3082 334 3143 2.
843 3127 847 3133 -

154 3168 184 3227 si
202 3166 273 3229 verb
295 3165 485 3229 interdictum
508 3166 588 3228 istud
606 3164 750 3229 venerith
766 3164 909 3226 Pontifice
924 3184 991 3227 cum
1005 3166 1123 3230 decreto

114 3252 267 3325 irritante,
287 3259 359 3314 tunc
384 3254 487 3331 utique
509 3270 569 3313 non
587 3252 666 3312 valet
685 3251 876 3329 conjugium,
900 3248 970 3312 edm
989 3252 1123 3317 Pontifex
1221 3261 1222 3270 ’

110 3335 181 3407 jare
197 3352 251 3393 suo
268 3336 359 3411 possit
380 3336 593 3413 impedimenta
623 3337 813 3398 constituere.
836 3335 900 3397 tttst
923 3346 1022 3396 tamen
1046 3336 1123 3400 adsit
1221 3407 1222 3420 χ

112 3414 182 3473 buia
195 3416 354 3476 interdicto
371 3418 522 3481 decretum
540 3420 680 3492 irritans,
694 3420 919 3480 matrimonium
939 3422 1037 3497 valet3
1053 3420 1122 3485 edm
1221 3427 1222 3470 t

110 3494 356 3639 ppripedlippppprm
374 3500 455 3563 titud.
470 3504 635 3583 impediens
649 3548 658 3581 ,
671 3521 731 3567 noo
745 3502 864 3569 irritans
878 3505 1058 3569 censendum
1070 3508 1121 3570 sit.
