<?xml version="1.0" encoding="UTF-8"?>
<!DOCTYPE html PUBLIC "-//W3C//DTD XHTML 1.0 Transitional//EN"
    "http://www.w3.org/TR/xhtml1/DTD/xhtml1-transitional.dtd">
<html xmlns="http://www.w3.org/1999/xhtml" xml:lang="en" lang="en">
 <head>
  <title>
</title>
<meta http-equiv="Content-Type" content="text/html;charset=utf-8" />
  <meta name='ocr-system' content='tesseract 3.04.00' />
  <meta name='ocr-capabilities' content='ocr_page ocr_carea ocr_par ocr_line ocrx_word'/>
</head>
<body>
  <div class='ocr_page' id='page_1' title='image "./theologiamorali04heilgoog/theologiamorali04heilgoog_0377.png"; bbox 0 0 2475 3975; ppageno 0'>
   <div class='ocr_carea' id='block_1_1' title="bbox 378 146 1114 228">
    <p class='ocr_par' dir='ltr' id='par_1_1' title="bbox 378 146 1114 228">
     <span class='ocr_line' id='line_1_1' title="bbox 378 146 1114 228; baseline 0.007 -18"><span class='ocrx_word' id='word_1_1' title='bbox 378 150 428 210; x_wconf 80' lang='lat' dir='ltr'><strong>Eae</strong></span> <span class='ocrx_word' id='word_1_2' title='bbox 443 146 578 228; x_wconf 78' lang='lat' dir='ltr'><strong>opertum</strong></span> <span class='ocrx_word' id='word_1_3' title='bbox 587 149 741 213; x_wconf 72' lang='lat' dir='ltr'><strong><em>Benedicti</em></strong></span> <span class='ocrx_word' id='word_1_4' title='bbox 753 154 844 227; x_wconf 74' lang='lat' dir='ltr'><strong>Xtt.</strong></span> <span class='ocrx_word' id='word_1_5' title='bbox 1058 157 1114 220; x_wconf 69' lang='lat' dir='ltr'><strong>out</strong></span> 
     </span>
    </p>
   </div>
   <div class='ocr_carea' id='block_1_2' title="bbox 481 349 747 428">
    <p class='ocr_par' dir='ltr' id='par_1_2' title="bbox 481 349 747 428">
     <span class='ocr_line' id='line_1_2' title="bbox 481 349 747 428; baseline 0.008 -10"><span class='ocrx_word' id='word_1_6' title='bbox 481 349 747 428; x_wconf 77' lang='lat' dir='ltr'><strong>tuudtuunutt.</strong></span> 
     </span>
    </p>
   </div>
   <div class='ocr_carea' id='block_1_3' title="bbox 101 545 1116 1544">
    <p class='ocr_par' dir='ltr' id='par_1_3' title="bbox 105 545 1116 798">
     <span class='ocr_line' id='line_1_3' title="bbox 145 545 1116 628; baseline 0.002 -20"><span class='ocrx_word' id='word_1_7' title='bbox 145 547 344 628; x_wconf 79' lang='lat' dir='ltr'><strong>lndulgontias</strong></span> <span class='ocrx_word' id='word_1_8' title='bbox 364 545 510 627; x_wconf 80' lang='lat' dir='ltr'><strong>plenarias</strong></span> <span class='ocrx_word' id='word_1_9' title='bbox 537 548 617 608; x_wconf 87' lang='lat' dir='ltr'><strong>aolus</strong></span> <span class='ocrx_word' id='word_1_10' title='bbox 646 546 795 610; x_wconf 81' lang='lat' dir='ltr'><strong>Romanus</strong></span> <span class='ocrx_word' id='word_1_11' title='bbox 826 549 962 611; x_wconf 81' lang='lat' dir='ltr'><strong>i&#39;onlilex</strong></span> <span class='ocrx_word' id='word_1_12' title='bbox 983 549 1116 611; x_wconf 82' lang='lat' dir='ltr'><strong>conierre</strong></span> 
     </span>
     <span class='ocr_line' id='line_1_4' title="bbox 106 631 1114 712; baseline 0 -18"><span class='ocrx_word' id='word_1_13' title='bbox 106 643 222 712; x_wconf 83' lang='lat' dir='ltr'><strong>potest,</strong></span> <span class='ocrx_word' id='word_1_14' title='bbox 236 654 284 694; x_wconf 83' lang='lat' dir='ltr'><strong>eur</strong></span> <span class='ocrx_word' id='word_1_15' title='bbox 276 633 426 697; x_wconf 67' lang='lat' dir='ltr'><strong>thesauri</strong></span> <span class='ocrx_word' id='word_1_16' title='bbox 443 631 576 692; x_wconf 76' lang='lat' dir='ltr'><strong>Ecclesiae</strong></span> <span class='ocrx_word' id='word_1_17' title='bbox 597 633 725 696; x_wconf 82' lang='lat' dir='ltr'><strong>clavium</strong></span> <span class='ocrx_word' id='word_1_18' title='bbox 742 637 896 701; x_wconf 84' lang='lat' dir='ltr'><strong>commissa</strong></span> <span class='ocrx_word' id='word_1_19' title='bbox 916 644 960 697; x_wconf 86' lang='lat' dir='ltr'><strong>est</strong></span> <span class='ocrx_word' id='word_1_20' title='bbox 973 635 1114 698; x_wconf 83' lang='lat' dir='ltr'><strong>custodia.</strong></span> 
     </span>
     <span class='ocr_line' id='line_1_5' title="bbox 105 713 591 798; baseline -0.004 -20"><span class='ocrx_word' id='word_1_21' title='bbox 105 711 336 798; x_wconf 78' lang='lat' dir='ltr'><strong>uaSyn.tttoee.</strong></span> <span class='ocrx_word' id='word_1_22' title='bbox 352 717 373 777; x_wconf 91' lang='lat' dir='ltr'><strong>l.</strong></span> <span class='ocrx_word' id='word_1_23' title='bbox 387 720 417 779; x_wconf 77' lang='lat'><strong>2.</strong></span> <span class='ocrx_word' id='word_1_24' title='bbox 434 713 591 787; x_wconf 83' lang='lat' dir='ltr'><strong>e..9n.7.</strong></span> 
     </span>
    </p>

    <p class='ocr_par' dir='ltr' id='par_1_4' title="bbox 103 800 1115 1050">
     <span class='ocr_line' id='line_1_6' title="bbox 144 800 1115 883; baseline -0.002 -20"><span class='ocrx_word' id='word_1_25' title='bbox 144 801 290 864; x_wconf 85' lang='lat' dir='ltr'>Omnibus</span> <span class='ocrx_word' id='word_1_26' title='bbox 303 802 452 881; x_wconf 81' lang='lat' dir='ltr'><strong>Episcopis</strong></span> <span class='ocrx_word' id='word_1_27' title='bbox 469 801 590 861; x_wconf 77' lang='lat' dir='ltr'>facultas</span> <span class='ocrx_word' id='word_1_28' title='bbox 602 800 641 861; x_wconf 79' lang='lat' dir='ltr'><strong>i</strong></span> <span class='ocrx_word' id='word_1_29' title='bbox 630 820 699 879; x_wconf 68' lang='lat' dir='ltr'><strong>jure</strong></span> <span class='ocrx_word' id='word_1_30' title='bbox 715 805 886 866; x_wconf 75' lang='lat' dir='ltr'>conceditur</span> <span class='ocrx_word' id='word_1_31' title='bbox 901 803 1115 883; x_wconf 72' lang='lat' dir='ltr'><strong>indulgentiam</strong></span> 
     </span>
     <span class='ocr_line' id='line_1_7' title="bbox 103 885 1115 967; baseline -0.002 -19"><span class='ocrx_word' id='word_1_32' title='bbox 103 889 222 948; x_wconf 86' lang='lat' dir='ltr'><strong>dierum</strong></span> <span class='ocrx_word' id='word_1_33' title='bbox 251 888 444 967; x_wconf 82' lang='lat' dir='ltr'><strong>quadraginta</strong></span> <span class='ocrx_word' id='word_1_34' title='bbox 461 885 626 963; x_wconf 82' lang='lat' dir='ltr'><strong>largiendi,</strong></span> <span class='ocrx_word' id='word_1_35' title='bbox 641 895 672 947; x_wconf 90' lang='lat' dir='ltr'><strong>et</strong></span> <span class='ocrx_word' id='word_1_36' title='bbox 689 897 808 953; x_wconf 88' lang='lat' dir='ltr'><strong>eentum</strong></span> <span class='ocrx_word' id='word_1_37' title='bbox 827 891 860 949; x_wconf 88' lang='lat' dir='ltr'><strong>iu</strong></span> <span class='ocrx_word' id='word_1_38' title='bbox 881 887 1015 951; x_wconf 79' lang='lat' dir='ltr'><strong>Ecclesiae</strong></span> <span class='ocrx_word' id='word_1_39' title='bbox 1032 887 1115 948; x_wconf 83' lang='lat' dir='ltr'><strong>dedi·</strong></span> 
     </span>
     <span class='ocr_line' id='line_1_8' title="bbox 103 968 677 1050; baseline -0.002 -18"><span class='ocrx_word' id='word_1_40' title='bbox 103 973 235 1044; x_wconf 80' lang='lat' dir='ltr'><strong>eatione‚</strong></span> <span class='ocrx_word' id='word_1_41' title='bbox 247 989 282 1033; x_wconf 86' lang='lat' dir='ltr'><strong>ex</strong></span> <span class='ocrx_word' id='word_1_42' title='bbox 295 971 365 1050; x_wconf 87' lang='lat' dir='ltr'><strong>cap.</strong></span> <span class='ocrx_word' id='word_1_43' title='bbox 381 968 505 1032; x_wconf 76' lang='lat' dir='ltr'><strong>demde</strong></span> <span class='ocrx_word' id='word_1_44' title='bbox 524 987 557 1030; x_wconf 85' lang='lat' dir='ltr'><strong>oo</strong></span> <span class='ocrx_word' id='word_1_45' title='bbox 572 971 677 1050; x_wconf 80' lang='lat' dir='ltr'><strong>penit.</strong></span> 
     </span>
    </p>

    <p class='ocr_par' dir='ltr' id='par_1_5' title="bbox 103 1057 1115 1296">
     <span class='ocr_line' id='line_1_9' title="bbox 142 1057 1113 1139; baseline -0.003 -20"><span class='ocrx_word' id='word_1_46' title='bbox 142 1059 347 1119; x_wconf 82' lang='lat' dir='ltr'><strong>Cardinalibus</strong></span> <span class='ocrx_word' id='word_1_47' title='bbox 358 1057 431 1118; x_wconf 78' lang='lat' dir='ltr'><strong>vero</strong></span> <span class='ocrx_word' id='word_1_48' title='bbox 443 1064 563 1117; x_wconf 88' lang='lat' dir='ltr'><strong>eentum</strong></span> <span class='ocrx_word' id='word_1_49' title='bbox 575 1057 704 1119; x_wconf 88' lang='lat' dir='ltr'><strong>dierum.</strong></span> <span class='ocrx_word' id='word_1_50' title='bbox 720 1059 885 1122; x_wconf 79' lang='lat' dir='ltr'><strong>tinnovero</strong></span> <span class='ocrx_word' id='word_1_51' title='bbox 900 1057 1113 1139; x_wconf 70' lang='lat' dir='ltr'><strong>indulgentiam</strong></span> 
     </span>
     <span class='ocr_line' id='line_1_10' title="bbox 103 1141 1115 1225; baseline -0.004 -19"><span class='ocrx_word' id='word_1_52' title='bbox 103 1145 194 1206; x_wconf 86' lang='lat' dir='ltr'><strong>etiarn</strong></span> <span class='ocrx_word' id='word_1_53' title='bbox 204 1144 363 1223; x_wconf 83' lang='lat' dir='ltr'><strong>Regularea</strong></span> <span class='ocrx_word' id='word_1_54' title='bbox 379 1145 552 1218; x_wconf 79' lang='lat' dir='ltr'><strong>lucrantur:</strong></span> <span class='ocrx_word' id='word_1_55' title='bbox 571 1141 640 1204; x_wconf 80' lang='lat' dir='ltr'><strong>edm</strong></span> <span class='ocrx_word' id='word_1_56' title='bbox 659 1158 763 1206; x_wconf 86' lang='lat' dir='ltr'><strong>eorum</strong></span> <span class='ocrx_word' id='word_1_57' title='bbox 779 1146 928 1225; x_wconf 75' lang='lat' dir='ltr'><strong>exemptio</strong></span> <span class='ocrx_word' id='word_1_58' title='bbox 941 1161 1002 1208; x_wconf 89' lang='lat' dir='ltr'><strong>non</strong></span> <span class='ocrx_word' id='word_1_59' title='bbox 1011 1143 1115 1204; x_wconf 82' lang='lat' dir='ltr'><strong>debeat</strong></span> 
     </span>
     <span class='ocr_line' id='line_1_11' title="bbox 104 1229 881 1296; baseline -0.005 -4"><span class='ocrx_word' id='word_1_60' title='bbox 104 1231 164 1292; x_wconf 84' lang='lat' dir='ltr'><strong>illis</strong></span> <span class='ocrx_word' id='word_1_61' title='bbox 184 1231 216 1290; x_wconf 92' lang='lat' dir='ltr'><strong>in</strong></span> <span class='ocrx_word' id='word_1_62' title='bbox 230 1229 372 1296; x_wconf 86' lang='lat' dir='ltr'><strong>damnum</strong></span> <span class='ocrx_word' id='word_1_63' title='bbox 386 1229 530 1290; x_wconf 85' lang='lat' dir='ltr'><strong>converti.</strong></span> <span class='ocrx_word' id='word_1_64' title='bbox 545 1229 618 1289; x_wconf 84' lang='lat' dir='ltr'><strong>lust.</strong></span> <span class='ocrx_word' id='word_1_65' title='bbox 632 1231 711 1290; x_wconf 79' lang='lat' dir='ltr'><strong>Beel.</strong></span> <span class='ocrx_word' id='word_1_66' title='bbox 726 1233 775 1292; x_wconf 71' lang='lat' dir='ltr'><strong>oo.</strong></span> <span class='ocrx_word' id='word_1_67' title='bbox 788 1251 820 1292; x_wconf 96' lang='grc' dir='ltr'><strong>ιι,</strong></span> <span class='ocrx_word' id='word_1_68' title='bbox 832 1234 881 1292; x_wconf 80' lang='lat' dir='ltr'><strong>to.</strong></span> 
     </span>
    </p>

    <p class='ocr_par' dir='ltr' id='par_1_6' title="bbox 101 1312 1114 1544">
     <span class='ocr_line' id='line_1_12' title="bbox 142 1312 1114 1394; baseline 0.001 -21"><span class='ocrx_word' id='word_1_69' title='bbox 142 1314 276 1374; x_wconf 83' lang='lat' dir='ltr'><strong>Viearius</strong></span> <span class='ocrx_word' id='word_1_70' title='bbox 287 1313 463 1392; x_wconf 84' lang='lat' dir='ltr'><strong>capitularis</strong></span> <span class='ocrx_word' id='word_1_71' title='bbox 483 1329 521 1372; x_wconf 88' lang='lat' dir='ltr'><strong>uo</strong></span> <span class='ocrx_word' id='word_1_72' title='bbox 547 1313 747 1393; x_wconf 82' lang='lat' dir='ltr'><strong>indulgentias</strong></span> <span class='ocrx_word' id='word_1_73' title='bbox 763 1327 967 1394; x_wconf 79' lang='lat' dir='ltr'><strong>quascumque</strong></span> <span class='ocrx_word' id='word_1_74' title='bbox 983 1312 1114 1374; x_wconf 84' lang='lat' dir='ltr'><strong>eouieral</strong></span> 
     </span>
     <span class='ocr_line' id='line_1_13' title="bbox 102 1395 1112 1480; baseline -0.001 -22"><span class='ocrx_word' id='word_1_75' title='bbox 102 1397 251 1459; x_wconf 80' lang='lat' dir='ltr'><strong>abstinire</strong></span> <span class='ocrx_word' id='word_1_76' title='bbox 265 1398 365 1460; x_wconf 85' lang='lat' dir='ltr'><strong>dehet.</strong></span> <span class='ocrx_word' id='word_1_77' title='bbox 380 1399 424 1458; x_wconf 84' lang='lat' dir='ltr'><strong>lta</strong></span> <span class='ocrx_word' id='word_1_78' title='bbox 440 1415 477 1472; x_wconf 76' lang='lat' dir='ltr'><strong>en</strong></span> <span class='ocrx_word' id='word_1_79' title='bbox 497 1395 624 1461; x_wconf 79' lang='lat' dir='ltr'><strong>decretis</strong></span> <span class='ocrx_word' id='word_1_80' title='bbox 634 1401 666 1461; x_wconf 88' lang='lat' dir='ltr'><strong>S.</strong></span> <span class='ocrx_word' id='word_1_81' title='bbox 681 1401 715 1461; x_wconf 86' lang='lat' dir='ltr'><strong>G.</strong></span> <span class='ocrx_word' id='word_1_82' title='bbox 735 1401 779 1460; x_wconf 86' lang='lat' dir='ltr'><strong>llo</strong></span> <span class='ocrx_word' id='word_1_83' title='bbox 793 1402 868 1480; x_wconf 88' lang='lat' dir='ltr'><strong>Syn.</strong></span> <span class='ocrx_word' id='word_1_84' title='bbox 888 1401 1011 1463; x_wconf 80' lang='lat' dir='ltr'><strong>Dioeeea.</strong></span> <span class='ocrx_word' id='word_1_85' title='bbox 1035 1400 1057 1459; x_wconf 94' lang='lat' dir='ltr'><strong>l.</strong></span> <span class='ocrx_word' id='word_1_86' title='bbox 1080 1400 1112 1459; x_wconf 71' lang='grc'><strong>2,</strong></span> 
     </span>
     <span class='ocr_line' id='line_1_14' title="bbox 101 1483 256 1544; baseline 0 0"><span class='ocrx_word' id='word_1_87' title='bbox 101 1483 256 1544; x_wconf 79' lang='lat' dir='ltr'><strong>e9n7</strong></span> 
     </span>
    </p>
   </div>
   <div class='ocr_carea' id='block_1_4' title="bbox 100 1574 1114 1829">
    <p class='ocr_par' dir='ltr' id='par_1_7' title="bbox 100 1574 1114 1829">
     <span class='ocr_line' id='line_1_15' title="bbox 141 1574 1114 1678; baseline 0.001 -42"><span class='ocrx_word' id='word_1_88' title='bbox 141 1575 198 1637; x_wconf 87' lang='lat' dir='ltr'><strong>Pro</strong></span> <span class='ocrx_word' id='word_1_89' title='bbox 211 1574 351 1641; x_wconf 82' lang='lat' dir='ltr'><strong>lucranda</strong></span> <span class='ocrx_word' id='word_1_90' title='bbox 368 1575 554 1678; x_wconf 75' lang='lat' dir='ltr'><strong>indulgentia</strong></span> <span class='ocrx_word' id='word_1_91' title='bbox 574 1593 636 1639; x_wconf 89' lang='lat' dir='ltr'><strong>nen</strong></span> <span class='ocrx_word' id='word_1_92' title='bbox 651 1577 759 1640; x_wconf 82' lang='lat' dir='ltr'><strong>suffieit</strong></span> <span class='ocrx_word' id='word_1_93' title='bbox 777 1596 866 1658; x_wconf 79' lang='lat' dir='ltr'><strong>opera</strong></span> <span class='ocrx_word' id='word_1_94' title='bbox 889 1579 1021 1656; x_wconf 82' lang='lat' dir='ltr'><strong>injuncta</strong></span> <span class='ocrx_word' id='word_1_95' title='bbox 1035 1593 1114 1655; x_wconf 53' lang='lat' dir='ltr'><strong>praa</strong></span> 
     </span>
     <span class='ocr_line' id='line_1_16' title="bbox 101 1663 1113 1744; baseline -0.001 -21"><span class='ocrx_word' id='word_1_96' title='bbox 101 1669 196 1732; x_wconf 83' lang='lat' dir='ltr'><strong>stare,</strong></span> <span class='ocrx_word' id='word_1_97' title='bbox 216 1663 335 1740; x_wconf 86' lang='lat' dir='ltr'><strong>adquae</strong></span> <span class='ocrx_word' id='word_1_98' title='bbox 352 1663 423 1722; x_wconf 77' lang='lat' dir='ltr'><strong>alias</strong></span> <span class='ocrx_word' id='word_1_99' title='bbox 445 1665 513 1740; x_wconf 83' lang='lat' dir='ltr'><strong>quis</strong></span> <span class='ocrx_word' id='word_1_100' title='bbox 533 1671 654 1725; x_wconf 86' lang='lat' dir='ltr'><strong>tenetur</strong></span> <span class='ocrx_word' id='word_1_101' title='bbox 680 1667 739 1726; x_wconf 88' lang='lat' dir='ltr'><strong>alto</strong></span> <span class='ocrx_word' id='word_1_102' title='bbox 762 1666 876 1740; x_wconf 89' lang='lat' dir='ltr'><strong>titulo,</strong></span> <span class='ocrx_word' id='word_1_103' title='bbox 903 1665 974 1744; x_wconf 73' lang='lat' dir='ltr'><strong>pull</strong></span> <span class='ocrx_word' id='word_1_104' title='bbox 989 1663 1113 1743; x_wconf 82' lang='lat' dir='ltr'><strong>justitiae</strong></span> 
     </span>
     <span class='ocr_line' id='line_1_17' title="bbox 100 1707 826 1829; baseline 0 -21"><span class='ocrx_word' id='word_1_105' title='bbox 100 1757 157 1810; x_wconf 90' lang='lat' dir='ltr'><strong>ete.</strong></span> <span class='ocrx_word' id='word_1_106' title='bbox 172 1707 330 1828; x_wconf 62' lang='lat' dir='ltr'><strong>daaeyelico</strong></span> <span class='ocrx_word' id='word_1_107' title='bbox 344 1746 381 1806; x_wconf 91' lang='lat' dir='ltr'><strong>de</strong></span> <span class='ocrx_word' id='word_1_108' title='bbox 395 1747 527 1820; x_wconf 79' lang='lat' dir='ltr'><strong>Quaeso.</strong></span> <span class='ocrx_word' id='word_1_109' title='bbox 519 1765 551 1807; x_wconf 93' lang='grc' dir='ltr'><strong>ιιι</strong></span> <span class='ocrx_word' id='word_1_110' title='bbox 565 1749 636 1808; x_wconf 81' lang='lat' dir='ltr'><strong>tub</strong></span> <span class='ocrx_word' id='word_1_111' title='bbox 649 1751 739 1808; x_wconf 86' lang='lat' dir='ltr'><strong>exalt.</strong></span> <span class='ocrx_word' id='word_1_112' title='bbox 754 1748 826 1829; x_wconf 70' lang='lat' dir='ltr'><strong>§.la</strong></span> 
     </span>
    </p>
   </div>
   <div class='ocr_carea' id='block_1_5' title="bbox 99 1837 1113 2343">
    <p class='ocr_par' dir='ltr' id='par_1_8' title="bbox 99 1837 1113 2343">
     <span class='ocr_line' id='line_1_18' title="bbox 140 1837 1113 1918; baseline 0 -18"><span class='ocrx_word' id='word_1_113' title='bbox 140 1837 520 1918; x_wconf 68' lang='lat' dir='ltr'><strong>lndulgentlaell’ontifiee</strong></span> <span class='ocrx_word' id='word_1_114' title='bbox 545 1837 737 1900; x_wconf 77' lang='lat' dir='ltr'><strong>eoneesonils</strong></span> <span class='ocrx_word' id='word_1_115' title='bbox 749 1841 824 1918; x_wconf 79' lang='lat' dir='ltr'><strong>,qui</strong></span> <span class='ocrx_word' id='word_1_116' title='bbox 841 1856 910 1901; x_wconf 87' lang='lat' dir='ltr'><strong>eum</strong></span> <span class='ocrx_word' id='word_1_117' title='bbox 934 1841 1113 1902; x_wconf 76' lang='lat' dir='ltr'><strong>ramaaotone</strong></span> 
     </span>
     <span class='ocr_line' id='line_1_19' title="bbox 101 1921 1113 2004; baseline -0.003 -18"><span class='ocrx_word' id='word_1_118' title='bbox 101 1935 131 1986; x_wconf 91' lang='lat' dir='ltr'><strong>et</strong></span> <span class='ocrx_word' id='word_1_119' title='bbox 141 1940 350 1985; x_wconf 69' lang='lat' dir='ltr'><strong>communione</strong></span> <span class='ocrx_word' id='word_1_120' title='bbox 363 1923 519 1984; x_wconf 82' lang='lat' dir='ltr'><strong>lleelesiam</strong></span> <span class='ocrx_word' id='word_1_121' title='bbox 532 1921 663 2004; x_wconf 78' lang='lat' dir='ltr'><strong>aliquem</strong></span> <span class='ocrx_word' id='word_1_122' title='bbox 679 1925 823 1998; x_wconf 81' lang='lat' dir='ltr'><strong>visitant,</strong></span> <span class='ocrx_word' id='word_1_123' title='bbox 837 1937 899 1985; x_wconf 87' lang='lat' dir='ltr'><strong>non</strong></span> <span class='ocrx_word' id='word_1_124' title='bbox 918 1924 1061 2001; x_wconf 77' lang='lat' dir='ltr'><strong>erigunt,</strong></span> <span class='ocrx_word' id='word_1_125' title='bbox 1079 1931 1113 1983; x_wconf 86' lang='lat' dir='ltr'><strong>ut</strong></span> 
     </span>
     <span class='ocr_line' id='line_1_20' title="bbox 101 2000 1112 2087; baseline -0.003 -14"><span class='ocrx_word' id='word_1_126' title='bbox 101 2012 228 2073; x_wconf 80' lang='lat' dir='ltr'><strong>lleeloaia</strong></span> <span class='ocrx_word' id='word_1_127' title='bbox 244 2000 382 2071; x_wconf 76' lang='lat' dir='ltr'><strong>tis&#39;itetur</strong></span> <span class='ocrx_word' id='word_1_128' title='bbox 396 2018 464 2087; x_wconf 83' lang='lat' dir='ltr'><strong>post</strong></span> <span class='ocrx_word' id='word_1_129' title='bbox 486 2011 699 2073; x_wconf 77' lang='lat' dir='ltr'><strong>coelestionem</strong></span> <span class='ocrx_word' id='word_1_130' title='bbox 721 2020 752 2073; x_wconf 87' lang='lat' dir='ltr'><strong>et</strong></span> <span class='ocrx_word' id='word_1_131' title='bbox 772 2012 1037 2085; x_wconf 67' lang='lat' dir='ltr'><strong>communionem</strong></span> <span class='ocrx_word' id='word_1_132' title='bbox 1060 2010 1112 2070; x_wconf 83' lang='lat' dir='ltr'><strong>aed</strong></span> 
     </span>
     <span class='ocr_line' id='line_1_21' title="bbox 100 2092 1112 2175; baseline 0.001 -23"><span class='ocrx_word' id='word_1_133' title='bbox 100 2096 225 2169; x_wconf 82' lang='lat' dir='ltr'><strong>suffieit,</strong></span> <span class='ocrx_word' id='word_1_134' title='bbox 241 2101 294 2163; x_wconf 85' lang='lat' dir='ltr'><strong>ut</strong></span> <span class='ocrx_word' id='word_1_135' title='bbox 310 2090 688 2157; x_wconf 84' lang='lat' dir='ltr'><strong>sivisiteturanteatatutn</strong></span> <span class='ocrx_word' id='word_1_136' title='bbox 704 2097 828 2175; x_wconf 70' lang='lat' dir='ltr'><strong>gratie,</strong></span> <span class='ocrx_word' id='word_1_137' title='bbox 842 2092 1112 2173; x_wconf 85' lang='lat' dir='ltr'><strong>dispositiotamen</strong></span> 
     </span>
     <span class='ocr_line' id='line_1_22' title="bbox 99 2177 1112 2257; baseline 0.001 -19"><span class='ocrx_word' id='word_1_138' title='bbox 99 2178 244 2240; x_wconf 86' lang='lat' dir='ltr'><strong>habeatur</strong></span> <span class='ocrx_word' id='word_1_139' title='bbox 261 2178 364 2241; x_wconf 79' lang='lat' dir='ltr'><strong>eidem</strong></span> <span class='ocrx_word' id='word_1_140' title='bbox 377 2180 426 2239; x_wconf 86' lang='lat' dir='ltr'><strong>die</strong></span> <span class='ocrx_word' id='word_1_141' title='bbox 440 2177 619 2250; x_wconf 84' lang='lat' dir='ltr'><strong>eonfitendi</strong></span> <span class='ocrx_word' id='word_1_142' title='bbox 629 2189 661 2241; x_wconf 88' lang='lat' dir='ltr'><strong>et</strong></span> <span class='ocrx_word' id='word_1_143' title='bbox 672 2180 930 2257; x_wconf 85' lang='lat' dir='ltr'><strong>eommunieandi‚</strong></span> <span class='ocrx_word' id='word_1_144' title='bbox 945 2189 980 2240; x_wconf 86' lang='lat' dir='ltr'><strong>ut</strong></span> <span class='ocrx_word' id='word_1_145' title='bbox 995 2196 1032 2239; x_wconf 82' lang='lat' dir='ltr'><strong>ex</strong></span> <span class='ocrx_word' id='word_1_146' title='bbox 1045 2180 1112 2257; x_wconf 84' lang='lat' dir='ltr'><strong>plu·</strong></span> 
     </span>
     <span class='ocr_line' id='line_1_23' title="bbox 99 2262 861 2343; baseline 0 -18"><span class='ocrx_word' id='word_1_147' title='bbox 99 2265 184 2331; x_wconf 81' lang='lat' dir='ltr'><strong>ribus</strong></span> <span class='ocrx_word' id='word_1_148' title='bbox 198 2262 342 2343; x_wconf 80' lang='lat' dir='ltr'><strong>theologis</strong></span> <span class='ocrx_word' id='word_1_149' title='bbox 354 2264 502 2325; x_wconf 85' lang='lat' dir='ltr'><strong>firmatur.</strong></span> <span class='ocrx_word' id='word_1_150' title='bbox 518 2267 591 2327; x_wconf 86' lang='lat' dir='ltr'><strong>lust.</strong></span> <span class='ocrx_word' id='word_1_151' title='bbox 605 2267 683 2326; x_wconf 87' lang='lat' dir='ltr'><strong>Eeol.</strong></span> <span class='ocrx_word' id='word_1_152' title='bbox 697 2268 748 2327; x_wconf 75' lang='lat'><strong>48.</strong></span> <span class='ocrx_word' id='word_1_153' title='bbox 765 2280 807 2326; x_wconf 84' lang='grc' dir='ltr'><strong>ιι,</strong></span> <span class='ocrx_word' id='word_1_154' title='bbox 811 2268 861 2327; x_wconf 85' lang='lat' dir='ltr'><strong>tu.</strong></span> 
     </span>
    </p>
   </div>
   <div class='ocr_carea' id='block_1_6' title="bbox 100 2353 1110 2761">
    <p class='ocr_par' dir='ltr' id='par_1_9' title="bbox 100 2353 1110 2761">
     <span class='ocr_line' id='line_1_24' title="bbox 139 2353 1110 2437; baseline -0.003 -19"><span class='ocrx_word' id='word_1_155' title='bbox 139 2356 251 2436; x_wconf 87' lang='lat' dir='ltr'><strong>Siquis</strong></span> <span class='ocrx_word' id='word_1_156' title='bbox 263 2358 373 2436; x_wconf 74' lang='lat' dir='ltr'><strong>pluries</strong></span> <span class='ocrx_word' id='word_1_157' title='bbox 392 2359 471 2419; x_wconf 88' lang='lat' dir='ltr'><strong>intra</strong></span> <span class='ocrx_word' id='word_1_158' title='bbox 481 2360 615 2421; x_wconf 83' lang='lat' dir='ltr'><strong>eamdem</strong></span> <span class='ocrx_word' id='word_1_159' title='bbox 631 2359 711 2420; x_wconf 79' lang='lat' dir='ltr'><strong>diem</strong></span> <span class='ocrx_word' id='word_1_160' title='bbox 723 2362 881 2421; x_wconf 75' lang='lat' dir='ltr'><strong>Eeeleoiam</strong></span> <span class='ocrx_word' id='word_1_161' title='bbox 899 2358 1028 2437; x_wconf 83' lang='lat' dir='ltr'><strong>aliquam</strong></span> <span class='ocrx_word' id='word_1_162' title='bbox 1039 2353 1110 2417; x_wconf 75' lang='lat' dir='ltr'><strong>visi·-</strong></span> 
     </span>
     <span class='ocr_line' id='line_1_25' title="bbox 100 2442 1110 2525; baseline -0.003 -21"><span class='ocrx_word' id='word_1_163' title='bbox 100 2444 230 2513; x_wconf 83' lang='lat' dir='ltr'><strong>laverit,</strong></span> <span class='ocrx_word' id='word_1_164' title='bbox 247 2444 278 2503; x_wconf 91' lang='lat' dir='ltr'><strong>in</strong></span> <span class='ocrx_word' id='word_1_165' title='bbox 291 2443 350 2522; x_wconf 77' lang='lat' dir='ltr'><strong>qui</strong></span> <span class='ocrx_word' id='word_1_166' title='bbox 374 2451 418 2505; x_wconf 87' lang='lat' dir='ltr'><strong>est</strong></span> <span class='ocrx_word' id='word_1_167' title='bbox 439 2445 643 2525; x_wconf 83' lang='lat' dir='ltr'><strong>indulgentia,</strong></span> <span class='ocrx_word' id='word_1_168' title='bbox 659 2454 720 2507; x_wconf 88' lang='lat' dir='ltr'><strong>non</strong></span> <span class='ocrx_word' id='word_1_169' title='bbox 738 2444 806 2506; x_wconf 82' lang='lat' dir='ltr'><strong>idad</strong></span> <span class='ocrx_word' id='word_1_170' title='bbox 825 2446 937 2525; x_wconf 80' lang='lat' dir='ltr'><strong>pluries</strong></span> <span class='ocrx_word' id='word_1_171' title='bbox 954 2442 1110 2523; x_wconf 76' lang='lat' dir='ltr'><strong>indulgeu-</strong></span> 
     </span>
     <span class='ocr_line' id='line_1_26' title="bbox 100 2528 1107 2606; baseline -0.002 -17"><span class='ocrx_word' id='word_1_172' title='bbox 100 2531 173 2589; x_wconf 89' lang='lat' dir='ltr'><strong>tiam</strong></span> <span class='ocrx_word' id='word_1_173' title='bbox 192 2530 337 2606; x_wconf 81' lang='lat' dir='ltr'><strong>acquirit,</strong></span> <span class='ocrx_word' id='word_1_174' title='bbox 349 2528 434 2606; x_wconf 78' lang='lat' dir='ltr'><strong>Juxta</strong></span> <span class='ocrx_word' id='word_1_175' title='bbox 446 2530 527 2591; x_wconf 86' lang='lat' dir='ltr'><strong>deor</strong></span> <span class='ocrx_word' id='word_1_176' title='bbox 549 2532 580 2591; x_wconf 84' lang='lat' dir='ltr'><strong>S.</strong></span> <span class='ocrx_word' id='word_1_177' title='bbox 599 2530 633 2592; x_wconf 82' lang='lat' dir='ltr'><strong>C.</strong></span> <span class='ocrx_word' id='word_1_178' title='bbox 650 2532 706 2591; x_wconf 82' lang='lat' dir='ltr'><strong>sub</strong></span> <span class='ocrx_word' id='word_1_179' title='bbox 723 2532 826 2593; x_wconf 78' lang='lat' dir='ltr'><strong>innoc.</strong></span> <span class='ocrx_word' id='word_1_180' title='bbox 840 2533 903 2592; x_wconf 84' lang='lat' dir='ltr'><strong>XI.</strong></span> <span class='ocrx_word' id='word_1_181' title='bbox 919 2531 969 2589; x_wconf 87' lang='lat' dir='ltr'><strong>die</strong></span> <span class='ocrx_word' id='word_1_182' title='bbox 988 2530 1107 2590; x_wconf 73' lang='lat' dir='ltr'><strong>lilart.</strong></span> 
     </span>
     <span class='ocr_line' id='line_1_27' title="bbox 101 2614 1109 2699; baseline 0.001 -27"><span class='ocrx_word' id='word_1_183' title='bbox 101 2614 188 2677; x_wconf 77' lang='lat' dir='ltr'><strong>toto.</strong></span> <span class='ocrx_word' id='word_1_184' title='bbox 215 2615 247 2677; x_wconf 91' lang='lat' dir='ltr'><strong>iu</strong></span> <span class='ocrx_word' id='word_1_185' title='bbox 260 2614 457 2690; x_wconf 80' lang='lat' dir='ltr'><strong>declaratione</strong></span> <span class='ocrx_word' id='word_1_186' title='bbox 471 2618 581 2691; x_wconf 79' lang='lat' dir='ltr'><strong>Quaeso.</strong></span> <span class='ocrx_word' id='word_1_187' title='bbox 598 2631 654 2696; x_wconf 85' lang='lat' dir='ltr'><strong>pre</strong></span> <span class='ocrx_word' id='word_1_188' title='bbox 677 2616 748 2677; x_wconf 80' lang='lat' dir='ltr'><strong>tub.</strong></span> <span class='ocrx_word' id='word_1_189' title='bbox 767 2617 905 2699; x_wconf 82' lang='lat' dir='ltr'><strong>acquisit.</strong></span> <span class='ocrx_word' id='word_1_190' title='bbox 923 2618 1009 2677; x_wconf 80' lang='lat' dir='ltr'><strong>Inter</strong></span> <span class='ocrx_word' id='word_1_191' title='bbox 1031 2627 1109 2693; x_wconf 75' lang='lat' dir='ltr'><strong>prae·</strong></span> 
     </span>
     <span class='ocr_line' id='line_1_28' title="bbox 100 2701 348 2761; baseline 0.008 -2"><span class='ocrx_word' id='word_1_192' title='bbox 100 2701 209 2761; x_wconf 81' lang='lat' dir='ltr'><strong>teritoa.</strong></span> <span class='ocrx_word' id='word_1_193' title='bbox 347 2724 348 2729; x_wconf 45' lang='lat'>¹</span> 
     </span>
    </p>
   </div>
   <div class='ocr_carea' id='block_1_7' title="bbox 98 2789 1110 3552">
    <p class='ocr_par' dir='ltr' id='par_1_10' title="bbox 98 2789 1110 3384">
     <span class='ocr_line' id='line_1_29' title="bbox 139 2789 1108 2871; baseline 0.004 -20"><span class='ocrx_word' id='word_1_194' title='bbox 139 2789 335 2871; x_wconf 80' lang='lat' dir='ltr'><strong>indulgentiae</strong></span> <span class='ocrx_word' id='word_1_195' title='bbox 349 2804 492 2853; x_wconf 75' lang='lat' dir='ltr'><strong>eoncessae</strong></span> <span class='ocrx_word' id='word_1_196' title='bbox 503 2793 656 2855; x_wconf 78' lang='lat' dir='ltr'><strong>Fratribus</strong></span> <span class='ocrx_word' id='word_1_197' title='bbox 668 2797 698 2855; x_wconf 83' lang='lat' dir='ltr'><strong>el</strong></span> <span class='ocrx_word' id='word_1_198' title='bbox 707 2793 865 2857; x_wconf 77' lang='lat' dir='ltr'><strong>Sororibut</strong></span> <span class='ocrx_word' id='word_1_199' title='bbox 882 2792 976 2856; x_wconf 79' lang='lat' dir='ltr'><strong>&#39;l&#39;ertii</strong></span> <span class='ocrx_word' id='word_1_200' title='bbox 989 2792 1108 2855; x_wconf 82' lang='lat' dir='ltr'><strong>Ordinis</strong></span> 
     </span>
     <span class='ocr_line' id='line_1_30' title="bbox 98 2875 1110 2959; baseline 0.001 -20"><span class='ocrx_word' id='word_1_201' title='bbox 98 2879 245 2939; x_wconf 78' lang='lat' dir='ltr'><strong>aaeeularia</strong></span> <span class='ocrx_word' id='word_1_202' title='bbox 260 2875 305 2941; x_wconf 89' lang='lat' dir='ltr'><strong>de</strong></span> <span class='ocrx_word' id='word_1_203' title='bbox 314 2878 492 2939; x_wconf 83' lang='lat' dir='ltr'><strong>Paenitential</strong></span> <span class='ocrx_word' id='word_1_204' title='bbox 510 2879 542 2939; x_wconf 88' lang='lat' dir='ltr'><strong>S.</strong></span> <span class='ocrx_word' id='word_1_205' title='bbox 555 2880 717 2954; x_wconf 72' lang='lat' dir='ltr'><strong>urrunsa,</strong></span> <span class='ocrx_word' id='word_1_206' title='bbox 730 2882 794 2942; x_wconf 80' lang='lat' dir='ltr'><strong>sive</strong></span> <span class='ocrx_word' id='word_1_207' title='bbox 805 2882 996 2959; x_wconf 73' lang='lat' dir='ltr'><strong>collegialiter</strong></span> <span class='ocrx_word' id='word_1_208' title='bbox 1011 2881 1110 2941; x_wconf 77' lang='lat' dir='ltr'><strong>viven-</strong></span> 
     </span>
     <span class='ocr_line' id='line_1_31' title="bbox 101 2962 1107 3043; baseline 0.002 -20"><span class='ocrx_word' id='word_1_209' title='bbox 101 2964 200 3035; x_wconf 86' lang='lat' dir='ltr'><strong>tibus,</strong></span> <span class='ocrx_word' id='word_1_210' title='bbox 227 2964 290 3025; x_wconf 83' lang='lat' dir='ltr'><strong>aive</strong></span> <span class='ocrx_word' id='word_1_211' title='bbox 311 2964 344 3023; x_wconf 89' lang='lat' dir='ltr'><strong>in</strong></span> <span class='ocrx_word' id='word_1_212' title='bbox 371 2962 509 3025; x_wconf 85' lang='lat' dir='ltr'><strong>domibus</strong></span> <span class='ocrx_word' id='word_1_213' title='bbox 532 2965 679 3043; x_wconf 82' lang='lat' dir='ltr'><strong>privatis,</strong></span> <span class='ocrx_word' id='word_1_214' title='bbox 701 2966 875 3027; x_wconf 80' lang='lat' dir='ltr'><strong>reformavlt</strong></span> <span class='ocrx_word' id='word_1_215' title='bbox 897 2964 1053 3035; x_wconf 77' lang='lat' dir='ltr'><strong>Pontifex,</strong></span> <span class='ocrx_word' id='word_1_216' title='bbox 1077 2974 1107 3025; x_wconf 91' lang='lat' dir='ltr'><strong>et</strong></span> 
     </span>
     <span class='ocr_line' id='line_1_32' title="bbox 99 3006 1108 3125; baseline 0.004 -18"><span class='ocrx_word' id='word_1_217' title='bbox 99 3006 257 3125; x_wconf 67' lang='lat' dir='ltr'><strong>singulas</strong></span> <span class='ocrx_word' id='word_1_218' title='bbox 250 3048 437 3118; x_wconf 82' lang='lat' dir='ltr'><strong>numeravit,</strong></span> <span class='ocrx_word' id='word_1_219' title='bbox 457 3052 571 3111; x_wconf 84' lang='lat' dir='ltr'><strong>eaeterls</strong></span> <span class='ocrx_word' id='word_1_220' title='bbox 595 3052 735 3112; x_wconf 80' lang='lat' dir='ltr'><strong>omnibus</strong></span> <span class='ocrx_word' id='word_1_221' title='bbox 752 3050 946 3115; x_wconf 74' lang='lat' dir='ltr'><strong>renuentium</strong></span> <span class='ocrx_word' id='word_1_222' title='bbox 971 3008 1053 3109; x_wconf 68' lang='lat' dir='ltr'><strong>buut&#39;</strong></span> <span class='ocrx_word' id='word_1_223' title='bbox 1070 3051 1108 3111; x_wconf 91' lang='lat' dir='ltr'><strong>de</strong></span> 
     </span>
     <span class='ocr_line' id='line_1_33' title="bbox 99 3130 1105 3217; baseline 0.003 -25"><span class='ocrx_word' id='word_1_224' title='bbox 99 3134 176 3193; x_wconf 75' lang='lat' dir='ltr'><strong>nord</strong></span> <span class='ocrx_word' id='word_1_225' title='bbox 196 3130 537 3207; x_wconf 82' lang='lat' dir='ltr'><strong>eoncessioneejusmodi</strong></span> <span class='ocrx_word' id='word_1_226' title='bbox 558 3134 821 3213; x_wconf 75' lang='lat' dir='ltr'><strong>indulgentiarum.</strong></span> <span class='ocrx_word' id='word_1_227' title='bbox 830 3130 879 3194; x_wconf 75' lang='lat' dir='ltr'><strong>Ad</strong></span> <span class='ocrx_word' id='word_1_228' title='bbox 888 3136 974 3200; x_wconf 80' lang='lat' dir='ltr'><strong>ilem</strong></span> <span class='ocrx_word' id='word_1_229' title='bbox 988 3135 1105 3217; x_wconf 75' lang='lat' dir='ltr'><strong>Pontis.</strong></span> 
     </span>
     <span class='ocr_line' id='line_1_34' title="bbox 99 3215 1106 3301; baseline 0.002 -22"><span class='ocrx_word' id='word_1_230' title='bbox 99 3221 176 3279; x_wconf 86' lang='lat' dir='ltr'><strong>Sunt</strong></span> <span class='ocrx_word' id='word_1_231' title='bbox 187 3226 286 3279; x_wconf 88' lang='lat' dir='ltr'><strong>autem</strong></span> <span class='ocrx_word' id='word_1_232' title='bbox 299 3216 465 3293; x_wconf 69' lang='lat' dir='ltr'><strong>ejusmodr</strong></span> <span class='ocrx_word' id='word_1_233' title='bbox 477 3215 805 3301; x_wconf 73' lang='lat' dir='ltr'><strong>indulgentiaplenarra</strong></span> <span class='ocrx_word' id='word_1_234' title='bbox 815 3220 1014 3292; x_wconf 73' lang='lat' dir='ltr'><strong>contemnet</strong></span> <span class='ocrx_word' id='word_1_235' title='bbox 1026 3225 1106 3283; x_wconf 85' lang='lat' dir='ltr'><strong>saera</strong></span> 
     </span>
     <span class='ocr_line' id='line_1_35' title="bbox 98 3302 999 3384; baseline 0.004 -21"><span class='ocrx_word' id='word_1_236' title='bbox 98 3302 281 3363; x_wconf 82' lang='lat' dir='ltr'><strong>Euelaaristii</strong></span> <span class='ocrx_word' id='word_1_237' title='bbox 297 3302 411 3363; x_wconf 85' lang='lat' dir='ltr'><strong>relectis</strong></span> <span class='ocrx_word' id='word_1_238' title='bbox 428 3304 464 3363; x_wconf 83' lang='lat' dir='ltr'><strong>ei</strong></span> <span class='ocrx_word' id='word_1_239' title='bbox 480 3302 547 3377; x_wconf 84' lang='lat' dir='ltr'><strong>die,</strong></span> <span class='ocrx_word' id='word_1_240' title='bbox 561 3308 619 3384; x_wconf 77' lang='lat' dir='ltr'><strong>qut</strong></span> <span class='ocrx_word' id='word_1_241' title='bbox 630 3307 766 3367; x_wconf 86' lang='lat' dir='ltr'><strong>ordinem</strong></span> <span class='ocrx_word' id='word_1_242' title='bbox 778 3304 999 3383; x_wconf 74' lang='lat' dir='ltr'><strong>ingrediuntur.</strong></span> 
     </span>
    </p>

    <p class='ocr_par' dir='ltr' id='par_1_11' title="bbox 98 3393 1105 3552">
     <span class='ocr_line' id='line_1_36' title="bbox 139 3393 1105 3475; baseline -0.001 -19"><span class='ocrx_word' id='word_1_243' title='bbox 139 3398 214 3457; x_wconf 85' lang='lat' dir='ltr'><strong>item</strong></span> <span class='ocrx_word' id='word_1_244' title='bbox 230 3396 361 3475; x_wconf 79' lang='lat' dir='ltr'><strong>plenaria</strong></span> <span class='ocrx_word' id='word_1_245' title='bbox 381 3394 538 3468; x_wconf 83' lang='lat' dir='ltr'><strong>eonlessis,</strong></span> <span class='ocrx_word' id='word_1_246' title='bbox 557 3403 588 3457; x_wconf 87' lang='lat' dir='ltr'><strong>ol</strong></span> <span class='ocrx_word' id='word_1_247' title='bbox 603 3398 813 3459; x_wconf 80' lang='lat' dir='ltr'><strong>communione</strong></span> <span class='ocrx_word' id='word_1_248' title='bbox 834 3398 950 3459; x_wconf 83' lang='lat' dir='ltr'><strong>reiectis</strong></span> <span class='ocrx_word' id='word_1_249' title='bbox 968 3396 1019 3455; x_wconf 87' lang='lat' dir='ltr'><strong>die</strong></span> <span class='ocrx_word' id='word_1_250' title='bbox 1031 3393 1105 3455; x_wconf 76' lang='lat' dir='ltr'><strong>testo</strong></span> 
     </span>
     <span class='ocr_line' id='line_1_37' title="bbox 98 3476 1103 3552; baseline -0.007 -10"><span class='ocrx_word' id='word_1_251' title='bbox 98 3482 130 3542; x_wconf 92' lang='lat' dir='ltr'><strong>S.</strong></span> <span class='ocrx_word' id='word_1_252' title='bbox 139 3481 283 3541; x_wconf 83' lang='lat' dir='ltr'><strong>Franoisei</strong></span> <span class='ocrx_word' id='word_1_253' title='bbox 293 3524 302 3551; x_wconf 85' lang='lat'>‚</span> <span class='ocrx_word' id='word_1_254' title='bbox 313 3479 390 3540; x_wconf 79' lang='lat' dir='ltr'><strong>diet</strong></span> <span class='ocrx_word' id='word_1_255' title='bbox 400 3479 534 3541; x_wconf 81' lang='lat' dir='ltr'><strong>Octobris</strong></span> <span class='ocrx_word' id='word_1_256' title='bbox 543 3484 588 3548; x_wconf 82' lang='lat' dir='ltr'><strong>.S.</strong></span> <span class='ocrx_word' id='word_1_257' title='bbox 600 3483 704 3552; x_wconf 74' lang='lat' dir='ltr'><strong>Clarae,</strong></span> <span class='ocrx_word' id='word_1_258' title='bbox 714 3482 813 3540; x_wconf 88' lang='lat' dir='ltr'><strong>Soneti</strong></span> <span class='ocrx_word' id='word_1_259' title='bbox 823 3482 953 3543; x_wconf 86' lang='lat' dir='ltr'><strong>titularis</strong></span> <span class='ocrx_word' id='word_1_260' title='bbox 960 3476 1103 3552; x_wconf 80' lang='lat' dir='ltr'><strong>Ecclesiae,</strong></span> 
     </span>
    </p>
   </div>
   <div class='ocr_carea' id='block_1_8' title="bbox 99 3558 1105 3701">
    <p class='ocr_par' dir='ltr' id='par_1_12' title="bbox 99 3558 1105 3701">
     <span class='ocr_line' id='line_1_38' title="bbox 99 3558 1105 3700; baseline -0.013 -72"><span class='ocrx_word' id='word_1_261' title='bbox 99 3565 245 3643; x_wconf 86' lang='lat' dir='ltr'><strong>oratorii,</strong></span> <span class='ocrx_word' id='word_1_262' title='bbox 258 3566 306 3627; x_wconf 86' lang='lat' dir='ltr'><strong>vel</strong></span> <span class='ocrx_word' id='word_1_263' title='bbox 326 3564 445 3643; x_wconf 81' lang='lat' dir='ltr'><strong>capellae</strong></span> <span class='ocrx_word' id='word_1_264' title='bbox 461 3563 593 3641; x_wconf 88' lang='lat' dir='ltr'><strong>ejusdem</strong></span> <span class='ocrx_word' id='word_1_265' title='bbox 607 3566 700 3624; x_wconf 87' lang='lat' dir='ltr'><strong>Tertii</strong></span> <span class='ocrx_word' id='word_1_266' title='bbox 717 3564 858 3634; x_wconf 88' lang='lat' dir='ltr'><strong>Ordinis,</strong></span> <span class='ocrx_word' id='word_1_267' title='bbox 878 3562 935 3700; x_wconf 54' lang='lat' dir='ltr'><strong>die)</strong></span> <span class='ocrx_word' id='word_1_268' title='bbox 946 3558 1105 3617; x_wconf 84' lang='lat' dir='ltr'><strong>dedicatio-</strong></span> 
     </span>
     <span class='ocr_line' id='line_1_39' title="bbox 895 3663 946 3701; baseline 0.039 -2"><span class='ocrx_word' id='word_1_269' title='bbox 895 3663 914 3699; x_wconf 70' lang='grc' dir='ltr'><strong>ὓ</strong></span> <span class='ocrx_word' id='word_1_270' title='bbox 936 3684 946 3701; x_wconf 75' lang='grc' dir='ltr'><strong>ι</strong></span> 
     </span>
    </p>
   </div>
   <div class='ocr_carea' id='block_1_9' title="bbox 0 0 1242 3975">
    <p class='ocr_par' dir='ltr' id='par_1_13' title="bbox 0 0 1242 3975">
     <span class='ocr_line' id='line_1_40' title="bbox 0 0 1242 3975; baseline 0 3"><span class='ocrx_word' id='word_1_271' title='bbox 0 0 1242 3975; x_wconf 95' lang='lat' dir='ltr'><strong> </strong></span> 
     </span>
    </p>
   </div>
  </div>
 </body>
</html>
