2475 3975
138 143 198 212 aas
334 139 470 222 Epitome
481 137 622 202 doctrtam
636 131 758 202 oraretis
769 143 797 196 et
807 137 957 196 canonico

138 245 185 306 nis
197 243 228 304 S.
240 241 341 306 llario
353 243 535 322 Angelorum
544 239 582 302 de
596 238 786 302 Portinnould
796 281 805 312 ,
815 234 978 298 dummodb
991 233 1156 296 Ecclesiam

137 329 254 410 ipsam,
268 335 326 388 etc.
343 325 448 388 devote
461 325 663 398 visitaverint,
675 334 706 386 et
718 323 756 386 de
775 339 858 383 more
867 323 1029 382 oraverint.

176 421 362 502 induigentia
376 421 506 498 plenaria
529 419 705 479 inerticula
726 417 832 480 mortis
852 414 1020 476 connitntis
1034 413 1153 474 confes·

137 507 197 580 sis,
221 518 252 569 et
271 503 632 574 communicassemus,
659 513 691 564 et
711 520 782 576 ore,
796 501 845 561 vel
865 501 891 562 si
913 516 975 565 uon
994 499 1154 579 potuerint

138 611 207 665 ore,
224 593 326 657 saltem
343 588 432 651 corde
450 606 562 652 nomen
581 589 651 649 lesu
671 587 893 660 invocantibus,

176 693 370 755 visitantibus
387 690 545 751 Ecclesiam
556 690 651 751 Tertii
664 689 809 763 Ordinis,
831 705 883 749 seat
899 685 1069 753 Oratorium
1084 684 1152 746 sive

137 779 277 857 capellam
305 777 410 838 diebus
446 776 608 837 stationum
630 777 664 836 in
681 774 790 834 idissali
813 773 947 834 Romano
974 771 1150 849 descriptis,

138 865 237 942 ibique
259 863 415 929 orantibus
432 862 470 926 de
494 880 601 934 more,
624 861 818 938 indulgentie
841 860 900 920 illae
919 859 1150 926 conceduntur,

137 968 209 1028 quas
221 948 369 1027 predictis
381 947 485 1012 diebus
497 947 651 1010 visitantes
660 946 799 1008 Ecclesias
810 945 898 1006 Urbis
909 988 917 1019 ,
928 952 958 1004 et
972 951 1149 1014 citrosam,

137 1043 373 1113 consequuntur.

175 1135 337 1207 Confessio,
350 1145 381 1196 et
394 1133 474 1196 sacri
488 1135 697 1196 communione
714 1132 830 1195 reiectis
842 1131 875 1192 in
885 1132 960 1192 sesto
969 1130 1151 1210 stigmatum

138 1220 168 1281 S.
183 1219 347 1289 Francisci,
365 1220 397 1279 S.
419 1218 558 1288 ludovici
578 1219 740 1278 Galliarum
769 1218 865 1295 regis,
890 1218 921 1277 S.
935 1215 1082 1277 Elisabeth
1100 1235 1152 1278 re-

136 1303 213 1382 ginae
232 1304 437 1383 Portugalliae,
466 1306 597 1383 itemque
620 1306 652 1363 S.
667 1301 817 1364 Elisabeth
832 1303 991 1379 {iungaris
1012 1303 1149 1379 reginae,

137 1391 168 1450 S.
184 1389 348 1467 Margaritae
358 1389 396 1458 de
409 1389 537 1452 Cortond
549 1432 558 1462 ,
572 1400 662 1466 atque
677 1388 834 1450 duodecim
857 1388 923 1446 aliis
936 1387 1005 1445 anni
1016 1387 1149 1457 feriatis,

136 1474 183 1533 vel
205 1475 361 1534 dominicis
376 1475 481 1535 diebus
492 1475 530 1534 ad
549 1473 669 1535 libitum
685 1474 847 1552 eligendis,
860 1471 919 1532 etia
936 1473 1152 1549 Superioribus

136 1555 474 1634 ordinisapprobandis,
491 1567 521 1618 et
533 1559 722 1620 visitantibus
735 1577 769 1618 ac
786 1557 958 1626 orantibus,
977 1565 1012 1616 ut
1032 1555 1149 1636 suprd,

135 1639 267 1718 quilibet
295 1657 397 1700 earum
417 1641 535 1701 dierum
554 1651 670 1722 septem
692 1659 864 1714 annorum,
881 1649 913 1702 et
929 1640 1054 1704 lotidem
1069 1661 1150 1720 qua·

137 1725 336 1804 dragenarum
350 1723 553 1806 indulgentiae.
614 1799 617 1808 g
1053 1720 1056 1726 ’

175 1835 284 1896 Itidem
298 1845 418 1897 centum
441 1835 504 1898 dics
525 1835 780 1916 indulgentiarum
797 1838 953 1898 lucrantur
970 1839 1057 1898 toties
1069 1856 1150 1917 quo-

136 1919 191 1981 ties
203 1921 394 1983 interfuerint
406 1922 519 1994 missis,
533 1929 586 1984 aut
602 1923 713 1984 divinis
732 1922 836 1984 officiis
851 1925 883 1982 in
896 1923 1021 1986 Ecclesia
1033 1967 1043 1994 ‚
1055 1934 1090 1983 ut
1101 1943 1152 1984 su·
1221 1964 1222 1969 κ

136 2006 189 2086 prh
206 2008 387 2069 celebrandis
404 2025 478 2082 ,seu
501 2009 778 2088 congregationibus
795 2009 944 2088 publicis,
959 2010 1007 2070 vel
1022 2010 1151 2087 privatis
1220 2021 1221 2032 ¹

135 2093 228 2153 Tertii
249 2092 382 2170 ejusdcm
398 2093 518 2156 Ordinis
527 2094 625 2155 ubivis
637 2094 798 2171 iaciendis3
814 2092 883 2156 ciam
897 2112 1039 2175 pauperes
1049 2093 1153 2175 hospi·

136 2178 179 2240 tio
204 2182 408 2260 susceperint,
437 2198 538 2260 pacem
559 2180 802 2259 composuerint,
828 2181 876 2240 vel
899 2182 1148 2259 procuraverint,

135 2282 257 2343 corpora
272 2267 479 2327 detunctorum
494 2284 753 2344 quorumcumque
763 2266 801 2325 nd
820 2267 1005 2344 sepulturam
1021 2270 1151 2329 cesoma-2

135 2350 254 2417 verint,
275 2358 327 2407 aut
346 2350 543 2426 processiones
560 2350 599 2411 dc
617 2351 736 2412 licentii
751 2350 900 2411 Ordinarii
915 2351 1079 2425 iaciendas,
1092 2355 1149 2419 SS.

134 2431 322 2493 Eucharistiae
334 2433 555 2494 Sacramentum
574 2444 636 2506 tam
655 2436 687 2496 in
699 2435 955 2515 processionibus,
971 2434 1061 2515 quiam
1074 2437 1150 2503 etim
1214 2507 1215 2512 ,

134 2516 171 2577 ad
187 2514 324 2577 infirmos
344 2516 498 2593 defertur,
520 2519 567 2578 val
585 2520 711 2590 saltem,
729 2521 755 2580 si
780 2520 841 2583 sint
860 2519 1014 2598 impediti,
1040 2522 1080 2582 ad
1105 2526 1150 2585 si·
1213 2561 1214 2590 t

133 2620 226 2681 guum
247 2621 397 2682 campanae
406 2603 576 2665 Orationem
592 2604 772 2667 dominicam
785 2615 815 2666 ct
831 2606 1043 2667 Salutationem
1054 2626 1150 2689 ange-

133 2693 219 2752 licam
232 2690 434 2751 recitaverint.
449 2691 524 2751 ltcm
544 2691 568 2753 si
584 2693 743 2771 quinquies
755 2692 928 2753 Orationem
941 2692 1148 2771 dominicam,

133 2788 162 2839 et
177 2776 388 2837 Salutationem
410 2778 589 2853 angelicam,
609 2779 673 2838 sive
684 2798 739 2857 pro
756 2779 891 2839 Ecclesiae
908 2780 1146 2856 necessitatibus,

132 2868 194 2927 sive
216 2880 271 2943 pro
293 2861 588 2923 defunctissratribus
603 2872 634 2923 cl
646 2866 796 2927 sororibus
807 2865 1007 2928 recitaverint.
1025 2867 1104 2927 ltem
1119 2872 1147 2931 si

133 2948 350 3029 peccantemod
374 2946 577 3026 paenitentiam
597 2948 791 3028 redegerint,
817 2949 983 3009 doctrinam
1005 2948 1147 3013 christia-

132 3054 201 3095 nam
228 3033 317 3095 rudes
347 3030 513 3093 docuerint.
528 3033 661 3097 Tandem
687 3036 804 3114 quoties
830 3052 906 3113 opus
922 3035 1003 3097 aliud
1022 3038 1145 3116 pictatis

132 3120 178 3178 vel
197 3117 347 3196 charitatis
362 3119 561 3182 exercuerint.
1205 3135 1206 3138 ’

169 3209 364 3289 Indulgentiae
383 3231 438 3291 pro
461 3215 602 3276 fratribus
622 3217 717 3277 'l'ertii
736 3215 858 3277 Ordinis
882 3219 912 3280 S.
930 3219 1079 3283 Francisei
1105 3224 1144 3285 de

130 3293 218 3351 Paula
235 3296 466 3359 concedunturd
480 3298 622 3361 Pontifice
636 3301 729 3361 instar
739 3299 800 3362 iere
812 3302 1068 3381 indulgentiarum
1087 3327 1142 3387 pro

128 3376 204 3446 illis,
219 3378 269 3451 qui
280 3378 412 3437 Tertium
424 3382 566 3445 Ordinem
577 3388 607 3447 S.
622 3386 767 3457 Francisci
780 3386 934 3447 dedssisio
944 3389 1138 3465 profitentur,

128 3465 248 3529 excepto
267 3457 354 3552 'qubd
369 3459 582 3538 indulgentiam
601 3470 764 3547 plenariam
780 3483 996 3548 consequantur
1019 3476 1140 3539 infesto

127 3532 157 3584 8.
171 3534 315 3598 Franctsei
334 3538 371 3595 de
391 3541 504 3618 Paula,
529 3552 560 3608 S.
573 3554 718 3613 Frnttcisei
741 3554 865 3627 Salesii,
884 3556 1088 3623 Dedicatiouis
1106 3565 1137 3621 S.
