2475 3975
140 177 199 240 558
325 171 465 254 Epitoarc
480 171 623 234 doctrr'aoe
638 163 762 231 aroraiis
775 175 806 229 et
816 173 963 231 ruaoaicoe

137 275 470 356 linteamiminibus
489 273 658 352 expositum
675 279 720 330 cst
738 280 954 330 sacramentum
975 267 1146 334 eucharisti-

137 379 225 432 cum,
241 370 272 424 et
290 361 443 423 oraverint
458 357 496 419 de
515 357 700 418 more..itcm
714 355 793 428 iilis,
807 371 880 432 quas
897 356 1043 417 maressit
1061 359 1146 418 lano

137 445 249 510 acatius
258 447 336 510 ΧΠ.
346 443 572 510 comitantibus,
586 457 638 501 sen
650 439 837 500 mittentibus
847 438 958 511 lacem,
970 437 1043 500 cirnn
1056 459 1148 502 sama

139 540 275 593 mentum
285 529 473 592 Eucharistie
489 525 526 586 sd
542 523 678 586 infirmos
695 520 1066 603 adoraturumque,
1080 544 1147 605 quas

139 616 304 678 concedunt
324 614 410 692 iepati
430 611 468 674 dc
485 611 598 680 latore,
614 617 647 670 et
658 608 758 669 nuntii
772 607 923 686 apostolici
937 651 947 680 ,
961 627 997 668 ac
1009 611 1146 689 Episcopi

139 698 172 758 ia
191 717 245 762 usn
265 697 500 780 pontificalium,
514 701 566 756 aui
582 695 614 754 in
632 691 839 754 benedictione
854 693 1065 771 impertienda.
1077 699 1148 756 item

140 798 327 860 perseverare
348 781 485 843 concedit
506 778 708 856 indulgentias
730 777 869 839 altarium
893 777 1148 857 privilegiatorum

140 881 194 942 pro
212 867 375 938 defunctis,
388 884 445 946 pro
458 865 567 946 quibus
579 865 671 924 etiam
683 861 783 924 ariera
798 859 901 922 statuit
911 861 983 921 alias
994 881 1150 941 quascum-
1204 922 1205 945 ,

140 965 198 1028 que
217 951 417 1032 indulgentias
429 969 485 1032 pro
504 948 580 1009 vivis
597 963 765 1018 coawsas,
786 943 859 1006 adet
877 953 913 1006 ut
930 963 986 1025 pro
1006 945 1150 1009 delimetis

141 1037 253 1114 acquiri
270 1039 404 1118 possint,
424 1035 538 1098 etiamsi
559 1032 746 1096 inBreribus
767 1046 873 1092 earum
895 1033 1031 1094 extensio
1044 1033 1086 1094 ad
1100 1034 1150 1093 de·

141 1120 257 1182 iunctos
275 1139 409 1202 expressa
427 1137 488 1182 non
506 1119 606 1181 luerit.

181 1207 340 1286 Suspendit
359 1207 449 1268 etiam
468 1213 531 1267 tolo
544 1221 580 1264 eo
593 1219 674 1264 anno
691 1201 842 1266 inanitates
860 1217 963 1264 omnes
979 1203 1153 1266 absolvendi

141 1291 285 1355 inesibus
294 1292 460 1374 apostolica
475 1289 543 1353 Sedi
558 1289 731 1365 reservatis,
742 1288 892 1352 relaxandi
906 1304 1043 1350 censuras
1053 1336 1064 1363 ,
1073 1310 1153 1352 com·

142 1378 276 1441 mutandi
289 1387 355 1442 vota
367 1389 413 1451 ,et
422 1381 453 1440 in
464 1377 507 1440 cis
518 1375 706 1456 dispensandi
718 1420 728 1447 ,
740 1382 772 1436 et
785 1373 908 1436 toiiendi
921 1376 1155 1454 irregularitate

143 1461 214 1524 aliis
235 1481 383 1528 conrasas
400 1462 556 1534 Ecciesiis,
576 1460 780 1533 monasteriis,
798 1468 856 1522 etc.
870 1460 928 1539 piis
948 1460 1041 1533 loeis,
1060 1463 1155 1540 magi·

142 1546 231 1616 atris,
249 1549 472 1624 superioribus,
498 1553 558 1610 tam
583 1543 770 1607 secularibus
788 1540 878 1624 quim
899 1544 1154 1616 mendicantibus,

143 1628 215 1688 adcd
228 1630 363 1690 utctiam
384 1639 448 1692 toto
466 1647 504 1691 eo
526 1645 606 1689 anno
620 1646 676 1690 nec
697 1628 815 1689 valeant
833 1630 935 1707 largiri
955 1627 1156 1709 indulgentias

142 1727 214 1790 quas
235 1713 368 1774 solebant
386 1713 524 1787 coronis,
538 1713 656 1793 granis,
671 1712 868 1793 imaginibus,
883 1717 914 1773 et
926 1715 1156 1775 numismatibus

143 1815 179 1858 ex
196 1801 335 1872 metallo,
350 1798 493 1863 caviac
512 1799 626 1862 bullam
645 1798 720 1863 caira
738 1815 803 1861 noa.
818 1800 932 1876 Excipit
943 1807 1045 1860 tamen
1064 1802 1158 1861 lacul-

144 1889 217 1944 tates
239 1885 473 1965 Episcopornm,
497 1893 528 1948 ct
551 1893 728 1946 ceterorum
753 1896 961 1963 supremorum
977 1883 1158 1947 antistitum

144 1968 241 2047 quood
264 1970 442 2033 dioecesanos
466 1971 498 2033 in
520 1968 556 2031 iis
577 1988 644 2049 qua
666 1968 804 2031 obtinent
823 1983 859 2030 ex
878 1969 910 2029 vi
930 1968 1102 2031 Tridentini
1125 1979 1158 2031 et

145 2054 323 2119 Pontificum
343 2055 531 2118 concessione
545 2056 577 2114 in
596 2054 702 2116 ordine
718 2055 755 2114 ad
775 2054 1003 2134 dispensandum
1017 2054 1160 2116 etabsol-

144 2139 296 2213 rendum,
321 2141 402 2223 quod
426 2142 516 2203 ctiam
539 2135 674 2202 extendit
695 2130 732 2202 ad
757 2140 892 2220 prelatos
913 2141 1063 2220 regulares
1088 2159 1160 2220 erga

144 2227 294 2303 regulares
314 2228 460 2290 subditos.

183 2310 284 2383 Quoad
307 2329 394 2393 opera
416 2314 587 2392 praescripta
605 2313 638 2374 iu
653 2309 711 2374 hoe
722 2310 843 2388 jubilaeo
856 2356 865 2383 ,
877 2319 1008 2372 menum
1019 2329 1106 2371 suam
1119 2314 1160 2374 ita

145 2395 265 2471 exponit
284 2398 417 2457 Pontifex
433 2399 464 2456 in
477 2400 529 2457 sud
544 2398 697 2477 Encyelici
717 2399 802 2460 inter
818 2395 997 2478 praeteritus,
1009 2396 1038 2476 S.
1054 2399 1089 2457 2.
1101 2400 1161 2457 Pro

144 2477 224 2535 sacri
241 2481 452 2540 communione
471 2482 605 2558 accipere
625 2500 657 2542 se
674 2482 747 2544 dicit
761 2500 822 2543 non
837 2484 1079 2543 sacramentalem
1093 2490 1162 2543 taa-

145 2562 321 2637 tummodi,
337 2563 390 2625 scd
408 2566 649 2627 sacramentalem
672 2566 761 2627 simul
775 2574 806 2627 et
821 2567 1014 2645 spiritualem.

183 2646 402 2711 consessionem
421 2652 664 2712 sacramentalem
677 2651 756 2711 inter
771 2668 859 2731 opera
871 2650 1002 2728 injuncta
1019 2652 1161 2729 reponit,

145 2730 218 2793 adeo
241 2741 275 2793 ut
293 2736 456 2797 accusaris
480 2733 604 2825 prorsirs
629 2736 686 2808 sit,
706 2736 821 2800 etiamsi
843 2745 962 2816 peccato
982 2739 1065 2816 gravi
1091 2739 1162 2817 quis

146 2826 253 2879 carent.

185 2903 293 2979 Diem,
311 2904 389 2965 intra
408 2920 499 2985 quem
520 2904 711 2967 Basilicarum
729 2906 858 2969 visitatio
880 2906 1020 2986 compleri
1044 2908 1161 2985 debet,

146 2987 275 3051 iibcrum
293 2995 339 3051 est
360 2991 492 3071 incipere
504 3035 513 3061 ,
525 2988 616 3051 sirei
630 2992 759 3068 vesperis
776 2992 836 3052 diei
857 2991 1047 3071 procedentis
1063 3012 1162 3074 usquc

145 3072 181 3131 ad
197 3076 364 3151 impertias
382 3076 555 3155 crepuscula
577 3076 728 3155 sequentis
747 3074 826 3148 dici,
846 3076 909 3137 sire
924 3074 942 3138 a
959 3074 1056 3138 medii
1069 3090 1161 3143 nocte

145 3156 181 3215 ad
200 3158 327 3223 mediam
345 3170 473 3221 noctem.
624 3164 627 3167 ’

84 3244 93 3261 ’
183 3235 241 3312 Qui
264 3244 322 3304 iter
344 3262 505 3307 romanum
521 3254 734 3323 susceperunt,
755 3248 803 3307 rei
821 3248 874 3325 qui
892 3252 1162 3326 perveneruntllo-

146 3339 245 3413 mam,
266 3334 297 3383 et
317 3326 415 3387 subitd
437 3330 668 3407 impedimenti,
690 3332 738 3390 vei
759 3332 863 3391 mortis
882 3333 1049 3393 incursione
1067 3352 1162 3413 opera

146 3411 277 3475 mJuncta
292 3414 431 3480 praestare
444 3427 506 3471 uon
519 3414 673 3472 valuerant
682 3433 692 3488 ς
702 3416 881 3476 consessione
891 3414 1019 3493 expiati,
1032 3424 1066 3478 'et
1076 3422 1162 3481 sacra

145 3487 354 3545 communione
375 3490 478 3550 relecti
493 3492 650 3567 jubilaeum
667 3497 832 3556 lucrantur.
896 3516 903 3531 ·

182 3559 343 3627 Facultates
362 3568 537 3635 absolvendi
558 3578 769 3656 accersias,
781 3589 813 3641 et
832 3581 1038 3662 dispensandi,
1054 3604 1163 3648 omues

1013 3900 1017 3902 n
1041 3886 1217 3900 mad—-
