2475 3975
243 148 269 230 ς.
284 148 321 211 ll.
342 147 387 209 lla
400 147 531 210 oratione
544 148 814 233 conternplotiouis‚
825 162 878 217 etc.
1024 158 1081 220 tttj

91 254 171 315 tiata.
189 266 253 331 quae
269 258 312 311 est
325 249 412 329 lougd
430 251 586 329 perfectior
600 250 691 331 quim
713 254 898 316 affirmativo.
919 258 986 319 llaec
1010 276 1081 319 con·

89 336 229 415 templatio
247 333 385 416 nepetino
404 334 515 395 dicitur
535 332 625 397 Claro
650 334 775 420 Caligo,
804 340 872 420 quia
895 340 934 401 ob
957 342 1080 401 nimiam

88 421 150 481 lucis
177 421 387 483 abunduntiam
409 418 574 482 intellectio
602 422 804 485 obscuratur:
830 425 1079 505 quemadmodum

89 507 130 583 qui
141 506 273 567 intuetur
289 505 380 568 solem
393 550 402 578 ‚
415 504 566 565 radiorum
578 506 693 586 fulgore
704 509 868 571 obcoecatus
881 510 957 572 nilril
970 512 1079 583 cernit,

87 590 127 649 aad
143 588 260 652 tantdm
274 589 413 667 intelligit
434 590 525 649 solem
544 607 605 652 esse
624 610 764 672 magnum
784 593 934 673 quoddam
954 595 1077 657 lumen:

87 676 125 735 ric.
140 676 218 736 Deus
238 676 271 736 in
294 673 347 735 istu
372 674 495 753 caligine
520 674 652 736 infundit
667 680 772 740 animae
796 680 893 740 lucem
915 696 1079 759 magnam,

87 777 142 835 quae
159 759 247 835 facit,
264 768 298 821 ut
314 759 363 819 illa
381 758 525 838 intelligat
540 777 601 820 non
617 760 681 837 jam
696 764 853 826 veritatem
867 764 997 844 aliquam
1011 783 1079 844 par·

87 844 246 918 ticularem‚
264 842 313 906 sed
333 844 465 923 acquirat
488 845 656 923 generalem
675 849 856 925 quamdam,
879 857 909 910 et
928 849 1079 911 confusam

27 972 28 982 a
86 930 208 991 notitiem
225 948 287 991 suoe
304 928 608 1007 incompreheusibilis
631 930 791 1007 bonitatis,
811 934 891 994 unde
910 934 1008 995 anima
1031 934 1079 994 in-

85 1014 145 1093 cipit
164 1016 321 1077 efformare
348 1013 520 1073 altissimam
537 1012 575 1072 de
593 1014 656 1073 Deo
681 1013 803 1089 ideam,
826 1017 895 1079 licet
917 1019 1078 1078 contusam.

83 1099 194 1171 Quando
216 1099 315 1161 anima
333 1095 550 1178 aliquantutum
568 1098 664 1159 noscit
685 1100 814 1179 aliquam
836 1119 873 1162 cx
891 1100 1000 1160 divinis
1013 1119 1081 1178 por·

83 1182 265 1256 factionibus,
279 1183 373 1242 altum
387 1181 507 1259 quidem
521 1192 696 1261 conceptum
710 1202 770 1245 suae
782 1184 923 1246 bonitatis
935 1185 1079 1264 concipit,

24 1328 25 1343 2
83 1268 124 1329 sed
135 1267 220 1349 longe
232 1268 338 1331 melior
354 1275 398 1327 est
409 1274 567 1347 conceptus
586 1284 676 1345 quem
695 1266 803 1330 format
818 1314 826 1342 ‚
841 1269 960 1351 quando
973 1286 1082 1349 cogno·

82 1352 127 1413 seit
147 1354 281 1415 divinam
305 1349 517 1431 perfectionem
537 1368 599 1411 non
622 1368 707 1433 possa
729 1352 951 1434 comprehendi.
974 1353 1082 1413 Scribit

85 1434 245 1499 Cordioolc's
276 1434 447 1498 Petruccius
471 1435 503 1495 in
531 1434 707 1495 doctissimis
727 1438 789 1497 suis
815 1438 982 1517 epistolis,
1006 1436 1082 1497 hane

22 1510 23 1534 ¹
82 1524 237 1589 orationem
250 1530 407 1605 propterea
426 1521 525 1583 vocari
539 1523 704 1583 orationem
727 1524 879 1603 caliginis,
894 1526 962 1604 quia
979 1525 1010 1585 in
1028 1522 1082 1583 luae

81 1607 236 1671 vitaanima
249 1623 309 1668 non
319 1612 461 1687 estcapax
474 1604 552 1667 olore
560 1606 741 1686 intelligendi
754 1608 953 1681 divinitatem,
962 1607 1041 1671 undd
1050 1610 1081 1669 iu

19 1724 21 1775 ss
82 1690 128 1763 loc
138 1702 214 1754 statu
230 1691 437 1771 iutelligitnon
450 1690 662 1771 intelligend03
673 1692 963 1773 sedintelligitlongd
974 1692 1081 1755 melrds

19 1778 22 1802 ¹
80 1778 151 1839 omui
161 1778 221 1840 alio
234 1776 324 1838 modo
333 1774 597 1853 intelligendl.Non
607 1777 922 1857 intelligit‚quia,edm
932 1782 1010 1840 Deus
1020 1795 1081 1839 non

17 1894 21 1946 3
80 1863 114 1921 sit
132 1880 178 1925 ros
198 1880 268 1943 quae
279 1862 387 1923 formet
398 1861 557 1941 imaginem
570 1866 623 1918 aut
634 1861 760 1939 liguram
771 1907 779 1933 ‚
792 1863 959 1923 intellectus
977 1864 1081 1941 nequit

17 1950 18 1993 l
82 1946 113 2014 de
131 1966 164 2010 co
183 1946 282 2009 ideam
296 1944 473 2018 efformare,
488 1952 518 2006 ct
531 1942 598 2005 idco
618 1943 695 2007 nihil
715 1945 797 2008 eliud
815 1947 974 2027 inteiligit,
990 1945 1081 2026 quim

82 2031 151 2112 qudd
170 2034 259 2096 illum
272 2047 332 2092 non
354 2029 432 2090 valet
450 2029 615 2110 intelligere
628 2051 637 2108 3
651 2040 831 2112 quapropter
847 2031 1017 2110 hujusmodi
1033 2032 1081 2091 iu·

16 2115 17 2148 r
81 2117 236 2198 telligentia
267 2123 390 2176 vocatur
414 2113 451 2175 ab
481 2115 689 2194 Areopagitas
717 2113 861 2177 Sublimis
876 2115 1003 2197 cognitio
1023 2114 1083 2174 Dei

15 2209 16 2240 l
80 2221 126 2282 per
147 2201 364 2290 ignoroutiom.
395 2201 430 2260 ln
457 2198 514 2261 hae
546 2204 680 2263 oratione
705 2201 838 2280 caliginis
861 2198 1083 2278 suspenduntur

79 2305 172 2349 omnes
188 2288 348 2350 interiores
360 2287 500 2366 potentiae
522 2287 647 2359 animae,
669 2293 700 2346 ct
719 2284 898 2364 quandoque
910 2285 1000 2345 etiam
1012 2303 1080 2346 sen·

79 2388 123 2432 sus
135 2373 317 2440 exteriores:
337 2373 377 2432 ita
397 2377 433 2432 ut
453 2370 549 2431 anima
570 2370 728 2451 aliquando
741 2367 1080 2449 ingrediaturinEfrt-ic·

14 2529 15 2538 ἵ
81 2465 162 2518 tatem
182 2453 397 2540 Spirituofeos,
419 2475 485 2536 quae
504 2455 657 2517 faciteam
677 2456 921 2538 prorumpereiu
944 2457 1079 2536 quedam

80 2543 182 2603 amoris
211 2541 340 2612 deliria,
368 2550 402 2601 ut
426 2548 551 2615 cantus,
578 2542 742 2615 clamores,
766 2540 855 2602 fletus
881 2541 1078 2611 immodicos,

79 2628 182 2698 saltus,
205 2634 236 2687 et
256 2621 303 2686 his
319 2625 442 2698 similia,
465 2626 717 2706 quemadmodum
743 2625 899 2687 eveniebat
916 2627 949 2684 S.
971 2627 1081 2688 uaria

77 2708 259 2792 liopdoleooe
276 2709 311 2772 de
327 2711 448 2772 Pozzis.

112 2801 176 2860 tto.
188 2801 259 2859 Post
270 2797 377 2876 gradm
392 2799 463 2858 istos
483 2797 552 2859 fucit
568 2797 714 2859 Dominus
733 2797 864 2859 animam
879 2795 916 2858 ad
938 2795 1080 2857 unionem

80 2885 213 2945 transire.
231 2883 340 2942 Unicus
358 2883 463 2943 animae
480 2899 584 2961 scopus
600 2882 649 2944 hie
667 2897 729 2943 esse
752 2883 860 2957 debet,
878 2883 950 2943 unio
971 2883 1081 2941 scilicet

78 2983 141 3028 cum
162 2970 245 3046 Deo;
260 2965 311 3026 sed
328 2974 362 3026 ut
374 2968 471 3026 anima
490 2967 701 3048 perfectionem
722 2969 870 3047 attingat,
891 2983 953 3026 non
972 2973 1016 3025 est
1028 2981 1080 3024 nc·

82 3052 201 3112 cessans
228 3051 301 3114 uuio
321 3051 468 3134 pesaioo3
487 3051 556 3112 satis
579 3061 624 3113 est
639 3053 685 3112 illi
700 3053 856 3134 pervenire
882 3050 919 3110 ad
940 3049 1079 3110 unionem

81 3133 212 3196 activam.
235 3136 442 3210 Paucissimaa‚
463 3137 561 3216 inquit
575 3139 608 3198 S.
631 3135 768 3199 Thermia
780 3180 790 3209 ,
806 3141 877 3194 sunt
889 3135 994 3195 animae
1004 3135 1079 3208 illm,

83 3236 145 3296 qua
163 3219 336 3300 diriguntur
354 3219 371 3281 d
393 3221 465 3292 Deo
477 3238 531 3300 per
549 3222 611 3282 vics
632 3219 896 3300 supernaturales:
919 3231 950 3280 et
970 3239 1024 3282 nos
1048 3223 1080 3282 in

81 3303 149 3363 coelo
163 3305 324 3383 permultas
339 3305 533 3385 aspiciemus,
553 3325 621 3387 quae
641 3308 706 3367 siue
723 3303 893 3384 hujusmodi
914 3308 1015 3386 gratiis
1032 3325 1082 3366 su-

83 3389 317 3462 pernaturalibus
331 3399 422 3450 erunt
434 3391 622 3470 gloriosiores
639 3390 717 3462 illis,
734 3408 800 3470 quae
817 3392 925 3470 gratias
947 3391 1017 3452 istas
1035 3388 1091 3451 re·'
1116 3400 1133 3407 ”
1206 3384 1208 3453 f

83 3479 235 3550 ceperunt.
252 3473 329 3536 Unio
339 3474 436 3536 activa
450 3483 494 3536 est
512 3477 640 3555 perfecta
654 3474 840 3534 uniformitas
856 3477 965 3534 divinae
978 3473 1084 3533 uolun-
1206 3458 1207 3485 ¹

86 3555 158 3630 tati,
187 3554 218 3617 ln
245 3574 304 3638 qua
323 3556 403 3621 certe
424 3559 558 3623 consistit
585 3566 647 3621 totu
668 3558 807 3636 perfectio
828 3557 924 3619 divini
953 3556 1085 3629 amoris;
