2475 3975
342 153 345 160 ⁴
379 141 430 204 Ea
444 141 581 225 operibus
591 139 743 203 Benedicti
751 141 841 204 XW.
1056 142 1114 204 did

149 245 181 307 Si
200 245 266 324 quis
284 245 427 306 diuturno
439 247 508 306 satis
520 252 656 322 tempore
668 244 791 323 nmiigit
808 244 914 304 eiicere
926 244 1112 317 aetnsiidei,

111 332 180 410 iipci
198 337 228 390 et
241 327 415 398 charitatis,
430 329 516 390 ilium
533 327 645 391 versari
670 329 704 390 in
722 330 854 408 periculo
877 337 995 390 aterna
1012 329 1115 390 salutis

107 417 255 478 firmatur.
272 415 348 476 ibid.
364 433 396 475 n.
414 417 464 477 11.

145 501 213 561 Nan
235 499 302 560 iicet
318 496 492 560 Christianis
512 496 689 577 degentibus
713 495 768 559 sub
781 498 945 560 i'nrcararm
967 497 1114 576 imperio,

104 585 153 644 cei
167 585 284 655 Turris,
293 583 343 662 qui
360 583 470 644 ibidem
482 591 599 663 agentes
613 591 828 645 conuertuntur
842 585 879 644 ad
889 585 991 653 fidem,
1006 583 1116 642 turcico

104 668 162 729 sibi
173 668 309 740 nomina,
324 667 371 728 vei
388 668 534 745 retinere,
554 669 602 729 vei
626 670 801 748 imponam
814 668 871 730 boe
883 669 964 730 enim
987 667 1116 746 pertinet

105 755 143 813 ad
158 761 310 813 externam
330 751 400 814 fidei
423 745 656 831 professionem,
679 755 804 814 constit.
824 756 909 821 ieter
922 751 1116 832 omnigenas,

104 839 144 898 ad
163 839 273 898 inopias
291 839 375 917 regni
387 840 514 908 serata,
539 847 570 899 et
584 839 783 899 finitimarum
797 840 976 914 regionum:
992 843 1023 897 et
1040 838 1118 900 Con·

106 923 239 1002 gregatio
257 923 431 996 universalis
455 923 661 1001 inquisitionis
687 923 719 982 in
744 923 888 1001 aasedpto
910 923 949 981 ad
973 921 1118 1000 postninta

106 1001 319 1085 Episcopoium
333 1007 544 1084 bibonensium
562 1008 643 1078 idem
655 1007 757 1069 edixit.
775 1009 819 1068 De
829 1009 903 1087 Syn.
923 1005 1016 1068 Dioee.
1031 1005 1117 1064 115.

109 1093 286 1155 ommi

148 1175 305 1237 Christiani
334 1175 372 1237 ad
400 1177 510 1238 'inrcas
530 1181 743 1256 apostatantes,
762 1175 873 1238 deinde
898 1172 1058 1236 redeuntes
1081 1171 1119 1230 ad

108 1261 218 1332 fidem,
232 1269 372 1322 tenentur
381 1279 481 1325 coram
493 1261 630 1323 fidelibus
641 1261 761 1342 publice
775 1261 913 1339 abjurare
925 1257 1116 1336 apostasiam:

109 1354 141 1406 at
160 1361 258 1404 coram
279 1344 447 1404 infidelibus
464 1363 525 1408 non
550 1355 594 1406 esi
619 1347 835 1422 necessarium,
864 1345 915 1406 sed
938 1341 1066 1413 sufficit,
1086 1348 1119 1400 ut

109 1447 210 1490 coram
223 1428 292 1507 ipsis
309 1429 474 1490 abstineant
491 1431 528 1490 ab
545 1431 658 1498 actibus
678 1429 880 1501 infidelitatis,
900 1429 1050 1508 deponant
1068 1443 1120 1484 ve·

110 1525 185 1576 stem
204 1515 427 1593 protestativam
447 1515 526 1576 salsae
546 1518 720 1597 religionis3
742 1526 773 1578 et
793 1523 917 1584 curent,
933 1520 968 1573 ut
986 1528 1118 1572 successu

111 1601 251 1680 temporis
262 1601 396 1662 infideles
419 1612 576 1680 agnoscant
596 1603 645 1664 vei
662 1603 700 1663 ab
720 1602 867 1683 ipsis,vel
880 1601 919 1660 ab
931 1599 997 1660 aliis
1013 1613 1118 1656 corum

74 1714 78 1722 ·
111 1685 328 1763 abjurationem
340 1687 432 1748 ctiam
443 1705 512 1746 cum
530 1689 662 1766 periculo
678 1689 758 1748 vitoe.
773 1690 815 1748 ita
829 1680 1120 1758 checr.S.1nqui·

109 1770 235 1832 sitionis.
248 1769 326 1849 ibid..
337 1787 371 1830 n.
383 1770 432 1829 17.
441 1771 479 1830 nt
488 1773 519 1830 in
531 1773 649 1832 decreto
663 1779 780 1831 marato
791 1768 960 1829 inarehivio
971 1769 1004 1827 S·
1019 1764 1120 1841 inqui·

109 1855 226 1920 sitionis
249 1869 310 1916 non
334 1853 443 1933 legitur
462 1852 519 1916 hcc
537 1854 788 1928 additamentum,
807 1857 1121 1918 cameracorensem

111 1938 271 2021 temporis,
288 1945 354 2009 cte„
370 1955 462 2019 quare
474 1938 512 2017 ad
527 1939 557 2011 id
576 1951 651 2002 non'
665 1956 728 2012 esse
743 1934 915 2017 obligandos
927 1932 1027 2005 fideles
1038 1930 1121 2008 addi·

112 2036 172 2086 terr.
186 2024 263 2086 ibid.
276 2042 307 2086 n.
323 2026 371 2085 18.

555 2139 686 2207 GRAECI.

155 2284 247 2349 eree
260 2288 291 2347 in
311 2287 395 2349 troiia
410 2288 549 2369 degentes
567 2290 705 2351 ordinem
728 2287 879 2367 stcscipcre
896 2303 959 2347 non
983 2288 1122 2363 possunt,

112 2375 171 2439 nisi
184 2374 221 2435 ab
229 2372 370 2456 Episcopo
383 2374 482 2438 Graeco
496 2380 593 2439 Rome
605 2378 784 2445 constituto,
802 2376 865 2435 sive
874 2374 912 2433 ab
921 2374 1013 2433 altero
1023 2371 1123 2431 Graeco

112 2460 257 2541 Episcopo
274 2459 305 2519 in
325 2460 458 2523 calabrie
479 2461 510 2523 in
526 2463 636 2542 oppido
652 2464 683 2523 S.
698 2460 847 2522 Benedicti
873 2458 970 2520 iiliani
988 2454 1123 2519 Risimia-

114 2544 214 2609 nensis
229 2543 382 2620 dioecesis,
400 2556 433 2606 ut
448 2538 722 2610 eademeadem.
741 2548 821 2609 V111
824 2588 832 2606 .
849 2546 898 2606 51.
911 2562 1001 2621 qnam
1020 2548 1051 2602 et
1062 2542 1123 2601 Be-

115 2626 249 2695 nedictus
256 2628 348 2691 XIV.
363 2630 549 2693 confirmaait
560 2632 642 2694 botta
657 2634 758 2694 57.De
770 2630 948 2709 SymDicec.
961 2627 1025 2686 11.
1037 2624 1122 2685 eii.

155 2714 340 2791 Quamquam
353 2714 424 2778 verb
439 2715 566 2778 habeant
583 2717 743 2797 aliquando
758 2717 889 2776 vicarios
901 2727 970 2773 sues
984 2706 1123 2789 apostoli·

115 2815 166 2859 cos
183 2815 219 2857 cx
233 2798 343 2859 Graecis
355 2800 532 2878 assignatos,
546 2798 643 2863 adhue
658 2810 757 2863 tamen
771 2810 802 2863 et
815 2798 950 2861 Viearius
961 2842 970 2867 ,
983 2806 1014 2857 et
1026 2793 1123 2856 caeteri

116 2882 395 3031 ὓιωιίιῖιιιάιιῑιιιοὲὸ
410 2885 609 2963 jurisdictioni
627 2886 799 2950 Latinorum
819 2885 1033 2966 cpiscoporum
1053 2878 1125 2939 sub·

117 2975 200 3027 sunt.
250 2968 259 3027 i
284 2988 339 3029 .n.
374 3014 382 3029 .

156 3052 248 3113 Gracci
262 3071 321 3114 non
336 3062 475 3119 tenentur
488 3058 518 3121 in
529 3056 672 3138 Symbola
687 3051 913 3137 pronuntiare&
927 3050 1017 3111 Patre
1029 3046 1123 3110 Filio-

117 3154 194 3219 gua,
208 3156 388 3219 quamquam
408 3144 437 3204 id
457 3144 583 3204 debeant
607 3142 737 3203 credere.
761 3142 816 3201 Ubi
835 3149 935 3200 tamen
955 3133 1034 3214 riget
1055 3154 1126 3197 con-

117 3222 264 3294 suetudo,
281 3225 358 3286 sicut
372 3230 461 3289 ctiam
474 3228 491 3290 b
505 3230 612 3291 Graecis
630 3230 661 3289 in
679 3228 914 3307 quibuscumque
924 3221 1014 3282 italiae
1033 3229 1063 3280 at
1079 3220 1125 3279 in-

117 3306 251 3367 sularum
271 3309 467 3387 adjacentium
486 3315 656 3393 regionibus
667 3310 918 3374 commorantibus
930 3351 938 3374 ,
952 3307 976 3365 si
990 3305 1027 3364 ab
1039 3303 1127 3362 Ordi-

119 3390 212 3451 nariis
225 3391 357 3456 locorum
370 3392 408 3459 ob
417 3399 545 3476 aliquam
556 3399 717 3476 legitimam
731 3413 845 3455 causam
859 3392 969 3453 suerint
981 3387 1126 3463 requisiti,

119 3474 205 3619 iliius?
226 3475 334 3621 ιῗιίοιθ
354 3483 478 3545 omninb
501 3492 652 3545 tenentur.
681 3482 749 3540 iiccc
775 3478 875 3539 omnia
899 3478 932 3536 in
960 3470 1033 3531 buli.
1057 3468 1128 3529 Etsi

149 3576 182 3619 oa
195 3576 247 3619 acc
262 3578 297 3625 aa.
