2475 3975
156 227 215 292 5111
349 223 638 309 Epitonudootn'nre
649 218 965 287 moroliseteononiccr

155 327 226 389 dee
236 326 357 391 clericos
367 327 384 390 1
395 328 526 403 Divinis,
538 327 595 388 uti
609 327 683 388 S.C.
694 325 826 386 decisum
836 324 974 386 traditur.
988 325 1033 386 lie
1043 325 1171 406 Synodo

154 411 326 474 Dioeoosaua
337 412 392 474 lib.
406 415 454 476 11.
468 429 531 489 cap.
545 412 575 472 8.
592 429 678 471 num.
692 412 723 471 5.
737 409 824 484 Quod
841 407 916 470 adeo
934 425 1040 470 varum
1052 420 1122 482 est,
1135 420 1171 470 ut

154 498 238 560 nullo
250 497 320 575 juro
335 497 477 577 obstringi
495 496 587 574 possit
603 496 641 555 ad
651 513 769 555 causam
778 492 843 571 ejus
857 493 1058 571 suspensionis
1065 496 1170 555 muni·

153 581 326 642 testandam.
343 583 395 642 Fas
405 591 449 641 est
463 590 562 641 tamen
576 597 630 640 reo
643 579 777 658 querelas
789 575 1089 651 tantummoddsuas,
1105 596 1168 639 non

153 669 377 746 appellationem
390 666 458 725 Sodi
477 665 644 744 apostolicae
653 681 819 742 exponere,
831 672 866 723 ut
884 666 1118 742 exrespousost
1130 667 1166 725 C.

154 752 291 812 traditur.
302 751 346 811 lb.
359 769 389 810 ιι.
402 752 433 811 1.
447 753 490 811 Ex
499 768 558 830 quo
575 751 628 825 tit,
641 757 676 810 ut
685 750 739 809 etsi
748 765 817 809 reus
828 747 1055 826 appellationem
1066 750 1167 808 inser,

153 835 300 912 posuerit,
318 836 342 894 si
369 835 493 896 iuterim
511 834 647 895 ordinem
668 851 756 893 suum
780 832 956 894 solemniter
974 835 1165 906 exercuerit,

153 919 295 981 continuo
307 919 553 1000 irregularitatem
566 920 708 980 incurrat.
718 916 763 978 lb.
774 934 807 977 ιι.
818 918 849 978 b.

191 1018 316 1093 Clerici,
337 1029 496 1098 antequam
522 1019 698 1080 ordinentur
716 1019 749 1078 in
775 1018 884 1096 sacris,
902 1017 1035 1080 studium
1057 1021 1165 1085 saltem

154 1101 321 1186 Theologioe
342 1107 461 1172 lloralis
482 1105 662 1184 promittere
696 1112 856 1178 tenentur,
877 1104 918 1164 ita
943 1104 1025 1172 euim
1050 1106 1166 1169 intelli-

154 1193 247 1268 genda
259 1202 303 1252 cst
317 1192 429 1252 sanctio
439 1191 573 1250 Trident.
588 1207 659 1250 sess.
672 1191 722 1250 23.
735 1210 763 1260 c.
782 1190 831 1249 11.
845 1188 1005 1268 injungens
1026 1197 1062 1251 ut
1079 1194 1166 1255 ordi·

153 1278 244 1338 nandi
256 1276 298 1340 od
314 1275 462 1360 populum
479 1275 641 1346 docendum
659 1295 714 1348 eo,
730 1293 797 1356 quor
816 1269 890 1336 sorbo
912 1275 1049 1346 omncboo
1066 1297 1165 1341 neom·

152 1363 268 1424 somam
280 1371 324 1424 cst
341 1363 382 1424 ud
401 1358 528 1424 salutem
539 1407 548 1436 ,
560 1381 595 1422 oc
611 1359 653 1430 od
670 1360 871 1424 ιιιίιιίιιιαιιιια
885 1360 1078 1422 Sooromcmo
1097 1363 1164 1425 ido·

153 1444 203 1506 nei
216 1445 455 1528 comprobandum
470 1457 558 1527 atque
576 1445 634 1507 hoc
651 1446 819 1524 injunctum
836 1444 911 1506 csta
932 1445 1044 1506 Bened.
1062 1449 1163 1509 XIII.
1228 1518 1229 1523 .

153 1531 358 1592 confirmando
370 1533 482 1592 bullam
496 1529 658 1610 Apostolioi
664 1530 824 1591 miuisters'i
833 1538 886 1590 eto.
898 1529 995 1590 datam
1007 1548 1063 1608 pro
1074 1533 1165 1592 reson
1228 1538 1229 1593 l

152 1615 282 1675 motione
291 1615 362 1673 oleri
377 1617 523 1691 Hispaniae
534 1658 542 1686 ,
553 1624 583 1674 et
595 1615 746 1693 tamquam
758 1632 895 1676 normam
907 1632 962 1693 pro
973 1615 1037 1675 aliis
1049 1616 1164 1695 episco-
1228 1612 1229 1617 ’

151 1697 278 1777 palibus.
288 1700 360 1759 inst.
376 1698 455 1758 Eccl.
465 1699 495 1758 1.
508 1717 539 1759 n.
552 1698 583 1758 1.
595 1708 626 1760 et
639 1700 669 1763 b·

189 1799 294 1862 Clerici
312 1799 469 1868 ordinandi
487 1801 520 1862 in
541 1801 631 1862 sacris
648 1799 772 1880 cogendi
794 1808 866 1871 sunt
890 1803 928 1864 ad
954 1801 1163 1882 premittenda

151 1886 289 1946 exercitia
302 1887 465 1968 spiritualia
479 1885 582 1948 decem
601 1887 739 1963 dierum,
755 1895 790 1948 ut
804 1888 877 1951 olim
886 1888 1034 1967 Episcopis
1046 1890 1161 1963 talin,
1228 1896 1229 1901 ’

194 1973 359 2036 insularum
381 1971 579 2051 adjacentium
596 1972 746 2035 mandavit
764 1974 796 2034 in
813 1975 959 2053 encyclica
978 1977 1084 2037 innoc.
1098 1979 1160 2049 XI,

156 2066 183 2121 et
199 2058 417 2122 innovavitalia
427 2059 574 2137 encyclica
590 2054 721 2119 Clemens
732 2058 1159 2124 X1.lnst.licclcs.lbl.n.li.
1228 2119 1229 2144 ,

190 2153 257 2213 llou
273 2152 361 2217 debet
373 2152 533 2232 Episcopus
550 2150 776 2229 praeciperent
794 2150 891 2217 clerici
905 2152 1072 2215 minoribus
1084 2158 1162 2217 ordi·
1228 2177 1229 2236 j

152 2238 240 2301 nibus
264 2239 394 2311 initiati,
418 2238 466 2299 vel
491 2238 581 2307 etiam
602 2236 765 2315 maioribus
780 2234 1027 2315 subdiaconatus,
1051 2250 1110 2301 etc.
1123 2243 1160 2308 od
1228 2253 1229 2310 ἕ

150 2340 248 2385 sacros
260 2324 379 2387 ordines
395 2324 570 2397 ascendant,
583 2324 700 2386 etiamsi
719 2322 751 2383 id
769 2320 853 2387 tacite
870 2325 1031 2391 constituat
1047 2326 1085 2389 ad
1098 2328 1161 2387 eui·⁴

150 2409 238 2470 tanda
260 2408 395 2471 scandala
422 2408 575 2469 minorum
599 2409 797 2481 clcrieorum‚
816 2408 868 2488 qui
891 2409 953 2471 otio
977 2417 1008 2471 et
1025 2411 1106 2472 vitiis
1128 2432 1161 2473 so
1228 2453 1230 2520 p

149 2490 281 2566 deduut3
300 2490 332 2551 id
347 2490 428 2549 enim
446 2490 645 2553 ecclesiasticae
666 2493 828 2572 disciplinae
845 2501 1001 2572 repugnat.
1021 2497 1067 2556 De
1086 2498 1158 2577 Syn.
1228 2525 1229 2566 a

112 2642 116 2653 ,
150 2575 244 2637 Dima.
266 2574 332 2637 bib.
350 2576 400 2637 ta.
426 2592 453 2635 e.
471 2576 502 2636 1.
522 2593 556 2635 n.
576 2576 894 2638 ardmorensem
914 2588 977 2653 est,
992 2580 1016 2639 si
1037 2582 1159 2657 quidem

150 2661 255 2722 clerici
273 2662 394 2722 nullum
408 2658 586 2722 beneficium
598 2662 826 2722 ecclesiasticum
839 2662 1014 2738 obtineant,
1028 2666 1075 2725 vel
1088 2666 1160 2728 obti-

151 2756 240 2809 neant
254 2748 376 2825 quidem
399 2747 598 2820 beneficium,
611 2748 663 2808 sed
678 2766 739 2809 uon
751 2764 788 2809 ex
801 2748 861 2809 illis
872 2792 882 2820 ,
894 2750 1002 2828 quibus
1011 2768 1159 2815 annexum

150 2842 194 2897 ost
210 2850 284 2893 onus
296 2832 474 2909 suscipiendi
490 2850 586 2893 sacros
601 2834 733 2895 ordines.
747 2834 793 2894 lb.
812 2853 844 2893 n.
858 2836 887 2893 5.
904 2836 962 2909 Qui
981 2837 1063 2897 euim
1082 2838 1158 2899 obli·
1228 2899 1229 2902 ,

150 2920 298 3000 gationem
317 2914 462 2976 beneficio
479 2933 534 2975 suo
552 2934 697 2977 annexam
716 2918 924 2995 neglexerunt,
938 2918 1083 2979 beneficio
1096 2926 1159 3000 pri·

150 3013 269 3065 vautrrr.
282 3004 325 3063 Ex
336 3000 418 3066 Trid.
434 3018 497 3079 cap,
513 3002 562 3068 11.
578 3019 649 3061 sess.
667 3004 716 3061 at.
730 3002 767 3061 de
788 3002 865 3072 Rei,
878 3003 935 3061 nisi
957 3009 1057 3063 tumen
1076 3003 1158 3081 justo
1228 3041 1229 3080 ι

150 3091 363 3169 impedimento
380 3086 509 3148 excusari
529 3087 652 3166 possint.
663 3086 707 3147 lb.
722 3104 755 3146 n.
767 3088 796 3147 6.
808 3088 911 3148 saltem
927 3085 1157 3155 dummodbboo
1228 3105 1229 3116 ¹

149 3176 395 3251 impedimentum
405 3171 444 3233 ab
454 3172 514 3235 illis
525 3172 684 3252 praevisum
696 3190 756 3239 nou
772 3172 881 3248 luerit,
895 3181 1054 3252 antequam
1066 3174 1156 3240 bene·

149 3258 250 3341 ficium
262 3258 439 3339 acceperint.

146 3358 340 3497 lbiincipitur
359 3367 459 3421 tomen
482 3360 539 3422 nisi
570 3360 657 3423 aliter
680 3365 818 3441 exposcat
839 3329 1153 3431 necessitas'ncclcstc.

184 3478 191 3494 .
205 3456 237 3495 n.
274 3479 283 3497 ο

184 3532 374 3625 Sacerdotum
394 3545 520 3615 penuria
544 3564 606 3608 uon
632 3550 702 3609 satis
723 3555 769 3609 est
790 3564 903 3622 causae,
923 3557 959 3610 ut
980 3550 1077 3611 clerici
1097 3552 1155 3613 illi-

146 3609 232 3666 teratr
247 3616 285 3671 acl
303 3634 401 3677 sacros
422 3624 543 3687 ordines
567 3641 823 3707 promoveantur,
839 3641 874 3693 ut
891 3631 909 3693 d
928 3636 959 3693 S.
982 3636 1017 3695 C.
1032 3635 1152 3697 Consilii
