2475 3975
242 266 247 275 .
293 255 296 264 »
364 212 414 275 Ee
425 210 561 296 apiatas
572 209 725 275 Beraedieta'
734 215 823 277 XIV.
1039 218 1097 279 lib

90 317 130 379 lis
152 312 363 385 hebdomadis,
386 315 574 377 currentibus
592 315 709 394 populis
730 313 750 376 ὸ.
768 314 892 380 viciniis.
919 316 1098 378 Posteriores

90 403 141 463 isti
167 403 192 461 si
210 399 341 461 incidant
361 400 393 461 in
413 400 523 464 sestam
541 400 582 461 de
600 409 769 479 praecepto,
793 400 987 462 tramlerendi
1015 411 1095 462 stant.

91 487 209 551 Priores
220 483 292 545 verb
311 501 371 545 non
387 493 475 559 sunt3
488 484 623 563 quamvis
635 484 782 563 apothecas
795 484 829 545 eia
842 485 890 544 die
908 486 1095 557 claudendae,

91 570 168 631 sieut
182 586 238 630 nee
258 577 425 635 contractus
451 568 518 629 lieri
537 577 656 647 oportet
668 569 848 640 ,matutinis
873 579 902 629 et
916 571 1101 649 Vesper-ainis

89 653 174 715 horis
196 654 303 733 quibus
324 653 423 714 divina
445 653 539 714 officia
558 655 591 714 in
613 653 738 713 Ecclesia
759 654 953 715 celebrantur.
980 657 1021 715 lta
1043 672 1098 732 pro

91 739 206 801 ditione
220 737 413 809 ecelesiastica,
429 738 518 819 jussit
536 737 713 810 Benedictus
721 740 772 807 XI
777 740 812 803 V.
828 739 864 806 in
875 740 993 803 constit.
1008 738 1053 801 Ab
1065 756 1098 801 aa

93 830 232 906 ternpore,

343 994 480 1057 euitat
498 994 835 1057 uouasrnntonulr.
886 1006 887 1009 ’

130 1160 248 1235 Oblati,
262 1169 294 1225 et
310 1162 362 1241 qui
375 1164 483 1224 Donati
502 1165 711 1244 appellantur,
737 1164 873 1245 quamvis
884 1180 945 1225 non
956 1163 1016 1225 sint
1028 1164 1098 1225 reli·-

90 1246 165 1325 giosi
179 1290 188 1317 ,
201 1248 225 1306 si
242 1256 340 1307 tamen
353 1247 431 1311 bona
450 1267 522 1323 sua,
537 1268 576 1311 ne
592 1250 717 1311 minimi
730 1249 850 1327 quidem
864 1258 948 1327 parte
959 1248 1077 1326 excepta
1085 1293 1096 1325 ‚

89 1330 188 1409 quoad
207 1332 440 1411 proprietatem,
457 1342 488 1397 et
500 1334 717 1396 usumfructum
740 1334 800 1393 sibi
818 1350 881 1395 non
898 1333 1097 1407 retinuerint,

89 1416 141 1476 sed
153 1417 361 1479 transtulerint
375 1418 408 1477 in
421 1420 633 1486 monasterium
644 1427 732 1489 ,sunt
740 1436 872 1499 personae
881 1418 1096 1490 ecclesiasticas,

89 1500 219 1578 gaudent
228 1501 384 1579 privilegio
393 1501 468 1574 sori,
479 1511 509 1563 et
521 1504 709 1569 immunitate
721 1504 758 1563 ab
771 1503 972 1565 exactionibus
980 1504 1100 1562 saecula·

87 1585 183 1645 ribus.
197 1582 310 1655 Verium
324 1584 600 1656 utsuhtrabanturia
611 1586 817 1665 jurisdictione
830 1588 963 1666 Episcopi
976 1598 984 1659 ,·
998 1586 1098 1664 requi·

88 1671 189 1740 nitur,
209 1676 245 1727 ut
260 1676 328 1729 actu
350 1670 512 1731 inserviant
529 1691 590 1732 suae
609 1672 768 1751 religioni,
793 1680 826 1733 ut
842 1670 902 1733 late
920 1672 1005 1735 donet
1020 1672 1105 1753 Pon-¹¹

89 1754 175 1827 tifex,
187 1753 233 1812 De
245 1752 359 1827 synod.
371 1752 489 1822 dioeces.
502 1756 556 1814 tib.
570 1758 600 1814 6.
615 1774 679 1831 cop.
697 1758 726 1816 5.
742 1769 775 1815 nt
787 1757 818 1816 l.

169 1894 172 1897 ’
486 1920 709 1983 onsanamx.

101 2147 108 2154 .
129 2095 246 2156 Debent
261 2090 432 2156 obstetrices
452 2090 623 2172 diligentiis
638 2092 799 2156 examinari
822 2092 1003 2173 aparoeho,
1024 2095 1102 2160 niam-

91 2182 185 2244 seiant
197 2199 248 2256 en,
263 2197 329 2259 quae
339 2179 576 2250 neeessariasunt
586 2179 624 2238 ad
634 2181 664 2240 S.
681 2179 861 2256 baptismum
875 2182 1096 2244 eonferendum.

91 2270 282 2334 Tuneautem
293 2264 317 2324 si
331 2263 561 2342 baptizaverint,
574 2265 605 2323 in
621 2265 732 2343 templo
745 2265 917 2342 supplendae
927 2277 997 2326 sunt
1010 2286 1098 2329 ctare·

91 2351 227 2426 monice,¹
239 2368 299 2410 non
323 2357 420 2408 tamen
442 2348 498 2407 sub
515 2348 686 2418 conditione
703 2349 855 2411 iterandus
871 2358 915 2408 ost
935 2351 1097 2429 baptismus

90 2433 349 2506 indiscriminatim
362 2451 399 2493 ex
419 2450 476 2506 eo,
494 2431 579 2510 quid
595 2433 633 2501 ab
653 2434 825 2506 obstetrice,
839 2435 945 2496 aliisve,
953 2437 1098 2497 similibus

91 2523 201 2581 tinctus
213 2519 251 2578 sit
262 2536 355 2597 puer,
373 2517 424 2588 sed
436 2518 667 2597 inquirendum,
682 2519 829 2596 numquid
848 2518 963 2598 aliquid
973 2539 1099 2586 neeessa-

91 2602 172 2665 riam
189 2604 354 2668 omiserint.
367 2604 499 2665 institut.
516 2604 593 2665 Ecel.
606 2604 637 2663 8.
653 2621 684 2662 n.
696 2605 726 2662 6.

409 2773 588 2838 OFFICIUM
603 2772 780 2834 ntvlttuu.

124 2946 164 3005 dn
186 2943 357 3006 recitatione
378 2943 474 3004 divini
495 2942 583 3004 officii
604 2961 660 3022 pro
678 2942 776 3021 aliqud
798 2943 903 3004 morali
925 2943 1098 3006 difficultate

90 3026 488 3179 (Ιίξίξῗέῑῖιὲἶίῧοοωωυωω
509 3036 607 3106 potest
627 3025 722 3104 maj0r
745 3027 996 3091 Poenitentiarins.
1015 3031 1098 3098 Bulla

470 3247 473 3254 ’
515 3281 670 3344 enarro.

130 3451 323 3530 indulgentie
339 3436 403 3529 jam
416 3471 558 3515 concesse
579 3471 636 3531 pro
661 3451 845 3514 orationibus
860 3471 912 3514 seu
934 3451 1098 3525 vocaliter,

92 3553 144 3595 seu
161 3537 346 3610 mentaliter,
363 3539 578 3599 confirmantur
601 3538 633 3596 in
646 3537 726 3596 bulla
739 3581 747 3609 ‚
760 3534 1019 3612 Quemodanodum.

131 3619 189 3696 Qui
202 3619 291 3682 rudes
302 3619 437 3682 homines
454 3619 645 3702 prensandi,
665 3637 717 3682 sen
736 3617 1101 3766 meditand5i5exercitatio·

1158 3838 1209 3884 A
