2475 3975
127 154 187 218 ili
309 149 599 237 Epitomedoclriaoe
610 148 733 212 moralia
752 143 940 210 atcunonieoe
1215 15 1222 335 Ι

522 341 629 401 sesti
645 339 745 400 illes,
1217 352 1222 478 1

166 514 262 593 Opera
272 513 388 574 servilia
399 509 504 573 diebus
519 511 599 570 iestis
616 507 835 588 prohibentur,
853 523 893 568 ne
906 507 1058 569 ruralibus
1070 513 1137 588 qui·

127 597 196 660 dem
213 597 363 678 exeeptis3
385 595 589 658 conceduntur
606 601 731 667 tamen,
754 597 779 655 ai
795 603 899 672 urgeat
913 612 1003 668 aera,
1024 605 1056 654 et
1074 615 1135 656 non

127 683 258 744 affectata
289 682 454 742 necessitas.
474 680 614 740 dilectata
647 679 720 742 verb
745 680 795 740 ilia
822 679 992 756 diceretur,
1019 679 1051 739 in
1077 685 1136 759 quaa

126 785 233 845 opera,
256 783 322 844 que
348 766 454 827 diebus
479 765 713 844 praecedentibus
734 765 800 825 lieri
821 769 965 843 possent,
992 763 1029 822 ad
1056 765 1136 825 diem

126 851 232 912 testum
242 852 484 912 transferrentur.
498 849 626 911 Petenda
641 857 685 910 eet
695 847 818 932 mancei
831 848 990 927 Superiora
997 849 1134 921 incultas,

127 935 234 1014 siquid
251 935 385 1016 insurgat
402 936 592 997 necessitatis.
606 936 686 994 Hane
699 935 771 995 veria
783 934 953 994 facultatem
972 932 1046 993 dare
1061 934 1137 994 solet
1220 950 1222 962 ’

129 1021 289 1101 Episcopus
314 1020 451 1100 parocbia
471 1021 622 1081 ruralibus
643 1021 675 1080 in
695 1021 802 1095 ordire
820 1017 858 1078 ad
876 1031 966 1095 opera
988 1021 1134 1097 agrestia,
1219 990 1222 1083 i

128 1105 226 1182 qualia
240 1123 271 1165 se
285 1104 428 1166 baberent
444 1106 577 1166 oneratio
590 1105 811 1185 plaustrorum,
829 1101 963 1164 collectio
976 1102 1096 1182 frugum
1107 1113 1138 1164 et

128 1191 300 1264 studeam,
323 1189 445 1251 herbam
463 1207 581 1263 secare,
605 1189 745 1270 colligere
760 1189 896 1259 loenum,
919 1189 1039 1265 quande
1058 1192 1137 1269 peri·

128 1275 228 1336 culum
248 1277 384 1336 imminet
400 1293 478 1336 vere
502 1276 710 1356 tempestatis,
728 1275 776 1336 vel
792 1273 913 1353 querula
931 1272 981 1332 die
1002 1277 1138 1352 sequenti

128 1361 327 1421 transferenda
344 1371 413 1422 sunt
429 1362 461 1421 iu
478 1360 649 1434 civitatem,
673 1379 728 1422 nee
744 1368 843 1440 posset
865 1358 896 1419 id
910 1357 1063 1436 commode
1079 1360 1138 1420 dil'·

131 1445 214 1506 ierri.
230 1447 325 1506 instit.
338 1449 446 1508 eccles.
462 1446 510 1505 tt.
526 1463 558 1506 n.
571 1447 621 1507 53.
639 1454 696 1508 ete.

166 1531 316 1589 iloiilorea
330 1549 390 1590 nen
412 1539 533 1609 possunt
552 1532 702 1593 molitioni
725 1532 918 1594 incumbere.
933 1529 1050 1591 etiamst
1069 1549 1139 1593 me

128 1611 281 1672 lendinum
315 1615 410 1692 aqui,
427 1636 479 1678 seu
500 1617 668 1693 jumentis,
693 1634 745 1676 seu
774 1625 866 1678 vento
890 1613 1049 1691 salvatum
1074 1632 1139 1679 noa
1218 1558 1222 1687 1

127 1705 269 1776 possunt,
292 1704 436 1782 inquam,
461 1702 572 1764 seclusa
611 1701 847 1774 consuetudine,
873 1704 922 1769 vel
936 1703 1137 1763 necessitate:

128 1801 195 1861 quie
223 1791 378 1850 necessitas
404 1789 428 1848 si
458 1789 561 1857 adsit,
596 1786 630 1849 iu
658 1787 776 1848 dioeeesi
800 1789 979 1850 Bononiensi
1015 1786 1140 1848 laoulms

129 1870 217 1932 noni
231 1874 377 1954 parocho,
398 1874 450 1936 scd
472 1871 582 1934 beurid
606 1870 844 1952 archiepiscopali
863 1873 1045 1936 conceditur.
1059 1873 1139 1935 ibid.

129 1971 162 2015 n.
177 1957 225 2020 57.
1027 1965 1030 1968 ’

168 2042 291 2107 Piscatia
307 2047 387 2107 inter
402 2062 490 2126 opera
505 2043 624 2106 servilia
638 2044 689 2104 die
702 2044 777 2104 iesto
797 2045 889 2105 uetita
904 2046 1057 2107 referenda
1067 2053 1116 2106 est
1132 2065 1144 2122 ς

129 2128 153 2187 si
172 2138 271 2193 tamen
288 2133 441 2194 necessitas
455 2138 558 2212 urgeat
576 2130 733 2209 piscandi,
751 2128 787 2191 ed
805 2130 886 2208 qudd
899 2133 981 2193 statis
993 2134 1063 2191 anni
1074 2133 1145 2192 die-

128 2212 184 2273 bus
196 2214 248 2276 fiat
263 2218 404 2278 transitus
417 2218 541 2297 piscium
555 2261 563 2288 ‚
576 2234 636 2294 quo
649 2217 747 2293 elapso
764 2216 906 2291 temporis
917 2217 1041 2277 articulo
1050 2216 1145 2294 pisea-

128 2298 172 2358 tio
195 2316 298 2360 eorum
315 2303 396 2361 nulla
412 2304 518 2373 lieret,
533 2310 605 2361 tune
617 2299 794 2379 pauperibus
821 2299 1016 2378 piscatoribus
1034 2302 1145 2361 datum
1220 2331 1222 2416 p

128 2390 193 2453 est,
214 2392 248 2441 ut
261 2386 344 2461 operi
357 2386 400 2445 illi
414 2386 585 2445 incumbere
598 2386 711 2463 possint
725 2428 734 2457 ‚
754 2382 918 2445 dummodb
936 2385 968 2443 id
990 2402 1052 2445 non
1062 2405 1146 2464 prae-
1220 2421 1221 2426 κ

127 2474 206 2529 stent
219 2468 268 2529 die
281 2472 448 2532 Nativitatis
464 2472 608 2542 Domini,
626 2468 821 2550 Epiphaniae,
840 2471 1005 2541 Poematis,
1028 2474 1145 2533 Ascen-

127 2552 239 2629 sionis,
254 2556 456 2633 pentecostes,
471 2568 501 2619 et
526 2557 666 2636 Corporis
680 2556 809 2633 Christi,
827 2554 911 2633 juxta
930 2574 963 2616 ae
980 2556 1054 2617 olim
1067 2576 1146 2619 eon-

127 2642 306 2783 pessumiuit
321 2642 544 2704 Treuirensibus
565 2643 603 2703 ab
625 2637 794 2702 Alexandro
810 2641 874 2702 111.
893 2644 937 2702 De
952 2644 1024 2721 Syn.
1041 2644 1142 2705 Dieee.

143 2726 215 2785 Aa.
228 2742 255 2784 e.
272 2728 322 2785 18.
335 2746 366 2785 n.
385 2730 435 2788 lli.

566 2898 686 2959 FIDES.

166 3069 255 3131 Actus
273 3070 372 3142 Fidei,
388 3071 455 3150 Spei
470 3074 499 3131 et
519 3066 675 3133 eharitatis
688 3070 799 3133 debent
811 3092 866 3152 per
889 3072 1022 3135 accidens
1044 3074 1144 3149 elici,

126 3150 194 3213 eiam
210 3156 307 3233 aliqua
324 3158 485 3216 tentatione
503 3170 665 3233 urgemur,
679 3174 733 3217 nee
743 3158 824 3219 iiiam
835 3176 973 3237 superare
986 3156 1144 3237 valemus,

125 3238 182 3295 nisi
199 3238 324 3299 efficacii
339 3242 459 3302 illorum
476 3249 606 3301 actuum.
619 3242 717 3301 instit.
732 3244 840 3303 becles·
856 3246 906 3303 72.
922 3260 954 3303 n.
966 3246 1016 3305 20.

163 3322 230 3379 Non
247 3323 354 3383 sufficit
371 3324 407 3383 ad
436 3325 586 3402 implenda
605 3326 662 3384 tria
682 3326 737 3386 isla
760 3338 923 3407 praecepta,
941 3346 993 3389 seu
1009 3326 1146 3394 charitas
1220 3347 1221 3354 ’

124 3400 277 3471 virtualis,
295 3421 361 3478 quae
387 3407 418 3465 iu
435 3408 625 3490 obsequendo
650 3409 760 3469 divinis
778 3414 933 3490 praeceptis
957 3424 1145 3491 exercetur,

124 3492 178 3563 nee
191 3483 279 3570 etiam
303 3485 545 3559 edoceremus,
568 3500 602 3551 ut
618 3511 654 3552 ex
674 3494 809 3570 pluribus
831 3496 978 3557 daannatis
1000 3504 1147 3581 proposi·
1220 3507 1221 3510 ’

125 3558 255 3617 laombus
273 3562 421 3623 firmatur.
436 3570 533 3632 lastis.
548 3576 656 3635 Eccles.
668 3579 717 3636 72.
734 3596 764 3636 n.
781 3581 830 3643 20.
