2475 3975
131 178 190 239 tto
344 174 483 259 Epitootc
498 175 639 239 66666666
653 174 774 240 moralis
788 182 817 238 ct
827 175 972 237 66666666

411 360 586 422 vicimus
606 361 864 427 capitulatus

169 546 295 610 Eoclcsii
312 550 434 609 vacante
455 552 518 606 tota
543 546 679 624 Episcopi
709 542 875 622 jurisdictio
905 548 1074 609 devolvitur
1100 550 1142 611 66

130 632 293 709 capitulum
324 628 497 691 cathedralis
517 631 652 691 Ecclesiae
683 638 875 709 pertextam
902 633 933 692 in
965 652 1029 712 cap.
1056 634 1140 703 His,

130 736 223 799 qrtoe,
245 727 277 779 ct
297 735 361 796 cap.
397 714 471 777 0666
494 712 587 787 oiim,
610 713 647 777 66
678 713 867 795 majoritat
896 716 977 779 6666.
1004 738 1037 779 66
1062 720 1142 779 illud

131 803 251 879 quidem
263 820 328 862 cam
346 818 400 880 per
415 818 593 869 sccxcrcerc
608 809 727 879 posset,
739 800 796 859 nisi
815 800 970 862 66666666
958 820 1008 881 Jus
1025 822 1142 864 novum

131 886 266 947 Trident.
282 904 351 947 ocae.
365 887 416 949 tt.
430 902 494 966 cap.
519 887 569 947 to.
585 885 622 948 66
644 880 712 967 lies.
738 884 818 963 quod
845 887 987 959 mandat,
1006 896 1041 947 ut
1059 888 1141 949 intri

130 977 197 1031 octo
216 970 279 1032 dies
302 979 369 1069 post
386 970 560 1046 inductam,
582 988 665 1043 scu,
685 975 719 1029 6ι
741 968 901 1030 66666668.
917 972 1053 1050 congr„
1073 980 1143 1050 post

129 1052 262 1117 habitam
279 1054 415 1117 notitiam
433 1015 612 1125 vacationis,
634 1053 784 1114 vicarium
805 1055 982 1115 constituere
1005 1064 1142 1116 teneatur

130 1156 286 1220 perquem
310 1139 392 1200 illam
413 1148 558 1199 exerceat.
579 1098 612 1198 86
626 1136 698 1199 vcro
713 1138 863 1216 negligat,
883 1138 930 1198 vel
948 1140 1074 1199 Ecclesia
1089 1158 1141 1199 va·

130 1244 201 1287 cans
225 1232 321 1285 carcat
340 1223 493 1301 capitulo,
520 1232 592 1285 tunc
614 1221 652 1283 ad
666 1223 925 1301 Metropolitanum
946 1232 1076 1301 spectat3
1092 1224 1141 1284 vel

130 1312 156 1371 si
178 1309 253 1369 nulli
275 1306 405 1385 subjecta
420 1307 512 1368 luerit
526 1306 587 1381 ,66
604 1307 780 1367 viciniorem
806 1308 994 1385 Episcopum.
1018 1309 1048 1367 Si
1068 1307 1140 1369 6666

130 1406 202 1455 tunc
214 1393 457 1470 Metropolitanus
465 1393 613 1453 vacaverit
625 1434 633 1465 ,
643 1390 693 1469 jus
710 1390 789 1452 istud
805 1392 910 1452 transit
921 1391 961 1452 66
978 1392 1140 1471 capitulum
1216 1438 1217 1475 q

130 1478 371 1556 metropolitane.
394 1477 461 1538 llaec
482 1477 583 1539 omnia
605 1494 643 1539 cx
668 1476 871 1537 Deoisionilrus
896 1478 928 1538 S.
955 1478 1064 1557 congr.
1088 1476 1141 1539 de·
1216 1522 1217 1527 η

130 1562 279 1627 ducuntur
291 1562 324 1622 in
343 1563 396 1622 lib.
409 1563 439 1621 2.
451 1580 515 1640 cap.
532 1564 563 1622 9.
577 1580 609 1621 ιι.
630 1564 660 1623 6.
679 1563 724 1621 De
743 1562 818 1639 Syn.
838 1560 955 1623 dioeccs.

168 1644 280 1705 veriam
302 1646 423 1719 antiqua
440 1646 624 1701 cousuetudo
646 1645 845 1719 quarumdam
867 1645 1063 1706 Ecclcaiarum
1079 1686 1088 1717 ,
1104 1652 1140 1705 nt

128 1727 258 1790 vacantis
279 1726 413 1787 Ecclesiae
434 1723 653 1786 administratio
677 1734 806 1787 transeat
828 1726 859 1785 in
881 1728 1011 1806 aliquem
1035 1730 1069 1789 in
1090 1746 1140 1789 cc·

129 1812 287 1875 6166666ιί66
313 1809 459 1889 dignitate
493 1810 714 1883 constitutum,
744 1808 899 1877 retinenda
932 1820 1008 1887 est,
1037 1821 1073 1873 ut
1103 1830 1140 1875 ex

130 1899 213 1960 Rota.
235 1895 312 1957 ibid.

169 1979 405 2062 Dispensationes
424 1979 462 2040 ab
476 1978 635 2061 apostolici
653 1936 728 2042 8666
747 1978 783 2041 66
799 1978 991 2060 Episcopum,
1007 1999 1061 2044 scu
1077 1981 1140 2062 ejus

130 2068 283 2129 vicarium
309 2066 478 2164 generalem
501 2067 671 2144 delegatas,
700 2074 732 2126 ct
762 2076 832 2128 ante
859 2068 993 2145 Episcopi
1024 2067 1139 2128 obitum

132 2153 269 2213 nondum
301 2151 469 2212 executioni
503 2149 683 2224 mandatae,
710 2150 827 2212 vicario
854 2151 1008 2227 capitulari
1035 2153 1139 2230 exequi

129 2236 299 2307 nonlicet,
322 2235 393 2314 quia
409 2253 464 2300 nec
479 2243 524 2297 est
549 2236 730 2316 Episcopus,
753 2251 808 2296 nec
829 2234 963 2296 Vioarius
991 2237 1137 2315 Episcopi.

130 2319 304 2381 166666.

169 2405 266 2466 86661
286 2402 359 2464 vero
380 2403 521 2466 electuri
541 2405 672 2484 capitulo
693 2404 829 2466 Vicariua
844 2401 992 2466 remorari
1006 2421 1073 2466 -non
1087 2422 1139 2482 po·

130 2497 214 2562 tcst,
238 2489 296 2549 nisi
316 2491 402 2550 66666
425 2491 525 2569 agniti
544 2489 617 2555 68.
642 2493 751 2572 congr.
779 2487 825 2552 uti
848 2489 980 2552 decisum
1000 2491 1137 2553 rcicrtcr

130 2532 214 2635 166666
219 2591 251 2636 ιι.
272 2576 303 2636 6.

170 2659 279 2721 Utrum
300 2660 435 2722 vicarius
456 2661 627 2742 capitularis
639 2677 673 2722 66
687 2662 798 2739 possit,
819 2679 887 2738 quaa
910 2677 971 2722 non
996 2660 1054 2723 nisi
1075 2681 1138 2742 spa-

130 2743 196 2804 66666
212 2745 350 2806 mandato
366 2747 497 2808 vicarius
510 2746 643 2825 Episcopi
663 2753 802 2825 praestare
806 2739 936 2825 'potasc,
956 2747 1116 2807 Doctorea'
1108 2767 1137 2810 ur

130 2837 415 2906 utramquepartem
430 2830 593 2910 disputant.
610 2831 688 2892 lbid.

169 2909 244 2971 Crim
263 2913 397 2974 Vicorius
411 2915 587 3013 apostolicus
605 2915 694 2976 datur
714 2914 848 2976 Ecclesiae
868 2915 1002 2991 vacanti,
1026 2917 1134 2978 nullam

131 2994 220 3055 habet
242 2996 330 3056 aliam
351 3000 556 3061 auctoritatem
576 3008 791 3078 praeteream,
822 3017 912 3077 quam
933 2999 1043 3062 vicarii
1064 3002 1135 3080 capi·

131 3079 240 3140 tulareo
253 3081 289 3141 66
311 3084 463 3145 occasione
478 3082 626 3147 obtinent.
641 3085 686 3144 De
707 3083 781 3162 Syn
782 3044 881 3148 ’dioec
895 3081 918 3143 l.
940 3083 971 3142 6.
991 3100 1018 3143 6.
1034 3083 1082 3145 60.

104 3320 105 3325 η
132 3252 324 3315 visitatio
337 3255 822 3402 moEOEsANfixp'qucTofrssgm'
814 3253 1002 3317 ‚utututltt
1013 3253 1136 3328 Quoto

167 3481 326 3576 Episcopus
342 3502 403 3545 non
421 3487 598 3586 prohibetur
618 3489 741 3585 quidem
759 3491 805 3552 brs
819 3492 977 3570 quotannis
994 3492 1135 3556 6666666666

1215 1840 1217 1953 l

1213 2607 1215 2728 l

128 3571 212 3614 suam
231 3564 372 3637 uisitare,
388 3569 441 3628 scd
462 3573 582 3630 nonnisi
606 3573 726 3633 unicam
755 3576 961 3638 tantummodo
977 3593 1032 3654 per
1052 3595 1136 3637 annos
1212 3643 1213 3648 .
