2475 3975
136 128 195 212 ass
391 147 529 208 anrneu
548 143 791 208 ordinandorum.
809 145 881 228 Cup.
897 145 925 207 5.
988 177 989 182 1

139 250 237 314 stricte
253 245 457 331 praecipientes
469 245 538 326 (le.
551 265 584 307 u.
606 246 686 326 599).
703 245 844 308 Rubrieas
861 255 961 308 autem
980 244 1018 306 de
1031 241 1144 325 agendis

137 345 219 397 extra
233 337 376 404 llissam,
400 332 593 413 probabiliter
616 331 720 394 dieunt
742 332 842 410 plures
867 334 931 392 Di).
955 332 1069 410 aliquas
1088 349 1143 390 esso

135 420 254 484 unium
273 419 449 491 directions,
476 424 567 497 prout
584 435 730 477 manuum
748 417 859 478 ablutio
880 425 947 496 post
963 417 1099 490 Missam,
1118 423 1145 474 et

136 507 284 566 orationes
293 513 360 565 ante
370 505 414 563 vei
423 511 489 580 post
500 499 717 580 Missaleide
728 492 916 562 domitillet
925 499 1146 578 llo.).lnsuper

136 588 186 652 hie
202 585 364 651 notandum
378 584 522 648 Rubrieas
538 586 724 664 praescriptas
740 588 772 647 in
783 587 982 647 caeremoniali
997 585 1147 662 Episcopo-

136 693 205 735 rum
231 674 340 750 ubique
359 672 511 750 obligare,
526 669 595 731 erim
609 671 641 732 in
662 671 758 732 tribus
776 672 869 732 Bullis
885 670 927 730 ibi
949 667 1146 748 appositisdi·

137 771 219 822 ostiu
234 781 243 817 ε
260 751 466 818 dmemouioie
479 751 655 837 predictum
675 756 709 816 iu
729 755 865 818 omuibm
884 753 1026 818 Eeoiesiis
1038 770 1148 816 serueu-

136 843 224 913 dum,
241 841 388 923 precipue
400 840 434 902 in
446 838 683 910 cathedralibus,
703 849 731 902 et
743 838 916 920 cotteytaus.
968 883 970 886 -
1061 879 1064 890 ·

174 929 242 989 llll.
254 960 294 972 -
311 928 411 1001 Quor.
428 927 509 987 Vlll.
525 925 653 999 Quando
672 927 757 986 liliosa
770 927 828 998 diei
843 927 958 1004 possit?
984 927 1033 988 Sie
1046 923 1147 986 dieitur

138 1017 170 1075 in
183 1012 309 1074 Robrica
323 1032 331 1070 ε
344 1011 442 1072 Misso
454 1008 693 1092 priuatosoitem
704 1019 772 1092 post
783 1011 973 1073 Matutiuum
988 1021 1018 1072 et
1029 1007 1149 1077 Laudes,

138 1103 321 1182 qudcumque
335 1094 410 1156 iord
437 1094 475 1155 oi
493 1112 605 1154 eurora
628 1113 721 1174 usque
742 1094 783 1156 ud
800 1094 953 1156 meridiem
974 1095 1035 1158 diei
1053 1098 1148 1176 potest.

139 1183 343 1246 communiter
363 1189 462 1239 autem
484 1179 589 1238 dieunt
606 1180 670 1238 DD.
693 1179 782 1240 licere
796 1180 912 1239 Missam
938 1182 1102 1243 terminare
1122 1176 1149 1234 in

139 1286 265 1336 aurora,
287 1274 317 1325 et
341 1263 424 1323 illam
456 1263 587 1340 insipere
609 1260 716 1339 parium
739 1272 807 1324 ante
825 1264 998 1328 meridiem.
1024 1261 1150 1324 lmdBe·

139 1350 246 1413 uediet.
266 1351 300 1412 X
301 1349 363 1409 ΙΙΙ.
383 1356 414 1408 et
435 1344 565 1408 Clemens
583 1349 663 1409 XII.
685 1349 872 1414 deelardrunt
884 1368 970 1429 posse
988 1353 1021 1413 in
1038 1349 1093 1410 hoo
1109 1353 1150 1404 to·

139 1438 228 1497 lorari
253 1434 441 1495 latitudinem
466 1433 561 1493 tertie
579 1433 671 1512 partis
695 1433 795 1506 horae,
819 1433 884 1494 tium
907 1447 979 1496 ante
998 1448 1148 1498 auroram,

138 1518 204 1582 tium
226 1529 292 1598 post
316 1519 471 1579 meridiem
496 1515 530 1595 (l.
553 1519 582 1576 6.
603 1537 637 1578 u.
662 1520 729 1579 544.
753 1537 829 1580 vers.
856 1521 987 1600 Omnes).
1013 1525 1151 1582 Praeterea

136 1599 324 1667 communitis
336 1646 343 1675 ,
357 1609 393 1661 et
413 1600 597 1679 probabilius
609 1603 712 1664 dieunt
723 1601 843 1683 Sylvius
855 1649 864 1677 ,
876 1609 973 1666 Costr.
988 1609 1068 1668 Bou.
1080 1604 1150 1664 uou-

138 1709 202 1771 eup.
222 1690 320 1760 Viuo,
344 1684 494 1748 Sulnrout.
515 1697 567 1749 ete.
581 1688 662 1767 quod
684 1691 834 1750 celebrans
855 1709 916 1752 uon
928 1701 1029 1770 peooat
1045 1695 1151 1752 morta·

135 1777 227 1848 liter,
245 1774 302 1835 nisi
328 1774 452 1853 incipiat
478 1775 596 1835 lilissam
616 1776 731 1854 integri
752 1775 827 1838 hori
848 1785 918 1836 ante
939 1795 1084 1842 auroram
1106 1771 1150 1832 vel

138 1861 212 1922 hori
228 1869 299 1940 post
317 1859 492 1936 meridiem,
510 1857 581 1920 aliis
600 1859 718 1922 tantum
736 1861 849 1920 veniale
867 1864 1028 1922 committit
1041 1858 1079 1936 ,6
1096 1873 1152 1934 quo

137 1955 259 2010 excusat
279 1946 390 2025 quavis
407 1963 491 2004 eausa
516 1945 718 2021 rationabilis3
733 1944 794 2005 imo
808 1962 892 2005 eausa
905 1947 1045 2023 gravior,
1067 1939 1153 2023 proirt

139 2041 214 2095 essm
226 2032 315 2092 dandi
335 2031 504 2100 Viatioum,
522 2037 573 2087 aut
585 2028 802 2099 solemnitatis,
820 2028 955 2100 itineris,
975 2031 1022 2089 vel
1040 2028 1153 2087 funeris

139 2116 263 2180 omnino
286 2122 427 2187 excusat,
454 2114 570 2175 etiamsi
595 2113 699 2176 dilatio
729 2113 767 2173 sit
791 2130 846 2190 per
871 2114 1017 2191 integram
1047 2112 1153 2171 horam

140 2202 198 2284 (lb.
207 2222 239 2262 u.
255 2204 325 2263 545.
341 2200 379 2262 od
389 2199 481 2279 546.)
490 2201 659 2261 Ministrare
671 2204 770 2260 autem
782 2201 1025 2261 communionem
1036 2197 1152 2259 lioitum

140 2295 183 2348 est
205 2305 298 2363 risque
324 2287 362 2345 ad
382 2288 525 2362 vesperas
551 2284 723 2346 exclusivo:
744 2293 773 2345 et
798 2286 888 2346 etiam
906 2287 938 2345 in
956 2284 1112 2365 vesperis,
1129 2279 1152 2337 si

140 2370 215 2430 adsit
230 2371 329 2444 aliqua
349 2369 483 2445 specialis
505 2390 611 2442 eausa,
625 2369 714 2431 modd
729 2388 793 2431 *non
808 2372 846 2430 sit
858 2373 1031 2451 intempesta
1044 2375 1151 2431 noete,

138 2454 232 2514 idest
253 2453 348 2511 multo
373 2452 467 2511 noetis
486 2461 622 2531 tempore
640 2455 870 2534 decurso(uum.
888 2458 982 2536 559.)
1002 2457 1152 2519 celebrare

140 2548 240 2598 autem
255 2546 324 2596 ante
347 2536 527 2597 matutinum
546 2538 719 2607 otLaudes,
739 2540 787 2597 alii
806 2539 909 2601 dieunt
928 2560 992 2601 esso
1012 2539 1151 2603 mortale.

140 2624 191 2685 alii
205 2623 323 2683 nullum
343 2631 516 2700 peceatum,
542 2622 592 2681 alii
613 2630 712 2699 autem
734 2622 835 2684 veritis
851 2633 881 2685 et
902 2624 1106 2697 communiis,
1121 2626 1153 2679 ul

142 2714 231 2773 Sues.
259 2708 376 2785 Sotus,
403 2706 511 2787 Solu,
539 2713 674 2779 Toum,
704 2706 847 2773 Bellerm.
872 2719 924 2772 ete.
951 2713 1080 2791 (quibus
1106 2725 1151 2769 as·

144 2798 234 2859 sentit
255 2795 344 2855 etiam
358 2793 470 2855 Beued.
496 2797 587 2857 XIV.
607 2796 643 2856 de
663 2814 739 2857 soor.
762 2799 866 2859 Misso
883 2797 906 2858 l.
928 2799 971 2878 5.)
993 2799 1076 2875 ajunt
1094 2812 1153 2858 non

144 2901 206 2945 esse
222 2880 368 2953 mortale,
389 2879 459 2956 quia
485 2879 552 2938 talis
571 2880 670 2956 gravis
694 2882 834 2957 obligatio
855 2900 953 2959 neque
977 2884 1154 2959 exprimitur

145 2971 177 3028 in
201 2966 349 3038 Rubriae,
372 2980 468 3041 noque
491 2964 690 3039 communiter
704 2974 748 3026 est
769 2974 885 3043 recepta
909 2973 943 3025 ut
963 2966 1061 3044 gravis
1077 2988 1087 3043 ς
1103 2964 1153 3025 sed

146 3072 206 3113 non
224 3052 354 3115 excusari
375 3050 506 3111 sentiunt
517 3047 535 3107 i
547 3049 675 3121 veniali,
690 3047 758 3109 oiim
773 3050 805 3111 id
818 3051 850 3112 in
864 3049 992 3115 Rubrius
1001 3051 1067 3131 jam
1079 3054 1155 3114 inuri·

147 3139 276 3198 delectus
290 3146 464 3199 numeretur
476 3132 511 3214 (l.
525 3136 555 3194 6.
566 3153 599 3195 u.
612 3136 704 3213 547.)
726 3138 843 3197 Missam
858 3147 959 3199 autem
979 3148 1154 3201 conventua-

147 3218 207 3278 lem
223 3220 321 3281 dicere
339 3233 408 3283 ante
427 3221 606 3282 Matutinum
627 3230 657 3281 et
677 3220 788 3282 Laudes
805 3240 867 3283 non
884 3234 1039 3285 excusatur
1052 3224 1068 3284 ὲ
1083 3238 1154 3285 mor·

147 3301 218 3368 tali,
239 3310 273 3359 ut
283 3306 482 3365 communiter
501 3305 609 3367 docent
621 3307 686 3365 DD.
701 3315 802 3366 eontra
815 3307 923 3371 Sousia.
940 3308 982 3389 (u.
999 3308 1089 3387 548.)
1104 3312 1152 3369 Ce-

147 3380 262 3475 letrrore
280 3383 312 3439 in
336 3386 383 3443 die
407 3391 503 3450 Coenae
529 3392 673 3463 Domini,
696 3400 725 3450 et
744 3391 862 3457 Sabbati
885 3387 1152 3471 sanotiiquidquid

147 3462 196 3515 alu
209 3462 318 3538 droant)
339 3468 532 3561 nullomodo
549 3476 617 3536 lieet
630 3520 638 3551 ,
652 3494 706 3537 neo
727 3476 817 3539 etiam
841 3479 1004 3557 privatim,
1025 3486 1059 3547 ut
1079 3483 1152 3557 patet

148 3550 185 3588 ex
196 3537 282 3620 dem¹
299 3540 452 3607 clusimus
461 3556 514 3612 ΧΙ
523 3560 604 3633 qnod
624 3562 752 3624 retertur
772 3557 805 3642 ll.
824 3564 853 3625 6.
868 3582 900 3624 u.
920 3560 1000 3641 550.)
1020 3560 1152 3644 qnodque
