2475 3975
355 193 405 252 Ec
417 189 550 272 operibns
566 189 721 252 Benedicti
731 195 821 254 XIV.
1035 199 1106 259 933¹

85 293 191 356 nonico
222 292 338 354 abolite
360 300 454 366 sunt,
478 301 513 352 ut
539 310 576 352 cx
600 294 667 352 DD.
687 292 919 357 demonstratur.
944 297 1016 357 lust.
1040 300 1095 360 Ec-

84 381 303 442 classone.

123 467 153 527 Si
175 467 299 526 cadaver
318 461 528 524 tumulandum
549 465 587 524 sit
606 464 638 524 in
658 464 784 524 Ecclesid
803 465 1007 543 regularium,
1033 486 1092 528 non

83 558 178 631 potest
189 548 334 630 parochus
347 547 481 625 exigere,
496 546 807 627 utapportcturprids
822 550 860 608 ad
876 551 1091 628 parochialem,

82 645 113 698 ct
134 636 175 698 ibi
194 642 380 714 exponatur,
397 632 466 691 dein
480 633 510 692 in
527 633 710 712 sepulturam
728 635 759 693 in
774 634 899 694 Ecclesid
912 637 1091 714 regularium

81 721 245 788 inseratur,
263 719 297 778 ut
321 735 357 776 cx
374 717 487 777 Lucana
502 717 643 778 funerum
657 719 770 778 censuit
788 720 867 780 Sace.
890 721 998 799 conge.
1016 723 1092 782 Cou-

80 805 154 864 cilii.
171 807 242 864 lnst.
255 802 440 862 Eccleslbd.
456 819 487 860 n.
502 800 552 862 95.

120 891 163 948 Ex
177 889 308 949 Decretis
327 905 400 947 sacr.
415 889 559 966 congreg.
576 887 699 946 Concilii
718 887 870 949 firmatum
890 898 934 949 cst
953 909 1012 951 non
1029 907 1091 950 csse

79 974 239 1039 levandum
259 972 406 1034 cadavere
421 971 511 1031 domo
522 972 633 1048 absque
646 973 822 1049 praescutid,
843 991 877 1032 ac
889 974 1025 1034 facultate
1039 993 1089 1052 pa-

79 1057 161 1119 roebi
171 1059 226 1119 loci
234 1103 241 1128 ,
252 1057 304 1116 ubi
317 1057 423 1117 domus
432 1056 486 1116 sita
500 1067 555 1116 est.
565 1057 643 1118 lbid.

116 1141 192 1204 eum
208 1143 400 1221 distinguitur
410 1142 535 1202 Ecclesia
545 1142 702 1202 tumulans
718 1141 735 1202 a
749 1140 928 1221 parochiali,
945 1143 1090 1221 processio

77 1229 211 1290 funebris
229 1227 318 1288 debet
339 1227 475 1288 incedere
494 1228 549 1287 sub
566 1245 653 1287 cruce
672 1228 806 1289 Ecclesiae
827 1227 1019 1299 tumulantis,
1038 1245 1091 1286 nec

77 1321 176 1392 potest
195 1312 315 1391 praccisd
337 1311 548 1372 consuetudine
561 1312 720 1388 ‘parochus
742 1314 893 1392 propriam
912 1330 1029 1372 crucem
1048 1312 1090 1370 le·

75 1415 167 1472 rare,
189 1399 246 1458 nisi
270 1397 301 1456 in
324 1414 410 1467 essu,
429 1415 489 1473 quo
513 1397 692 1456 interveniat
713 1399 876 1475 capitulum
897 1395 1089 1469 cathedralis,

75 1493 149 1543 tnnc
162 1481 338 1543 cathedralis
354 1499 426 1541 crux
441 1481 501 1540 sola
517 1481 665 1558 precedit.
680 1484 724 1541 lta
739 1501 776 1542 cx
791 1482 916 1543 decretis
927 1501 1002 1542 sacr.
1013 1482 1090 1542 Con·

73 1569 266 1648 gregationis.
281 1567 358 1627 lbid.
368 1586 399 1626 n.
414 1569 464 1627 Ed.

112 1655 273 1714 Societates
282 1654 370 1713 sunus
382 1653 573 1722 comitantes,
585 1653 609 1713 si
621 1652 783 1732 procedant
796 1672 864 1715 cum
872 1672 954 1714 sacco
965 1699 973 1726 ,
985 1662 1088 1714 teuent

73 1737 173 1798 locum
193 1747 262 1797 ante
280 1739 422 1797 scrctrum
434 1780 442 1807 ,
456 1746 486 1796 et
500 1747 568 1796 ante
581 1739 694 1798 clerum
709 1749 769 1797 tam
788 1740 960 1799 secularem
973 1785 981 1809 ,
995 1739 1086 1817 qu'am

39 1824 55 1840 ‘
73 1825 239 1902 regularem
251 1843 261 1898 3
276 1823 299 1880 si
313 1823 377 1880 sinc
389 1839 471 1881 sacco
484 1865 492 1891 ,
515 1830 584 1880 eant
604 1830 671 1899 post
683 1823 826 1881 teretrum
838 1866 847 1894 ,
861 1822 906 1883 uti
919 1843 955 1883 cx
968 1825 1085 1884 statutis

72 1910 144 1970 cleri
161 1909 290 1970 romani.
304 1907 380 1967 lbid.
397 1925 429 1965 n.
444 1905 493 1966 50.
510 1908 559 1965 bl.
699 1962 704 1970 ,

109 1996 188 2057 bairi
205 1994 354 2073 regulares
366 2011 426 2053 non
440 1992 549 2053 dehent
570 2009 741 2070 comparere
758 2010 826 2053 cum
846 1991 1002 2071 capellanis
1017 2011 1086 2053 con-

71 2082 168 2142 ductis
181 2080 210 2137 in
225 2078 409 2156 processione
419 2077 537 2139 funebri
548 2122 556 2151 ,
569 2086 604 2137 ut
619 2080 723 2138 multis
738 2078 886 2139 firmatur.
903 2078 980 2137 lbid.
992 2098 1023 2137 n.
1035 2081 1084 2139 52.

71 2170 109 2227 At
129 2167 155 2225 si
176 2166 318 2223 invitatus
334 2164 373 2222 sit
392 2172 555 2222 conventus
571 2164 735 2241 regularis,
755 2164 807 2239 qni
827 2162 906 2222 certe
926 2172 1086 2241 constater

70 2250 172 2319 lalcis,
187 2248 354 2318 conversis,
365 2256 396 2306 et
414 2247 613 2307 sacerdotibus
627 2292 635 2318 ,
652 2246 827 2308 excludendi
840 2265 900 2307 non
914 2257 994 2307 sunt.
1007 2248 1082 2309 lbid.

108 2333 269 2413 Regularcs
282 2331 346 2409 cogi
363 2350 423 2391 non
438 2340 560 2410 possunt
572 2338 606 2389 ut
621 2333 764 2392 associent
775 2351 914 2411 pompam
927 2332 1083 2393 funebrem

71 2418 141 2479 cbm
160 2418 286 2477 cadaver
301 2417 332 2475 in
354 2434 457 2476 eorum
470 2417 595 2477 Ecclesid
609 2417 812 2495 sepeliendum
825 2427 884 2492 est,
897 2416 947 2477 scd
962 2428 1084 2495 possunt

72 2507 107 2564 nd
128 2503 234 2582 januas
250 2502 383 2568 Ecclesiae
402 2520 462 2563 suae
485 2511 649 2580 expectare.
666 2506 709 2563 lta
731 2521 768 2563 ex
784 2504 879 2563 Decio.
902 2522 992 2564 sacre
1005 2507 1083 2565 Con·

72 2608 152 2669 greg.
170 2589 246 2650 lbid.
261 2607 291 2651 n.
310 2590 359 2649 58.

52 2680 55 2687 “
109 2677 139 2735 st
159 2674 225 2751 quis
241 2672 388 2732 habitator
409 2672 496 2731 Urbis
510 2672 632 2734 decedat
650 2675 714 2733 ruri
730 2692 790 2733 non
803 2673 895 2733 electd
909 2675 1081 2750 sepulturis,

72 2760 193 2819 cadaver
214 2756 276 2835 ejus
295 2757 455 2835 sepulture
473 2758 675 2817 mandandum
696 2767 741 2818 est
763 2776 823 2818 non
844 2759 875 2818 in
892 2759 1015 2818 Ecclesia
1031 2779 1084 2818 ru-

72 2844 148 2915 rali,
167 2843 218 2903 scd
240 2846 271 2903 in
288 2844 339 2902 sud
356 2842 503 2916 paroecid,
522 2843 570 2901 vel
587 2844 618 2902 in
632 2844 775 2915 Ecclesia,
791 2844 841 2903 nbi
855 2844 909 2903 sita
928 2854 971 2903 est
984 2846 1082 2922 sepul-

72 2937 136 2988 tura
154 2926 302 3005 majorum
321 2927 433 3005 ipsine,
454 2936 488 2985 ut
503 2928 635 2987 decisum
653 2947 716 3007 cap.
728 2930 762 2989 Is
774 2927 829 3007 qni
839 2973 847 3000 ,
866 2928 905 2987 dc
923 2930 1082 3006 sepulturis

72 3012 103 3071 in
120 3016 162 3087 6.,
176 3012 339 3073 dummodo
357 3012 389 3071 id
408 3013 500 3089 possit
519 3012 584 3073 lieri
604 3015 668 3072 sina
679 3012 761 3092 gravi
775 3012 976 3073 incommodo.
988 3014 1081 3075 Grave

72 3108 167 3159 airtcm
188 3098 411 3159 incommodum
430 3096 559 3157 declarat
577 3100 712 3157 Pontifex
732 3098 915 3157 intercedere
932 3098 958 3157 si
984 3098 1081 3161 obitus

72 3182 179 3243 aecidat
202 3184 233 3243 in
253 3184 317 3243 loco
336 3182 412 3241 ultra
431 3184 487 3241 tria
500 3182 638 3241 milliaria
650 3182 777 3241 distante
787 3180 803 3240 b
815 3184 952 3259 paroecid.
964 3182 997 3243 ld
1010 3183 1080 3245 verb

73 3281 107 3325 ex
125 3268 249 3347 paritate
275 3267 399 3327 rationis
419 3266 609 3327 statuendum
629 3276 674 3327 cst
692 3268 731 3327 dc
752 3267 827 3338 illo,
848 3271 900 3345 qui
915 3270 980 3330 ruri
994 3268 1080 3329 habi·

72 3358 134 3411 tans
155 3353 187 3413 in
207 3352 325 3412 civitate
344 3350 475 3411 decedat.
498 3351 575 3411 lbid.

108 3434 181 3499 Cbnr
200 3454 272 3497 rure
289 3434 525 3497 transferendum
548 3444 592 3495 est
613 3436 737 3497 cadaver
756 3438 788 3497 in
808 3438 977 3506 civitatem,
998 3436 1080 3495 dolc-

72 3520 195 3582 rcndum
216 3531 261 3581 est
277 3522 307 3581 in
330 3521 470 3581 catalecto
494 3520 677 3599 praecedente
692 3540 779 3581 cruce
791 3523 808 3581 a
822 3523 901 3582 clero
921 3519 1034 3588 dclatd,
1048 3528 1077 3578 et

73 3606 276 3676 associantibus
291 3604 418 3685 geminis
432 3604 652 3676 sacerdotibus,
665 3604 759 3665 altero
773 3605 907 3665 Ecclesiae
923 3600 1076 3659 tumulan-
