2475 3975
353 202 404 264 Ea
419 199 553 284 operibos
567 199 720 262 Benedicti
730 200 820 264 XIV.
1036 205 1095 266 285

84 312 148 382 cst;
161 303 305 384 accipiat,
325 302 470 382 inquam,
491 322 556 364 eam
577 322 632 383 pcc
649 303 755 364 cambii
776 309 981 382 contractum,
1005 314 1094 384 atque

82 391 205 452 interim
216 391 412 450 mutuatarius
421 407 452 450 se
462 389 572 468 obligat
581 389 618 448 ad
629 387 805 449 solvendum
819 387 964 468 quantum
978 407 1093 450 necesse

85 486 129 536 cst
147 493 202 554 pro
222 476 337 536 ratione
357 472 448 551 hujus
465 475 586 534 secundi
609 474 740 534 cambiis
757 471 835 547 hoc,
854 475 996 552 inquam,
1014 493 1094 536 cam·

84 561 188 632 bium,
212 561 347 638 quamvis
366 576 427 619 non
446 559 624 638 reprobetur
643 558 660 618 la
676 558 845 631 nonnullis,
865 566 896 618 et
914 556 1016 618 reveri
1033 559 1094 619 sor-

84 657 159 706 tasse
174 647 206 704 in
219 646 283 705 loro
297 643 352 702 lori
364 643 503 704 sustineri
524 652 639 722 posset,
653 641 750 703 adbuc
761 651 860 704 tamen
873 644 905 702 iu
917 643 1095 705 conscientia

83 728 304 809 reprobandum
317 736 372 787 cst.
390 728 466 789 lbid.
486 747 518 788 n.
538 729 568 788 9.
582 731 630 790 ld
646 728 800 788 interdum
812 726 885 789 verb
898 729 1095 789 mutuatarius

84 817 117 875 in
137 833 168 874 se
186 814 308 890 suscipit
326 829 399 872 onus
415 812 585 888 negotiandi
605 831 660 893 per
679 813 827 873 cambium
841 813 1028 875 tantumdem
1043 831 1093 892 pe-

85 899 197 970 cuniae,
212 897 384 975 quantuma
398 899 537 958 cambista
551 899 649 958 mutui
660 898 781 957 nomine
797 899 1008 975 recepitrtunc
1021 896 1094 958 verb

85 983 231 1060 quidquid
251 983 404 1054 lucratur,
418 983 465 1043 vel
484 982 594 1042 lucrari
608 989 705 1059 potest
721 982 752 1040 in
771 983 826 1040 isto
845 981 958 1041 cambio
974 983 1094 1042 nomine

86 1067 248 1126 mutuantis
268 1066 362 1137 sacto,
385 1075 481 1127 totum
507 1067 550 1126 illi
576 1066 685 1140 solvit,
699 1083 765 1144 quac
783 1065 890 1125 solutio
913 1065 1002 1125 etiam
1026 1066 1096 1126 faci-

85 1151 161 1210 enda
172 1158 231 1226 est,
247 1150 300 1210 etsi
317 1149 397 1210 istud
418 1152 572 1230 negotium
590 1150 697 1212 cambii
717 1147 820 1210 reveri
832 1148 942 1208 laetum
959 1167 1020 1210 non
1037 1150 1093 1220 sit,

86 1235 153 1312 quia
171 1235 319 1295 cambistac
340 1235 483 1296 intererat
503 1246 538 1296 ut
557 1236 651 1299 lieret.
667 1233 702 1299 ld
717 1235 808 1298 etiam
828 1231 954 1317 perindie
967 1251 1000 1294 aa
1012 1232 1095 1314 priuis

85 1315 102 1378 it
121 1319 262 1379 Pontifice
279 1320 467 1397 reprobatur.
485 1321 563 1384 ibid.

125 1430 193 1490 llaec
216 1429 314 1490 omnia
335 1428 467 1503 cambia,
488 1431 696 1510 quamvisper
716 1448 765 1502 se,
779 1429 883 1491 saltem
904 1429 1001 1508 quoad
1021 1447 1096 1489 non·

88 1514 189 1586 nulla,
211 1514 290 1574 licita
309 1514 410 1590 laiciS,
433 1515 589 1590 interdieta
612 1535 674 1576 esse
701 1516 813 1577 clericis
825 1533 975 1589 ,canones
987 1532 1095 1592 magno

86 1599 1092 1688 consensudemonstrant,eteuincuntbcsyn.dioee.l.10.r.6.n.l.

375 1797 552 1868 CANONlCl
573 1797 802 1858 aesomnes

124 1983 262 2048 canonici
273 1982 439 2063 regulares,
450 1999 630 2061 quamquam
642 1989 713 2043 sunt
726 1998 845 2061 capaces
854 1979 987 2043 beneficii
995 1982 1095 2045 durati

86 2088 123 2130 ex
139 2079 220 2131 textu
235 2088 301 2151 cap.
319 2066 405 2143 Quod
414 2068 473 2129 Dei
484 2070 636 2145 timorem,
650 2064 687 2127 de
701 2074 783 2129 statu
795 2065 1021 2141 accaronitarum,
1034 2085 1095 2126 non

85 2162 156 2215 scint
175 2165 274 2215 minen
298 2153 433 2213 benelioii
455 2154 618 2231 simplicis,
637 2161 672 2212 ut
697 2170 733 2212 ex
756 2152 893 2231 pluribus
916 2151 996 2210 decr.
1014 2152 1044 2210 S.
1060 2152 1093 2211 C.

84 2242 175 2300 Cone.
192 2237 361 2316 'approbatis
378 2236 394 2295 la
409 2237 497 2318 Greg.
510 2236 580 2297 XII
581 2238 607 2295 l.
624 2232 773 2297 firmetur.
785 2238 859 2295 lust.
872 2235 948 2296 Eeel.
962 2236 1010 2295 st.
1023 2254 1054 2296 u.
1063 2236 1094 2295 2.

83 2324 168 2387 Sicut
183 2340 237 2384 neo
251 2321 461 2381 beneficiorum
480 2320 713 2381 residentialium
732 2338 794 2381 uon
814 2318 1045 2398 parochialium,
1061 2328 1096 2381 ut

85 2426 122 2468 cx
139 2426 227 2471 sensu
246 2407 410 2467 multorum
426 2406 655 2466 canonistarum.
673 2405 749 2465 ibid.
765 2423 796 2477 n,
813 2407 842 2466 5.

123 2508 182 2567 Nec
206 2510 329 2584 possunt
351 2498 502 2581 parochias
529 2501 615 2561 laicas
638 2502 770 2579 recipcre
795 2520 865 2563 cum
890 2502 951 2563 sold
975 2500 1095 2563 licentii

85 2592 198 2673 abbatis
220 2589 383 2668 generalis,
402 2585 453 2647 sed
475 2586 640 2666 requiritur
658 2588 779 2649 facultas
795 2588 911 2648 Summi
932 2587 1091 2648 Pontificio.

84 2676 162 2736 ibid.
176 2694 209 2735 n.
226 2676 255 2734 b.

124 2767 262 2833 Canonici
276 2766 434 2845 Regulares
448 2784 484 2827 ex
495 2764 555 2825 sold
569 2764 707 2825 lacultate
720 2762 880 2843 superioris
898 2761 960 2823 sire
980 2760 1094 2823 abbatis

85 2854 230 2933 generalis
253 2870 315 2912 nou
336 2859 459 2929 possunt
483 2868 585 2910 curam
609 2850 776 2909 animarum
800 2851 832 2910 in
848 2847 982 2909 Ecclesiis
1004 2865 1095 2907 saecu·

85 2939 194 2999 larium
210 2953 358 2997 assumere
377 2946 408 2997 et
424 2933 581 3009 exercere3
601 2934 688 2995 sicuti
709 2951 806 3013 neque
827 2932 865 2992 ad
888 2930 1095 3013 canonicatus,

85 3021 277 3102 ptraebendas,
303 3020 482 3099 dignitates,
506 3036 602 3097 neque
624 3017 661 3077 ad
683 3018 739 3078 alia
762 3018 857 3079 officia
883 3024 935 3077 aut
953 3013 1094 3075 beneficia

85 3106 284 3169 residentialia
307 3106 339 3168 in
359 3106 492 3165 Ecolesiis
513 3104 703 3165 saecularibus
728 3101 888 3164 obtinenda
912 3101 1039 3174 assumi,
1063 3109 1094 3162 et

85 3201 208 3272 propter
223 3189 279 3250 hoe
293 3207 328 3249 ex
341 3190 484 3268 religiosis
496 3189 630 3249 claustris
642 3190 732 3249 exire.
746 3190 822 3248 Sunt
838 3188 928 3261 etiam
944 3186 1094 3266 incapaces

84 3275 219 3338 beneficii
237 3274 420 3335 ecclesiastici
440 3273 586 3335 saecularis
606 3275 668 3334 sive
692 3272 834 3352 simplicis
845 3274 907 3331 sive
920 3271 1093 3332 residentia·

83 3364 137 3435 lis,
147 3363 223 3423 sicut
239 3360 327 3420 ctiam
341 3358 515 3437 pensionum
528 3358 799 3419 ecclesiasticarum.
813 3359 856 3417 lta
867 3356 899 3417 iu
910 3356 993 3417 Bulla
1010 3354 1094 3430 Qacod

84 3440 283 3509 irretractabili.
294 3444 392 3516 Quare
404 3443 525 3521 exigunt
535 3443 571 3503 ad
585 3442 649 3503 haec
661 3442 821 3523 obtinenda
831 3442 998 3502 facultatem
1012 3439 1093 3498 Sedis

83 3532 190 3609 llpost.
209 3530 239 3589 Si
260 3527 332 3589 verb
352 3528 389 3588 de
405 3527 488 3587 Sedis
505 3529 605 3605 Apost.
624 3526 759 3586 facultate
781 3526 957 3586 beneficium
975 3521 1094 3596 aliquod

84 3615 211 3695 simplex
231 3612 440 3689 obtinuerunt,
464 3629 524 3673 uon
547 3609 612 3671 ideb
635 3617 735 3669 tamen
755 3608 923 3672 facultatem
946 3601 1093 3663 babentd
