2475 3975
140 160 179 219 66
420 158 533 221 Prasia
544 155 728 239 conseruit.
744 160 818 241 Cap.
835 160 866 220 5.

142 263 287 325 recidivus
306 270 428 343 propter
447 266 509 325 vim
529 264 599 325 mali
615 264 735 326 babitits
750 262 863 325 absolvi
879 264 969 327 debet
983 286 1101 347 semper
1118 288 1153 331 ac

142 348 257 409 firmam
275 351 402 411 ostendit
420 350 602 411 voluntatem
622 348 781 411 adhibendi
799 351 897 411 media
917 353 954 411 ad
968 354 1152 416 emendatio·

141 452 228 505 nem,
244 436 285 495 sic
295 434 448 497 subdendo
460 456 469 493 c
482 436 510 495 li
520 434 742 517 pindicbt'anro,
755 432 806 497 ete
817 432 840 494 ’l
849 434 918 515 sare
927 433 1095 499 altrimenti
1103 440 1153 499 sio

143 526 247 599 troppo
267 519 385 599 crpore,
411 516 517 579 ecbe'l
539 517 703 601 consessore
724 516 850 599 [aenda
874 519 902 581 ε’
917 517 1154 584 allontaaerebbe

140 600 220 663 dallo
234 602 346 685 Spiritu
358 602 436 667 della
449 602 546 665 ettae
554 650 564 680 ,
579 600 815 684 6661866666,
841 621 858 663 e
876 600 954 663 della
975 613 1088 665 notura
1103 605 1154 668 det

140 688 351 761 Sacramenta,
370 686 396 748 il
412 684 500 771 quale
512 706 573 749 non
589 682 750 751 solamente
761 686 938 769 6666666,
960 691 1039 752 moe
1054 691 1152 751 mede·

140 768 209 831 cino
226 770 358 834 salutare
372 774 423 852 (l).

178 858 227 917 ll.
245 858 333 919 Plura
346 870 445 921 autem
464 868 534 921 sont
554 860 616 923 bec
633 862 844 941 signa,¹pront
859 860 969 922 docent
985 864 1050 923 Di).
1068 862 1146 942 (leb.

139 943 169 1002 6.
183 961 216 1003 6.
232 944 315 1023 tuo.)
338 948 363 1007 l.
380 946 473 1025 Major
487 946 573 1009 dolor
588 948 791 1010 manifestatus
815 964 869 1027 per
886 948 1031 1027 lacrymas
1046 948 1148 1027 (modb

139 1028 199 1087 sint
218 1046 297 1091 verre
318 1032 586 1111 compunctionis),
608 1041 660 1092 aut
682 1050 738 1111 per
760 1032 851 1092 verba
875 1048 912 1092 ex
938 1032 1027 1093 corde
1044 1051 1150 1113 proce·

138 1111 253 1184 dentis,
268 1135 334 1193 6666
346 1115 504 1195 aliquando
523 1118 648 1177 oertiora
666 1117 749 1193 signa
762 1114 852 1195 66666
861 1116 999 1196 tacrymae
1009 1135 1072 1177 ease
1085 1136 1149 1198 pos

138 1207 218 1256 sunt.
234 1200 271 1258 ll.
284 1201 382 1259 dlinor
393 1218 536 1260 numerus
555 1208 741 1279 peccatorum
754 1200 899 1282 (intellige
917 1198 986 1260 cuim
1001 1204 1148 1279 poenitens

138 1281 228 1341 suerit
247 1282 278 1341 in
292 1282 403 1343 eisdem
423 1285 623 1345 occasionibus
636 1294 666 1348 et
681 1285 895 1345 tentationibus
907 1285 1075 1365 peccandi),
1095 1298 1149 1348 aut

138 1366 163 1425 si
176 1367 320 1445 penitens
333 1379 399 1449 post
415 1371 551 1431 ultimam
569 1371 780 1435 contessionem
795 1372 995 1447 perseveravit
1006 1372 1038 1431 in
1052 1376 1147 1451 gratio

138 1468 192 1529 per
206 1454 336 1514 notabile
350 1464 489 1535 tempus,
509 1454 578 1535 puta
590 1473 644 1535 per
659 1458 699 1515 20
709 1464 760 1515 ant
770 1456 809 1515 25
822 1455 907 1528 dies,
923 1457 986 1534 ipse
998 1457 1049 1535 qui
1063 1457 1147 1535 priris

137 1535 248 1612 pluries
265 1539 297 1599 in
318 1538 499 1603 bebdomada
517 1541 632 1620 prolabi
652 1540 765 1601 solebat
777 1562 786 1617 3
799 1550 853 1600 out
871 1540 944 1601 verb
964 1542 990 1601 si
1012 1542 1146 1620 relapsus

136 1617 227 1681 luerit
239 1628 304 1700 post
318 1642 453 1703 magnam
465 1626 683 1703 resistentiam
700 1634 752 1684 aut
772 1626 862 1685 etiam
879 1625 904 1684 si
929 1634 1087 1703 antequam
1106 1627 1145 1687 od

137 1706 347 1769 consessionem
359 1711 523 1781 accederet,
541 1708 594 1771 diu
613 1728 646 1771 se
668 1708 845 1770 abstinuerit
861 1709 879 1769 6
894 1710 990 1789 calpis
1009 1712 1144 1772 mortali·

136 1787 202 1849 bus.
216 1792 269 1853 111.
284 1796 441 1875 Diligentia
456 1794 586 1861 adbibita
603 1814 658 1877 pro
671 1794 898 1868 emendatione,
910 1804 946 1856 ut
959 1805 1035 1856 esset
1047 1797 1072 1856 si
1085 1816 1147 1877 por·

138 1874 235 1935 nitens
250 1879 409 1961 diligenter
437 1882 617 1943 occasionem
641 1881 802 1959 vitaverit,
821 1880 918 1942 media
939 1884 1108 1961 prescripta
1127 1884 1145 1944 6

137 1962 222 2024 conse
237 1966 314 2027 sario
327 1968 493 2030 executioni
505 1967 709 2044 mandaverim
723 1975 773 2027 aut
790 1967 815 2027 si
832 1966 1118 2046 adbibueritjejunia
1133 2015 1143 2042 ,

136 2067 257 2128 preces,
281 2051 501 2134 eleemosynas,
519 2062 576 2113 etc.
603 2051 641 2112 66
662 2052 769 2114 vitium
791 2051 1012 2130 extirpandum.
1036 2055 1089 2114 tv.
1111 2056 1143 2114 Si

136 2134 200 2213 ipse
221 2138 296 2215 petit
307 2135 324 2198 6
340 2137 516 2199 confessario
528 2136 658 2198 remedia
671 2180 680 2209 ,
699 2146 751 2196 aot
763 2153 839 2196 novo
851 2136 948 2196 media
961 2137 998 2196 ad
1011 2139 1145 2199 emenda-

136 2219 269 2300 tionem3
288 2223 360 2283 item
385 2225 412 2285 si
433 2223 581 2302 promittit
603 2222 729 2302 implere
747 2219 845 2282 media
860 2239 927 2300 666
941 2228 1013 2281 tunc
1033 2222 1061 2282 ei
1074 2241 1144 2302 sug·

135 2309 213 2380 gerit
231 2307 442 2383 confessarius3
465 2305 594 2367 maxime
611 2307 636 2367 si
661 2324 813 2384 nunquam
837 2305 967 2366 monitus
994 2307 1084 2368 luerit
1104 2309 1143 2367 ad

136 2389 186 2448 illa
207 2387 396 2464 adhibenda3
417 2390 467 2450 sed
486 2389 532 2449 his
554 2389 798 2470 promissionibus
820 2408 923 2450 censeo
941 2408 1002 2451 non
1018 2393 1143 2455 omninb

135 2471 309 2546 fidendum,
327 2473 351 2534 si
364 2473 420 2532 alia
440 2473 521 2552 signa
533 2473 652 2550 desint3
670 2473 737 2534 crim
751 2475 949 2554 prenitentes,
972 2484 1007 2535 nt
1019 2477 1141 2538 absolo-

135 2558 247 2619 tionem
275 2566 423 2638 carpant,
447 2557 531 2620 facile
560 2561 757 2638 promittant,
777 2560 829 2620 sed
851 2569 955 2638 postea
978 2560 1141 2625 difficulter

134 2641 296 2705 attendant.
311 2645 350 2706 V.
364 2645 528 2722 spontanea
540 2645 700 2718 consessio,
716 2663 824 2724 nempe
832 2645 857 2706 si
871 2646 1017 2722 poenitens
1029 2649 1143 2711 accedit

134 2745 194 2790 non
202 2727 266 2807 jam
280 2727 317 2788 ad
330 2729 514 2808 implendum
528 2739 708 2808 praeceptum
724 2729 880 2809 paschale,
894 2747 991 2808 neque
1010 2749 1047 2790 ex
1065 2751 1143 2810 666-

118 2814 202 2889 ¹darn
219 2832 270 2873 usn
286 2829 340 2894 pro
358 2829 389 2871 se
408 2813 595 2886 confitendo,
614 2817 648 2874 in
665 2813 812 2891 aliquibus
834 2813 1035 2892 temporibus,
1051 2827 1144 2893 prout

133 2899 181 2960 dio
194 2897 360 2960 Natiuitatis
377 2896 519 2970 Domini,
541 2897 573 2958 in
588 2897 795 2959 festivitatibus
815 2896 966 2979 Deiparae,
979 2905 1009 2959 et
1031 2901 1141 2961 simili·

132 2984 208 3057 bus,
230 3001 326 3066 neque
338 2981 450 3042 accedit
465 2982 608 3062 impulsus
630 2981 648 3042 6
670 2984 868 3060 parentibus,
888 2981 905 3043 6
925 2981 1066 3059 domino,
1087 2995 1142 3046 aut

133 3069 292 3146 magistr03
318 3068 370 3129 sed
390 3068 473 3128 venit
489 3056 613 3128 omnino
641 3067 767 3148 sponte,
792 3076 822 3128 et
845 3067 916 3129 vere
940 3068 1100 3147 inspiratus
1123 3073 1140 3133 6

133 3151 234 3212 divino
249 3154 383 3230 lumine,
402 3152 440 3213 66
462 3153 558 3213 solum
584 3152 675 3212 finem
685 3198 696 3230 ,
719 3161 752 3214 ut
769 3151 901 3214 divinam
917 3154 1043 3234 gratiam
1064 3158 1141 3218 reei-

160 3321 192 3379 (t)
203 3319 231 3366 ld
239 3321 273 3365 ert
284 3336 291 3363 =
302 3319 352 3369 ΑΙίο
365 3321 434 3369 modo
444 3335 516 3381 apere
526 3321 621 3368 nimiam
636 3321 787 3376 severitatem
800 3337 854 3372 esse
866 3331 891 3372 et
903 3324 1072 3374 conieaariom
1093 3327 1139 3374 lra-

127 3385 229 3444 66666666
241 3384 361 3434 declinare
372 3384 507 3444 judicamus
517 3390 531 3432 6
542 3400 621 3440 mente
634 3388 742 3436 Ecclesia
755 3398 780 3437 et
789 3390 877 3439 Christi
894 3390 996 3445 bamini,
1016 3406 1109 3440 necnon

132 3458 224 3520 ratione
238 3452 394 3504 sacramenti,
412 3452 475 3510 6666
490 3467 535 3500 666
557 3453 631 3503 tolum
643 3454 771 3515 judicium,
788 3464 825 3502 ast
847 3457 919 3503 etiam
935 3457 1044 3504 uictoris
1064 3459 1138 3506 medi·
1187 3454 1195 3467 '

132 3525 185 3557 ema
198 3521 243 3558 cst.

883 3585 946 3634 edit.
