2475 3975
314 170 341 251 S.
360 170 411 231 lV.
425 168 470 231 Dc
486 168 656 251 frequentia
672 176 933 232 musulaniorum.
1071 178 1130 241 {53

114 274 203 356 quod
217 271 303 337 valde
320 279 457 332 consonat
474 288 541 331 cum
554 289 589 331 eo
609 271 690 349 quod
708 272 808 349 inquit
822 272 854 332 S.
868 271 1039 337 Ambrosius
1049 277 1127 354 (tit.

112 364 147 422 4.
164 358 201 421 dc
215 370 343 420 samone.
354 375 380 416 c.
396 354 458 432 6.)ε
475 355 536 430 Qui
551 369 664 437 semper
677 372 784 437 pecco,
802 354 888 418 deleo
903 360 1129 437 semperiedira

113 442 297 506 aecedicinum
307 465 318 503 .·
329 449 359 503 ct
370 442 402 502 S.
416 439 599 520 locustinos
613 439 690 519 (til.
703 442 733 502 5.
746 438 783 502 de
792 458 919 503 sacrem.
930 459 956 501 c.
969 440 1013 523 l.)
1027 464 1035 502 ε
1049 446 1129 519 Quo-

115 527 195 591 tidie
205 544 305 609 pecces
320 572 328 601 ,
341 524 471 607 quotidie
482 542 575 587 tuille.

158 614 230 673 lta.
243 611 344 686 Adde,
359 608 439 689 quta
449 612 482 671 S.
500 608 628 673 Thomas
639 610 777 689 docetis·
793 610 852 673 tt.
868 612 898 672 5.
911 629 945 693 p.
959 628 989 693 q.
1005 613 1055 674 79.
1067 622 1127 674 ort.

114 697 178 779 8.),
198 696 335 759 ellectum
358 696 552 769 sacramenti,
577 695 724 773 quantiam
740 696 779 757 ad
797 707 991 776 augmentum
1004 701 1127 779 gratia,

114 801 184 846 non
196 779 363 861 impedirid
380 781 507 860 peccatis
525 780 708 852 venialibus,
730 779 893 843 dummodd
911 800 973 844 non
991 787 1128 845 commit-

115 877 225 931 tantur
237 869 270 927 in
284 867 346 946 ipsa
364 865 574 926 communione
596 886 604 924 ι
625 873 655 924 et
677 866 812 942 quamvis
835 864 899 927 haec
913 868 1078 945 impediant
1094 871 1129 931 in

115 962 225 1035 parte,
243 964 305 1013 non
329 949 479 1011 tamenin
507 957 570 1009 toto
597 948 736 1009 enectum
754 953 929 1010 sacramenti
948 954 1126 1031 impediunt.

117 1040 205 1099 lianc
219 1036 395 1113 sententiam
412 1033 611 1095 communiter
625 1041 732 1093 tenent
745 1035 851 1106 Sotua,
867 1037 1000 1106 Saurea,
1021 1035 1129 1098 Valere·

118 1125 187 1197 tio,
205 1123 357 1201 vasquez,
377 1116 540 1181 Coniohios
548 1165 559 1196 ,
574 1129 605 1179 ct
617 1120 718 1199 pluras
731 1119 781 1179 alii
799 1118 878 1198 apud
888 1120 1129 1183 Salmanticanses

117 1206 200 1287 (tit.
212 1210 240 1268 t.
254 1225 288 1265 n.
303 1206 371 1265 270.
385 1222 415 1265 u.
433 1206 490 1280 Qu.
501 1206 572 1283 11.).
587 1206 711 1283 Insuper
728 1212 832 1265 tenent
853 1204 952 1283 plures
974 1206 1126 1283 graviores

116 1296 264 1355 Auctores
277 1288 367 1369 (titt.
380 1302 413 1349 te.
427 1292 495 1351 269.
510 1304 539 1349 o.
551 1288 611 1368 Eff.
624 1292 697 1368 IL),
707 1291 763 1351 hoe
775 1298 990 1350 sacramentum
999 1309 1035 1351 ex
1044 1310 1129 1372 opere

117 1384 241 1458 operato
256 1376 409 1436 remittere
421 1383 536 1453 peccata
547 1375 674 1434 venialia
685 1375 742 1448 ,de
757 1375 866 1453 qulbus
874 1374 972 1435 anima
985 1378 1128 1439 actualem

119 1461 365 1541 complacentiam
381 1478 442 1519 non
464 1457 569 1519 haheat
581 1480 590 1535 ;
604 1467 694 1538 atque
720 1458 778 1519 hoc
794 1458 954 1521 concerdat
977 1476 1046 1521 cum
1068 1479 1127 1534 eo,

117 1546 203 1626 quod
219 1549 260 1608 ait
269 1544 467 1610 catechismus
476 1546 626 1607 Romanus
649 1547 707 1624 (De
724 1542 858 1607 Becher.
877 1562 910 1626 pt
926 1546 956 1607 2.
980 1562 1015 1606 tt.
1035 1546 1127 1624 th).-

117 1632 244 1695 Remitti
255 1634 322 1694 aad
333 1629 543 1709 Euchere'stid,
562 1638 591 1691 ct
609 1630 774 1693 modoouri
792 1629 923 1705 eane,
943 1648 1011 1711 qaae
1025 1632 1129 1693 occie-

117 1715 166 1778 iia
178 1716 237 1778 diei
249 1712 358 1789 soleat,
373 1732 435 1777 noa
446 1722 489 1775 est
500 1714 579 1796 quod
599 1714 732 1778 dubitati
751 1715 870 1792 delean
882 1714 1029 1798 quidquid
1047 1718 1128 1779 eteius

116 1800 293 1882 cupiditatis
310 1798 414 1862 ardore
429 1800 533 1859 auimo
547 1799 670 1871 maisit,
688 1807 783 1861 totum
805 1798 838 1859 id
850 1800 1059 1873 nemeaea,
1077 1820 1127 1864 coa

117 1884 251 1948 minores
264 1882 368 1966 culpes
382 1883 548 1965 abaterpcos
556 1929 565 1959 ,
580 1884 723 1945 restituit.
738 1885 866 1953 Saltem,
880 1885 962 1945 nteit
973 1886 1128 1963 Angelicus

116 1972 176 2052 (1).
193 1968 248 2032 Th.
265 1972 295 2032 5.
306 1990 339 2053 p.
356 1986 407 2050 qu.
424 1969 473 2030 79.
491 1975 551 2029 ort.
568 1968 612 2052 l.)
634 1986 703 2030 cum
722 1968 894 2041 communi,
912 1968 1057 2030 excitatur
1073 1989 1128 2050 per

117 2057 362 2119 communionem
377 2063 458 2115 actus
476 2053 646 2125 charitatis,
665 2053 812 2130 quoinde
828 2062 945 2131 peccata
965 2055 1127 2114 remittun-

115 2153 190 2204 ture
206 2140 268 2215 Qui
280 2141 371 2218 (actus
393 2138 555 2216 charitatis)
575 2138 723 2199 excitetur
740 2138 776 2197 in
794 2136 849 2199 hoc
862 2144 1060 2213 mucan,
1074 2157 1129 2219 per

114 2220 477 2308 quempeccuteucoiuiio
496 2219 663 2284 sulcantur.

158 2308 231 2368 155.
244 2306 329 2380 Qudd
343 2307 368 2367 si
385 2315 485 2385 postca
503 2305 714 2384 dignoscatur,
731 2305 943 2367 nonobstante
959 2306 1126 2386 mande

116 2391 360 2462 communionis,
385 2390 515 2451 enimam
539 2388 615 2450 nihil
637 2389 783 2468 proficere
798 2392 831 2452 in
851 2392 899 2451 via
918 2392 1125 2470 perfectionis,

116 2497 218 2560 neque
228 2493 260 2538 se
275 2475 434 2537 emendare
450 2475 467 2535 d
487 2474 580 2554 culpis
599 2475 787 2550 deliberatis,
801 2474 870 2537 licit
885 2477 1070 2552 venialibus,
1092 2487 1126 2542 ut

116 2569 142 2630 si
161 2563 288 2626 adhaeret
298 2563 387 2623 etiam
407 2560 607 2640 voluptatibus
623 2579 763 2622 senstmm
787 2561 819 2621 in
833 2560 983 2634 videndo,
1002 2564 1127 2624 audien·

116 2651 158 2714 do
172 2693 181 2723 ,
203 2646 332 2724 mendo,
353 2662 422 2707 cum
436 2645 533 2724 aliqua
546 2647 677 2706 vanitate
691 2645 863 2718 vestiendo,
881 2654 952 2705 tunc
966 2645 1127 2708 certecon·

117 2733 197 2797 sultd
216 2730 438 2809 restringendus
462 2733 520 2791 erit
539 2747 609 2791 usus
632 2730 872 2804 communionis,
895 2731 985 2790 etiam
1001 2732 1125 2794 utserid

118 2819 247 2897 cogitem
265 2816 388 2895 incipiat
401 2813 438 2875 de
449 2834 502 2876 sua
524 2814 751 2887 emendatione,
769 2823 799 2874 ct
812 2833 873 2875 suae
889 2815 1036 2895 spirituali
1057 2833 1125 2893 per-

117 2902 238 2966 icctioni
265 2901 428 2961 consulere.
456 2899 603 2962 Caeterhm
623 2900 838 2961 advertendum
859 2909 929 2974 est,
952 2899 1033 2977 qudd
1057 2900 1126 2962 licit

116 2987 246 3067 juxtas.
262 2984 404 3047 Thomem
422 2983 512 3065 (idid.
530 3003 582 3066 qu.
597 2986 647 3047 80.
669 2992 729 3046 art.
744 2985 821 3063 lu),
835 2991 871 3045 ut
896 2985 988 3063 possit
1002 2986 1069 3062 quis
1087 2987 1125 3047 ad

119 3071 360 3135 communionem
380 3070 536 3148 accedere,
551 3068 748 3150 requiretur,
771 3077 809 3130 ut
825 3086 893 3130 cum
916 3068 1125 3149 mupeodeao·

120 3159 199 3220 tione
213 3153 353 3226 accedat,
369 3153 564 3217 nihilominirs
583 3172 645 3216 non
665 3164 709 3214 eet
723 3154 922 3216 necessarium
935 3196 945 3227 ,
958 3163 994 3214 ut
1014 3155 1065 3216 illu
1085 3159 1125 3218 sit

116 3259 251 3314 summa,
271 3240 319 3300 vel
343 3237 443 3318 aperte
467 3240 622 3301 sensibilis.
637 3239 753 3300 Sufficit
771 3238 910 3298 directuri
931 3238 1067 3321 detegere
1091 3243 1126 3302 in

116 3328 227 3388 intimo
245 3323 405 3384 voluntatis
428 3324 474 3384 sui
500 3325 671 3402 poenitentis
696 3320 856 3400 quamdam
885 3323 1064 3386 alacritatem
1086 3325 1123 3385 ad

117 3407 288 3488 exequenda
306 3424 498 3487 quaecumque
514 3410 576 3469 Deo
596 3408 772 3486 placuerint.
795 3407 854 3480 Qui
874 3404 892 3468 ia
916 3409 1124 3470 communione

116 3497 302 3566 abstineret,
320 3493 467 3570 quianon
489 3495 614 3552 sentiret
633 3493 665 3550 in
686 3508 718 3550 se
735 3509 874 3571 magnum
895 3491 1052 3571 quemdam
1064 3491 1123 3551 ler-

116 3595 247 3651 vorem,
269 3577 367 3654 inquit
390 3576 494 3638 doctus
518 3578 630 3638 Gnaeo
641 3617 652 3652 ,
673 3584 749 3638 esset
772 3578 986 3657 comparandus
1005 3575 1047 3636 illi
1069 3576 1121 3652 qui

163 3667 248 3726 Tmo.
264 3663 324 3725 IX.
933 3663 972 3719 lu
