2475 3975
149 158 188 219 51
427 151 539 215 Prae-vs
548 150 732 235 confessarii.
751 153 824 234 Cep.
842 154 870 214 5.

183 257 232 319 119.
246 254 351 328 Nonb,
364 256 389 315 si
398 256 508 318 accedit
519 264 681 329 mercator,
694 255 895 333 interrogetur
906 255 935 314 1.
944 254 990 315 An
1004 252 1154 331 deceperit

144 339 323 421 inpendere
340 347 372 401 et
390 358 527 403 mensura
541 360 551 417 3
566 342 597 403 2.
611 356 651 399 an
670 354 718 400 res
735 336 902 399 vendiderit
917 338 995 397 ultra
1022 339 1154 416 pretium

144 443 344 505 supremum
369 423 535 503 presertim
563 420 661 485 dando
690 437 804 485 merces
827 422 866 483 ad
893 420 1060 493 creditum,
1083 417 1154 481 cirm

145 520 292 591 emptores
309 506 407 573 essent
423 508 518 569 securi
533 550 541 579 ,
555 518 586 569 et
606 507 683 571 nihil
698 505 799 567 domui
813 505 877 587 ipse
892 513 970 567 esset
990 522 1151 583 passurus:

144 612 182 654 an
201 604 299 655 autem
313 594 443 673 pretium
463 592 565 671 augeri
583 592 696 672 possit,
710 589 868 652 vendendo
887 589 924 651 ad
939 590 1104 661 creditum,
1117 607 1154 649 eo

145 677 225 755 qubd
242 679 299 738 tale
314 688 358 738 est
377 677 506 755 pretium
526 693 650 737 currens
664 676 697 737 in
718 674 938 736 venditionibus
950 673 988 735 ad
1007 674 1154 734 creditum

142 761 226 838 juxta
240 779 426 821 communem
442 759 692 821 aestimationem?
707 760 745 819 Et
763 778 802 819 an
819 777 965 837 res,quoe
984 758 1155 819 venduntur

146 846 336 913 minutatim,
350 845 445 907 earids
468 845 581 922 possint
600 843 714 906 vendi?
727 845 850 906 observa
864 844 1014 906 doctrinas
1025 844 1057 903 ln
1066 844 1155 903 libre

147 939 299 991 annotatas
314 926 380 1009 (Le.
397 948 430 990 aa.
441 927 534 1008 soe).

184 1016 233 1075 60.
248 1012 369 1075 Decimd
382 1058 390 1087 ,
405 1014 429 1074 si
445 1012 556 1074 accedit
569 1021 681 1088 sartor,
695 1015 894 1092 interrogetur
905 1012 935 1072 1.
946 1028 986 1073 an
998 1011 1031 1073 ln
1050 1008 1156 1073 diebus

148 1099 261 1160 festivis
278 1118 332 1177 per
356 1097 487 1161 notabile
501 1107 617 1175 tempus
641 1098 820 1159 laboraverit
835 1097 900 1157 sine
924 1094 1157 1159 extraordinaria

148 1201 251 1259 causa,
269 1192 303 1241 ut
316 1188 410 1241 vestes
431 1180 607 1258 compleret,
625 1188 656 1241 ot
674 1180 805 1243 dominis
814 1180 935 1243 efferret
947 1178 981 1258 (l.
993 1182 1024 1242 1.
1037 1198 1071 1240 a.
1086 1180 1156 1241 505.

147 1286 177 1327 u.
191 1263 407 1344 sacerrimam
420 1265 451 1325 2.
469 1265 520 1331 ,An
535 1263 649 1341 jejunia
668 1266 836 1345 impleverit
854 1264 891 1325 ab
905 1264 1030 1325 Ecclesia
1047 1282 1156 1343 prece-

147 1355 219 1431 pta?
242 1368 309 1409 nam
331 1357 457 1414 sartores
475 1348 514 1411 ob
533 1350 677 1411 sarciendi
701 1351 834 1412 laborem
857 1347 1013 1410 minimdb
1031 1347 1156 1426 jejuniis

147 1442 322 1496 excusantur
337 1431 370 1514 (ἱ.
384 1454 409 1497 c.
424 1454 456 1496 o.
470 1436 556 1495 1011.
566 1453 596 1495 υ.
609 1434 872 1515 Barttmmoresp.
886 1437 916 1496 5.
926 1437 973 1496 An
982 1436 1007 1496 si
1019 1434 1072 1494 alli
1082 1452 1157 1493 eom·

151 1520 288 1581 miserint
307 1521 334 1580 ei
355 1537 468 1599 pannos
480 1538 599 1593 emere,
613 1519 676 1601 ipse
687 1522 817 1599 pretium
829 1520 923 1597 majus
939 1519 1088 1597 exegerit,
1102 1517 1157 1576 sub

150 1604 249 1665 colore
265 1602 345 1682 qubd
363 1610 511 1665 mercator
525 1604 564 1666 ob
579 1604 758 1683 peculiarem
769 1605 927 1666 amicitiam
942 1604 1038 1681 pretio
1049 1601 1158 1663 minori

150 1706 263 1769 pannos
284 1688 312 1747 ei
331 1687 469 1749 dederit?
486 1688 517 1748 Si
538 1687 640 1749 revera
654 1706 722 1769 pars
739 1689 790 1749 illa
805 1689 894 1768 pretii
913 1687 1016 1749 fuisset
1031 1686 1088 1769 ipsi
1106 1685 1158 1745 do-

151 1782 239 1845 nata,
254 1781 325 1833 tunc
343 1775 453 1851 poterit
466 1792 532 1835 eam
554 1775 690 1852 exigere,
712 1772 802 1835 modb
816 1772 961 1833 moralem
982 1770 1159 1851 premiserit

149 1857 333 1937 diligentiam
354 1858 433 1938 apud
452 1858 524 1920 alios
538 1866 734 1931 mercatores,
757 1866 810 1919 aut
829 1856 910 1919 certo
925 1858 997 1917 sciat
1010 1853 1091 1935 qubd
1108 1854 1159 1914 alii

150 1944 350 2006 communiter
373 1962 502 2006 mercem
516 1945 598 2005 illam
613 1944 726 2006 minori
743 1960 805 2004 non
826 1940 957 2004 vendant
969 1940 1066 2020 pretio
1082 1936 1158 2018 (tio.

151 2034 182 2091 l.
199 2031 315 2090 11816.
331 2049 361 2088 υ.
375 2029 497 2109 Caute),·
510 2028 566 2090 boc
582 2039 681 2090 tamen
701 2029 789 2090 debet
810 2044 873 2089 esse
890 2026 1013 2089 omninb
1025 2037 1159 2096 eertum,

150 2115 283 2194 alioquin
304 2112 380 2175 nibil
401 2112 527 2194 amplius
545 2122 641 2193 potest
662 2115 781 2192 exigere
792 2113 882 2192 quim
895 2112 991 2174 solvit.
1003 2113 1035 2172 1.
1048 2113 1095 2172 An
1106 2112 1160 2172 sibi

151 2199 309 2260 retinuerit
318 2199 463 2273 frustula,
480 2198 542 2260 sive
552 2199 718 2276 resegmina
735 2200 882 2272 vestium,
896 2215 964 2276 quoe
976 2193 1086 2273 injuste
1095 2197 1184 2256 reti-⁴

152 2292 220 2355 net,
240 2285 297 2342 nisi
321 2283 396 2344 adsit
418 2285 575 2347 consensus
600 2283 811 2355 dominorum,
835 2291 889 2344 aut
905 2282 964 2344 nisi
978 2281 1024 2342 illi
1047 2280 1160 2359 aliquid

152 2364 262 2444 injuste
272 2365 463 2436 detraherent
477 2385 514 2428 ex
539 2370 636 2444 pretio
650 2367 770 2441 debito,
783 2368 879 2430 adbuc
899 2364 1004 2428 infimo
1027 2383 1161 2428 commu-

153 2452 233 2510 niter
246 2451 412 2510 aestimatol
427 2453 453 2510 5.
468 2452 514 2511 Au
526 2450 581 2511 sibi
602 2452 713 2512 occasio
726 2456 862 2532 proxima
881 2451 1019 2531 peccandi
1032 2458 1110 2512 esset
1125 2467 1162 2510 ex

153 2533 329 2614 accipiendis
341 2534 452 2614 regulis
470 2534 546 2596 bene
564 2535 711 2596 formandi
728 2546 822 2598 vestes
838 2538 998 2598 mulierum
1013 2553 1068 2614 per
1086 2536 1163 2613 ipsa*

153 2638 222 2680 rum
238 2637 396 2698 corporum
415 2621 734 2682 commensurationem
750 2622 851 2702 (vulgb
871 2630 906 2682 ut
921 2620 1049 2692 dieitur,
1068 2619 1104 2680 in
1114 2621 1164 2699 pi·

92 2731 95 2735 ·
152 2701 233 2786 plica·
247 2699 278 2764 la
290 2703 431 2784 naiauro),
443 2713 494 2766 aut
505 2714 580 2766 esset
590 2725 626 2766 ex
635 2706 771 2786 aptandis
782 2709 911 2768 vestibus
922 2705 1069 2778 seminis,
1083 2703 1165 2785 quod

154 2789 259 2868 nequit
280 2789 345 2849 fieri
360 2790 417 2849 nisi
434 2808 502 2852 cum
517 2791 649 2870 ipsarum
668 2793 830 2852 mulierum
841 2789 1064 2861 attrectatione,
1075 2789 1165 2867 idque

154 2883 229 2936 esset
250 2874 355 2934 sartori
370 2874 481 2936 occasio
497 2876 634 2953 proxima
648 2875 798 2937 incidendi
816 2879 849 2938 in
869 2894 973 2955 pravas
994 2875 1166 2934 delectatio-

154 2977 226 3030 nes,
239 2967 290 3018 aut
306 2957 467 3034 desideria,
481 2968 572 3037 prout
590 2977 652 3022 non
665 2961 734 3022 rard
744 2963 851 3024 accidit
862 2960 1007 3040 improbae
1019 2959 1167 3021 eonscien-

154 3045 203 3104 tiae
216 3044 310 3103 viris?

193 3127 243 3188 61.
257 3126 439 3201 Undecimo,
461 3127 486 3188 si
510 3128 621 3189 accedit
640 3129 737 3208 aliqua
760 3129 911 3191 venditrix
928 3117 991 3193 sive
1005 3135 1164 3208 proxeneta

154 3211 298 3289 (intellige
318 3212 355 3271 de
375 3211 422 3274 his
441 3212 548 3290 quibus
565 3213 725 3274 traduntur
741 3215 759 3275 ir
773 3215 903 3275 dominis
923 3230 971 3273 res
983 3211 1165 3274 >vendendas

155 3294 346 3374 licitantibus)
366 3296 564 3376 interrogetur
590 3300 618 3358 1.
643 3317 682 3360 an
704 3299 817 3377 aliquid
838 3296 999 3358 retinuerit
1014 3298 1105 3374 pretii
1128 3297 1166 3356 ab

155 3378 339 3458 emptoribus
355 3382 470 3440 exacti?
488 3381 640 3444 tenuimus
655 3384 735 3443 cuim
753 3380 787 3462 (l.
809 3401 836 3443 e.
858 3399 892 3442 o.
913 3381 983 3442 825.
1003 3398 1033 3441 u.
1051 3382 1165 3460 Quoer.)

157 3463 237 3539 qubd
256 3463 404 3526 venditrix
427 3469 530 3542 nequit
548 3467 623 3527 illud
645 3487 787 3546 superans
805 3468 862 3527 sibi
878 3466 1029 3538 retinere,
1050 3466 1165 3528 etiarnsi

158 3544 287 3604 traderet
310 3545 431 3606 domino
444 3551 572 3622 pretium
586 3553 623 3612 ab
636 3572 671 3613 eo
684 3553 888 3631 designatum,
902 3550 1049 3630 quietalis
1066 3550 1166 3611 deter·
1223 3542 1224 3549 '
