2475 3975
256 131 283 213 s.
299 131 337 191 ll.
352 130 399 203 De
411 126 543 190 oratione
558 124 815 209 contemplationis
825 174 832 201 ,
842 138 894 191 cte.
1034 134 1088 195 fif

81 236 191 299 dentiae
209 234 340 314 opposita
353 277 363 307 ,
376 231 464 292 debet
489 249 523 291 ea
543 230 667 291 omnino
689 228 867 308 probibere3
890 231 915 290 si
937 233 1010 296 verb
1029 252 1090 295 non

6 360 7 370 .
81 325 142 385 sint
154 319 323 401 prudentiae
334 317 499 387 contraria,
517 316 654 394 expedit,
676 322 711 375 ut
725 332 828 375 earum
846 316 1004 394 suspendat
1024 337 1093 379 exe-

83 406 235 467 cutionem
258 421 411 483 quousque
434 402 572 461 deveniat
591 400 624 460 in
652 398 796 477 majorem
826 402 1036 478 securitatem,
1062 413 1093 465 ct

6 517 7 577 p
84 488 180 551 multo
200 490 295 569 magia
307 489 332 548 si
350 506 398 549 res
409 487 470 548 sint
482 485 733 547 extraordinaria.

121 576 191 637 fil.
210 574 346 651 Denique
362 571 443 650 quod
459 572 565 633 attinet
579 570 616 629 ad
639 566 829 633 revelationes
846 589 947 632 rerum
966 574 1093 635 occulta·

81 679 150 722 rum
164 704 173 732 ,
190 665 243 719 aut
256 657 443 728 futurarum,
462 664 496 717 ut
508 656 617 717 scilicet
631 656 805 734 mysterium
816 656 885 717 fidei
899 691 907 730 ς
924 657 1017 718 statds
1029 677 1094 720 con·

80 745 293 812 scientiarum,
308 741 575 820 praedestinationis
588 742 775 816 animarum,
789 742 915 814 mortis,
934 746 1095 820 promotio

5 831 7 856 ³
79 832 126 891 nis
139 828 179 889 ad
191 827 321 905 aliquam
340 825 514 905 dignitatem
527 871 536 898 ,
557 834 588 884 et
605 825 652 885 his
664 825 792 901 similia3
806 825 851 885 hae
864 834 986 904 possunt
999 829 1093 907 tripli·

80 916 154 975 citer
172 910 294 985 haberi,
312 928 420 990 nempe
436 928 490 988 per
501 911 647 980 visiones,
671 927 725 987 per
739 909 922 983 locutiones,
938 918 968 971 et
980 932 1033 991 per
1045 914 1091 972 in-

5 1022 7 1054 t
80 997 258 1079 telligentias
270 996 419 1056 nudarum
435 996 606 1055 veritatum.
622 996 657 1053 ln
679 992 849 1070 hujusmodi
864 995 1092 1057 revelationibus

78 1083 170 1143 debet
189 1082 318 1143 director
331 1097 469 1159 magnam
485 1077 627 1139 adbibere
641 1078 852 1156 prudentiam,
874 1097 928 1137 nec
945 1080 983 1138 sit
1003 1080 1093 1141 nimis

75 1167 173 1227 facilis
191 1164 228 1225 ad
242 1164 442 1238 credendum,
459 1174 489 1225 ct
504 1162 654 1244 praecipue
671 1162 709 1223 ad
730 1162 955 1241 exequendum,
975 1164 1092 1240 quando

5 1320 6 1323 Ἴ
76 1253 178 1333 agitur
200 1250 238 1311 de
256 1249 442 1311 certiorando
468 1250 598 1327 aliquem
624 1249 663 1309 ob
694 1248 832 1309 notitiam
856 1249 888 1307 in
913 1248 1093 1311 revelatione

76 1345 240 1415 acceptam.
252 1336 329 1395 Ante
351 1334 450 1395 omnia
468 1333 571 1410 jubeat
595 1334 721 1404 anima,
741 1351 780 1392 ne
798 1332 1007 1393 revelationem
1028 1334 1093 1393 aliis

76 1422 207 1494 indicet,
221 1429 249 1482 et
258 1420 321 1498 ipsc
334 1418 499 1479 cautissime
511 1417 787 1496 semperpracedat,
798 1416 858 1477 irnd
868 1426 970 1476 utatur
982 1419 1092 1496 sapien·

5 1525 8 1548 ¹
76 1508 192 1567 tiorum
210 1504 352 1576 consilio,
372 1503 555 1581 quoniamut
568 1500 735 1583 plurimirm
751 1502 823 1562 tales
836 1501 1029 1561 revelationes
1041 1502 1093 1562 du·

74 1590 234 1661 biaesunt,
249 1597 278 1648 ct
295 1596 448 1666 suspecta.
464 1586 562 1650 blinds
570 1585 643 1647 verb
653 1595 795 1665 suspectae
804 1594 875 1645 sunt
888 1586 1092 1665 intelligentias

5 1678 6 1713 ³
73 1674 260 1753 simplicium
276 1673 435 1733 veritatum
456 1673 534 1733 eirca
553 1672 713 1751 mysteria,
728 1670 868 1732 attributa
891 1671 1011 1742 divina,
1029 1688 1091 1729 ma·

5 1763 9 1814 t
33 1814 36 1819 ,
73 1760 175 1820 litiam
194 1759 322 1836 peccati,
346 1756 555 1817 damnatorum
580 1756 807 1828 infelicitatem,
831 1763 862 1815 et
889 1754 936 1814 his
955 1756 1088 1815 similias

4 1868 5 1884 .
73 1842 140 1904 baec
158 1843 277 1920 quando
293 1849 362 1901 sunt
378 1841 447 1901 fidei
467 1841 629 1901 conformia
642 1884 651 1911 ,
666 1841 765 1918 inquit
775 1842 807 1900 S.
821 1840 984 1901 Ioannesd
1002 1840 1092 1899 uraca

73 1924 188 2010 (Solito
204 1924 224 1988 l.
242 1930 290 1990 lt.
307 1947 333 1990 c.
346 1926 426 2006 55.),
448 1925 527 2006 qubd
541 1928 640 1984 anima
660 1942 721 1984 non
743 1924 831 1984 debet
851 1922 916 1983 illas
934 1934 1091 2004 expetere,

4 2064 8 2079 .
74 2013 129 2074 sed
144 2013 171 2072 si
186 2013 242 2090 ipsi
257 2012 479 2084 concedantur,
496 2009 651 2072 humiliter
664 2018 734 2069 sunt
747 2009 784 2070 ab
800 2027 834 2068 ea
854 2008 1046 2088 accipiendae,
1062 2016 1092 2068 ct

4 2158 7 2177 ,
73 2116 139 2158 non
155 2096 329 2156 refutandae.
932 2153 939 2160 .

114 2183 189 2242 fla.
204 2181 307 2239 Oritur
320 2178 369 2240 hic
390 2178 516 2240 dubium
527 2201 536 2238 ι
549 2177 657 2239 Utrirm
673 2180 776 2239 omnes
789 2180 852 2238 istae
867 2179 976 2255 specics
985 2179 1092 2256 gratia·

71 2283 150 2330 rum
168 2270 199 2322 et
223 2263 526 2322 communicationum
546 2263 816 2340 supernaturalium
839 2263 966 2322 debeam
987 2261 1089 2339 rejici,

72 2359 126 2411 aut
149 2347 307 2424 acceptari.
331 2348 368 2405 Et
384 2345 627 2425 distinguendum
643 2355 703 2419 est,
728 2356 762 2406 ut
775 2348 816 2406 ait
842 2347 945 2408 doctus
970 2348 1090 2428 quidam

73 2439 191 2495 Auctor
204 2430 250 2509 (F.
267 2429 416 2492 ¹Borcani.
429 2429 469 2492 do
486 2427 674 2492 Caeretanae
684 2476 694 2509 ,
704 2433 812 2492 Dirett.
825 2433 914 2494 Mna.
932 2429 954 2492 l.
968 2436 999 2494 2.
1010 2451 1044 2514 p.
1058 2435 1087 2493 2.

75 2537 102 2578 c.
119 2515 164 2594 f.)
180 2533 249 2576 curn
262 2517 294 2578 S.
309 2518 457 2576 ioanncd
477 2517 584 2590 Gracc,
601 2526 632 2576 et
651 2518 735 2577 aliis:
750 2518 853 2596 gratiae
863 2518 921 2578 illae
934 2519 1089 2596 quaelon·

76 2599 180 2679 ganto
200 2597 276 2674 fide,
290 2618 325 2661 ex
339 2619 374 2662 eo
392 2602 462 2680 qnia
480 2602 644 2663 consistunt
656 2603 688 2662 in
706 2601 883 2680 quibusdam
902 2603 1015 2661 notitiis
1029 2603 1090 2662 dis-

76 2685 196 2755 tinctis,
219 2691 253 2745 ut
273 2694 342 2746 sunt
354 2687 507 2756 visiones,
527 2688 715 2758 locutiones,
733 2693 764 2747 et
791 2686 1011 2759 revelationes,
1036 2685 1089 2768 has

76 2777 197 2849 oportet
214 2771 294 2832 omni
319 2780 425 2831 conatu
446 2771 591 2849 rejicere,
612 2770 664 2831 sed
684 2770 763 2844 illae,
785 2790 821 2832 ex
843 2771 998 2851 opposito,
1023 2789 1089 2851 quaa

76 2861 149 2914 sunt
163 2854 325 2916 uniformes
342 2855 430 2928 fidei,
443 2863 476 2915 ut
491 2865 558 2916 sunt
570 2857 682 2916 notitiae
707 2858 853 2930 confusae,
873 2865 903 2916 et
917 2857 1088 2934 generales,

75 2947 107 2997 ct
119 2946 213 2998 tactus
224 2937 337 3012 divini,
357 2941 409 3018 qui
428 2941 537 3000 uniunt
549 2941 678 3004 animam
692 2943 777 3015 Dea,
793 2959 854 3002 non
870 2950 940 2998 sunt
952 2939 1089 3016 rejicien-

76 3021 123 3082 doe
136 3066 145 3093 ,
158 3020 219 3084 imi
236 3033 358 3101 possunt
372 3024 527 3086 humiliter
548 3026 667 3106 expeti,
694 3036 724 3087 ct
744 3024 925 3096 desiderari,
944 3033 979 3083 ut
997 3025 1090 3102 magis

76 3107 231 3184 magisque
247 3109 308 3168 Deo
320 3109 460 3184 uniatur,
475 3119 505 3172 et
517 3111 549 3170 in
563 3129 617 3170 suo
632 3119 733 3173 sancta
747 3127 848 3171 amore
860 3106 1013 3170 solidetur.
1029 3111 1090 3171 liae

11 3251 16 3264 ,
77 3189 275 3252 nihilominbs
289 3193 467 3273 intelligitur
486 3213 540 3274 pro
558 3195 617 3256 illis
629 3197 784 3256 animabus
797 3214 807 3271 ¹,
822 3191 961 3272 quaejam
980 3193 1090 3255 donan-

77 3282 131 3333 tur
145 3275 293 3338 similibus
309 3278 477 3353 favoribus,
493 3281 634 3360 quoniam
646 3300 701 3358 pro
716 3280 780 3339 aliis
792 3279 884 3338 tutior
895 3279 941 3338 via
954 3288 997 3340 est
1012 3279 1089 3340 desi·

78 3357 183 3418 derare
199 3366 229 3420 ct
241 3371 378 3441 expetere
398 3365 605 3425 tantummodo
629 3367 769 3424 unionem
786 3363 928 3438 activam,
945 3382 1034 3442 quae,
1056 3371 1089 3421 ut

79 3441 229 3520 diximus,
250 3455 294 3506 cst
313 3449 385 3508 unio
408 3448 569 3508 voluntatis
589 3457 697 3509 nostrae
717 3467 785 3508 cum
803 3448 903 3508 divIna
926 3449 1087 3508 voluntate.

79 3526 318 3674 DirTectoripqutur
336 3532 455 3610 quanda
473 3533 501 3592 ci
524 3533 687 3594 occurrerit
702 3533 800 3592 anima
815 3550 883 3591 cum
902 3530 949 3670 pqs
961 3546 1089 3588 eommu-

150 3630 208 3673 om.
283 3657 290 3674 .
