2475 3975
68 167 126 228 l88
341 165 455 228 Prasia
467 162 650 246 consectarii.
668 164 742 247 Cap.
759 165 807 226 ll.

459 351 572 416 Deinde
580 351 682 416 dicata

108 530 169 608 Ego
183 547 221 589 ax
237 533 380 607 potestate
399 526 474 587 milri
495 525 603 587 tradita
618 534 650 588 et
667 543 801 586 concessa
824 527 972 608 suscipio,
987 547 1021 590 ac
1035 549 1083 591 rc·

69 614 147 690 cipio
171 622 202 674 tc
221 613 259 672 ad
276 612 530 691 participationem
548 611 684 672 omnium
704 611 893 683 orationum,
913 612 1084 692 disciplina-

70 717 139 758 rum
153 743 161 768 ,
177 716 318 776 procum,
334 696 565 775 suffragiorum,
581 697 855 774 eleemosynarum,
873 694 1080 774 iejuniorum,

69 782 255 859 vigiliarum,
274 781 451 858 missarum,
465 780 608 841 horarum
622 781 850 851 canonicarum,
864 798 898 840 ac
907 789 1082 846 caeterorum

72 865 517 944 bonorumspiritualium,quae
528 866 652 944 passim,
662 865 722 936 dic,
739 873 883 942 nocteque
895 865 1083 946 (coiipcrante

71 950 273 1012 misericordia
285 953 355 1013 lesu
372 950 493 1029 Christi)
504 951 522 1011 l
535 951 679 1029 religiosis
699 960 892 1031 peraguntur.
905 954 940 1014 ln
962 958 1083 1017 nomine

71 1037 187 1108 Patris,
207 1045 238 1098 ct
257 1038 342 1112 Filii,
355 1045 386 1100 et
398 1036 527 1116 Spiritts
538 1037 645 1097 sancti.

111 1133 192 1191 Bene
203 1135 238 1201 ἦ(
253 1131 331 1192 dicat
344 1139 374 1190 te
385 1128 521 1190 conditor
537 1130 602 1189 coeli
618 1137 649 1188 et
662 1136 766 1204 terrae,
781 1129 861 1189 Deus
875 1131 1086 1209 omnipotens,

73 1215 125 1291 qni
148 1223 177 1274 te
195 1215 305 1292 eligere
319 1214 456 1291 dignatus
468 1213 560 1273 estad
572 1213 666 1272 beatae
677 1214 808 1291 Virginis
821 1216 920 1278 llariae
933 1217 970 1276 dc
982 1227 1084 1280 monte

73 1297 208 1357 Carmclo
231 1300 417 1370 societatem,
433 1307 464 1359 et
481 1298 771 1370 confraternitatem,
785 1317 876 1378 quam
901 1319 1082 1378 precamur,

73 1390 108 1440 nt
128 1383 160 1441 in
177 1381 249 1444 hora
266 1383 365 1445 obittis
382 1385 427 1446 tui
449 1392 582 1448 conterat
595 1393 684 1461 caput
701 1385 864 1462 serpentis,
886 1387 937 1462 qui
961 1388 1017 1448 tibi
1042 1398 1085 1450 est

73 1465 275 1540 adversarius,
289 1479 320 1530 et
342 1471 463 1530 tandem
481 1479 622 1546 tanquam
636 1468 732 1530 viator
747 1469 876 1547 palmam
894 1479 923 1530 et
944 1490 1083 1534 coronam

72 1551 283 1628 sempiternam
295 1553 474 1613 haereditatis
493 1553 690 1630 consequaris.
699 1555 755 1615 Per
764 1552 912 1618 Christum
922 1555 1085 1619 Dominum

72 1642 217 1694 nostrum.
231 1637 337 1696 Amen.

273 1815 458 1896 Asperpotor
469 1815 612 1898 recipiens
625 1820 707 1898 aqut
720 1815 879 1879 benedicto.

110 1997 180 2057 att.
192 1994 360 2058 Benedictio
373 1996 547 2079 Scapulanis
560 2002 593 2061 S.
610 1997 721 2059 atarto
736 2004 845 2079 septem
862 1994 1009 2061 notram
1030 2002 1084 2083 (l).

110 2176 356 2256 atntjntorium
380 2188 535 2253 nostrum,
557 2188 614 2244 etc,

112 2269 151 2340 nt.
168 2266 226 2339 Qui
241 2266 311 2331 fecit
328 2266 647 2342 acclamatorum,
663 2271 722 2333 cta

496 2444 660 2508 OREMUss

72 2607 209 2737 Dorias
222 2673 290 2733 lesu
304 2672 420 2737 Christe
431 2719 440 2749 ,
450 2675 502 2755 qui
514 2682 634 2755 tegmen
641 2683 749 2737 nostrae
760 2678 946 2740 mortalitatis
959 2676 1090 2741 induere

71 2760 268 2837 dignatusca,
289 2759 475 2822 obsecramus
496 2763 672 2824 immensam
691 2764 834 2843 largitatis
851 2774 910 2827 tuac
930 2762 1089 2825 abnndan-

71 2846 165 2917 tiam,
185 2851 220 2904 ut
239 2842 295 2903 hoc
316 2862 410 2923 genus
430 2849 697 2919 vestimentorum,
716 2850 797 2929 quod
817 2850 908 2909 sancti
927 2857 1024 2928 patres
1047 2850 1088 2911 ad

73 2930 272 2991 innocentiam
285 2973 294 3000 ,
308 2928 544 3008 humilitatisque
558 2932 702 2993 indicium
728 2936 761 2995 in
785 2935 957 2995 memoriam
971 2941 1088 3012 septem

72 3016 216 3076 Dolorum
224 3016 257 3079 B.
272 3014 404 3095 Virginis
417 3019 517 3079 Mar-im
534 3036 587 3079 nos
601 3020 678 3079 ferre
691 3029 869 3092 sanxerunt,
887 3020 929 3081 ita
950 3020 1026 3079 bene
1045 3024 1086 3097 ›1‹

71 3098 170 3159 dicere
182 3098 330 3178 digneris,
344 3109 378 3160 ut
396 3103 447 3179 qui
467 3103 525 3163 illis
543 3104 633 3165 suerit
649 3104 791 3175 indutus,
810 3122 933 3183 corpore
951 3104 1086 3182 pariter,

73 3200 106 3241 ac
117 3185 216 3249 anima
230 3184 336 3253 induat
354 3194 385 3246 tc
403 3188 584 3256 Salvatorem
599 3198 747 3257 nostrum.
761 3188 818 3267 Qui
836 3189 910 3251 vivis
928 3197 957 3249 et
978 3205 1088 3267 regnas
1201 3220 1208 3247 r

72 3265 105 3324 in
116 3267 220 3325 saecula
232 3272 418 3332 sacculorum.
432 3274 538 3333 Amen.

74 3448 390 3569 coiit)rt}t³⁰11⁰tp⁸ri.⁸pumm
405 3457 498 3505 Ordinis
518 3460 645 3507 Servorum
662 3460 685 3509 B.
710 3461 741 3508 n.
758 3462 786 3508 V.
797 3476 825 3511 ar,
846 3468 982 3511 constater
1006 3476 1087 3525 panno

826 3592 891 3639 Edit.
