2475 3975
265 178 266 182 ’
364 168 417 232 Ea
427 167 562 250 operibus
577 165 725 230 Benedicti
735 168 785 230 XI
790 167 825 231 l'.
1001 235 1006 245 ,
1040 167 1106 248 507,
1137 134 1142 140 ι

90 273 222 336 luendus
231 278 276 336 est
288 317 297 346 ,
308 275 338 333 et
348 270 384 330 ad
397 272 574 350 Episcopum
593 271 720 347 pertinet
731 269 894 347 praeelectio
905 268 984 330 inter
995 286 1099 348 appro-

89 361 194 432 batos,
207 367 242 418 ut
254 376 290 418 ex
311 359 435 416 Decreto
457 357 489 416 S.
502 355 535 414 G.
548 353 628 432 apud
643 352 821 414 Bortosam.
845 353 889 414 De
909 353 982 433 Syn.
1003 353 1096 415 Dioec.

86 442 417 507 Lbedmdmb

128 529 204 590 Sede
229 537 352 590 vacante
375 528 407 588 in
425 525 616 588 concursibus
631 522 736 584 electio
761 532 806 586 est
826 522 937 585 vicarii
958 521 1099 602 capitula·

86 614 131 677 ris
141 659 150 686 ‚
159 613 272 674 named
285 615 371 674 illum
384 620 444 672 tota
452 611 620 690 jurisdictio
628 609 747 687 capitoli
759 609 939 670 devolvitur.
953 626 1038 670 num.
1048 610 1098 669 lo.

129 702 164 760 ln
179 716 323 759 concursu
336 696 549 758 examinatores
557 705 698 756 tenentur
707 693 823 771 judices
835 714 897 757 esse
909 713 971 756 non
982 694 1099 756 tantum

87 783 235 846 doctrine
245 825 257 854 ,‚
272 782 322 848 sed
335 791 363 843 et
376 790 549 844 caeterarum
563 782 690 850 dotum,
710 798 777 856 quae
790 781 959 841 necessarie
980 780 1098 840 suntad

87 866 257 947 parochiale
272 867 413 928 officium.
428 868 471 926 lte
489 866 625 926 Pontifex
640 864 673 924 in
687 864 768 928 bulla
782 863 856 925 Cum
877 861 963 926 illud.
975 865 1011 925 ln
1027 883 1099 926 con·

86 971 178 1014 cursu
191 951 326 1013 habendo
339 949 401 1011 haec
417 949 571 1010 servanda.
586 951 631 1014 lb..

129 1036 349 1100 Habildnotitid
359 1035 516 1098 vacationis
525 1034 671 1105 Ecclesiae,
681 1033 841 1112 Episcopus
849 1031 1098 1114 vicariumdepu·

85 1129 133 1185 let
145 1140 213 1182 cum
225 1124 428 1184 emolumento
441 1117 504 1198 ejus
521 1119 645 1180 arbitrio
659 1115 845 1196 assignando.

126 1207 285 1285 Episcopus
300 1207 431 1285 publicet
442 1205 578 1265 Edictum
600 1201 781 1275 concursus,
794 1199 943 1280 praefinito
963 1207 1098 1280 tempore

84 1290 153 1369 ejus
168 1289 296 1351 habendi
309 1335 318 1363 ,
333 1291 411 1352 intra
430 1290 510 1368 quod
526 1299 644 1367 ternpus
663 1296 871 1348 concurrentes
887 1284 1019 1348 delerant
1030 1306 1099 1366 pcr-

83 1393 167 1441 sonae
181 1375 218 1434 ab
230 1377 372 1453 Episcopo
379 1374 554 1454 deputandae
563 1392 684 1434 suarum
696 1372 890 1450 qualitatum,
903 1373 1097 1446 meritorum,

86 1471 117 1522 et
130 1479 289 1524 munerum
301 1460 478 1522 documenta
490 1459 623 1536 sincera,
636 1460 699 1519 sive
708 1455 861 1536 judicialia
872 1477 882 1536 3
895 1476 961 1538 quae
977 1475 1012 1518 eo
1024 1468 1100 1520 tem·

84 1564 161 1626 porc
176 1545 273 1624 elapso
287 1563 473 1624 nequaquam
484 1545 681 1624 recipiantur.

126 1631 181 1690 Die
193 1631 231 1690 ad
246 1648 421 1692 coneursum
437 1630 546 1692 indicta
559 1673 568 1704 ,
583 1647 700 1690 summa
725 1645 829 1690 eorum
848 1626 1097 1690 documentorum

86 1711 105 1774 d
121 1715 300 1776 Cancellario
314 1715 472 1792 episcopali
487 1715 616 1774 conlecta
634 1713 770 1773 tradatur
791 1715 855 1787 illi,
876 1717 928 1792 qui
941 1713 1098 1778 concursui

86 1808 213 1878 praeest,
227 1807 258 1860 et
279 1799 451 1876 singillatim
470 1798 608 1859 omnibus
621 1798 882 1860 examinatoribus.
898 1799 975 1858 Tum
990 1797 1099 1858 habea-

86 1893 139 1944 tur
154 1901 313 1945 concursus
328 1881 479 1960 assignatis
491 1881 616 1960 singulis
631 1881 878 1941 concurrentibus
891 1881 996 1941 iisdem
1009 1900 1100 1960 quaes·

84 1969 238 2045 tionibus,
260 1968 424 2047 eodemque
436 1967 579 2047 evangelii
591 1967 693 2040 textu,
711 1983 875 2044 superque
895 1967 1039 2026 sermonis
1050 1967 1100 2025 ali·

86 2056 160 2136 quid
172 2063 380 2119 concurrentes
393 2052 595 2135 praescribant.
609 2052 678 2113 llaec
689 2052 788 2113 omnia
799 2051 947 2112 dictentur
960 2051 1099 2111 omnibus

90 2141 196 2203 eodem
212 2142 324 2219 pariter
344 2150 503 2221 tompore,
523 2138 600 2199 etin
622 2136 727 2199 eodem
742 2136 874 2196 conclavi
891 2136 1017 2196 clausis:
1034 2137 1100 2196 assi·

87 2233 257 2306 gutturque
266 2226 405 2286 omnibus
418 2240 585 2301 congruum
599 2217 716 2299 tempus
726 2220 763 2280 od
778 2220 1029 2297 respondendum.
1040 2222 1099 2281 Re-

86 2328 194 2389 sponsa
217 2327 270 2370 suu
290 2312 417 2389 quisque
437 2326 528 2369 manu
553 2307 666 2386 scribat
687 2322 823 2366 sermone
849 2305 964 2379 latino,
986 2307 1099 2387 suaque

84 2394 191 2457 itidem
203 2412 294 2456 manu
306 2392 482 2457 subscribat.
496 2394 601 2455 Sermo
613 2391 650 2452 ad
665 2392 809 2470 populum
823 2391 977 2452 habendus
992 2410 1099 2453 verna·

85 2482 152 2542 cula
166 2480 268 2561 lingui
288 2481 444 2545 scribatur.
460 2480 607 2557 Responsa
624 2475 746 2539 demdm
770 2477 833 2555 ipsa
847 2477 1013 2539 subscribat
1031 2488 1097 2539 tum

87 2568 284 2628 Cancellarius
297 2564 456 2630 concursus
464 2609 475 2643 ,
490 2574 557 2627 tum
566 2564 721 2643 superior,
734 2564 786 2642 qui
799 2571 922 2641 praest,
932 2563 1097 2626 acdemdm

87 2652 430 2731 examinatoressinguli.

125 2738 277 2797 Tenentur
288 2737 378 2797 etiam
393 2735 430 2795 ab
444 2731 694 2798 examinatoribus
708 2731 854 2812 explorari
872 2739 1096 2807 concurrentes,

89 2820 147 2899 qua
158 2820 263 2899 peritii
286 2822 415 2900 polleant
427 2820 458 2881 in
474 2819 575 2899 lingua
596 2817 709 2895 latini,
725 2818 869 2879 tradendo
884 2819 942 2879 illis
955 2820 1098 2897 explicam

87 2906 161 2966 dum
183 2906 295 2984 aliquid
312 2907 374 2966 sive
391 2905 429 2966 de
447 2906 554 2965 sanctis
569 2904 727 2975 Patribus,
743 2904 805 2963 sive
820 2904 858 2963 de
880 2903 1011 2965 Concilio
1029 2904 1098 2962 Tri·

88 2990 231 3065 deniino,
246 2998 298 3052 aut
308 2990 490 3053 Catechismo
503 2992 636 3051 Romano
646 3032 655 3061 ,
667 2988 748 3067 quod
760 2986 902 3049 oretends
911 2987 976 3048 fieri
989 2995 1096 3065 potest.

128 3080 276 3158 Responsa
290 3079 331 3139 ita
349 3078 513 3158 subscripta
527 3078 617 3137 etiam
628 3074 666 3135 ab
676 3072 948 3146 examinatoribus,
965 3073 1017 3151 qui
1032 3091 1099 3151 pau·

88 3163 182 3227 eiures
194 3164 290 3225 tribus
307 3181 441 3225 essenon
457 3169 598 3242 possunt,
610 3160 670 3221 und
683 3178 752 3222 cum
765 3158 868 3221 notuld
881 3156 1099 3237 compendiaria

87 3248 299 3328 requisiturum
317 3249 472 3310 tradantur
492 3247 674 3309 Cancellario
689 3245 900 3319 custodienda,
920 3261 1011 3325 penes
1035 3253 1098 3305 aeta

88 3344 198 3395 secreta
208 3336 321 3395 nemini
343 3334 535 3396 ostendenda.
1118 3390 1126 3408 ,

127 3420 158 3479 Si
171 3420 238 3497 quis
256 3419 465 3498 appellandum
482 3416 632 3477 duxeriti
655 3415 734 3477 maid
751 3413 896 3475 relatione
915 3410 1099 3475 examinato-

89 3520 175 3583 rum,
189 3505 237 3565 vel
256 3503 451 3565 irrationabili
464 3500 577 3579 judicio
597 3499 753 3579 Episcopi,
772 3517 872 3559 coram
885 3497 986 3575 judice
998 3493 1099 3567 appel·

88 3588 208 3653 lationis
225 3597 288 3651 acta
301 3589 416 3667 integra
427 3583 585 3651 concursus
606 3584 834 3647 introducantur
846 3622 857 3655 ,
871 3578 923 3657 qui
936 3574 996 3635 illis
1010 3573 1098 3645 visis,
