2475 3975
158 160 178 219 1
438 162 550 225 Procris
562 160 746 242 consectarii.
761 162 835 243 Cap.
848 162 879 222 1.

160 261 193 323 in
207 259 333 343 benigne
342 264 514 345 excipiendo
523 282 643 336 omnes,
655 262 718 325 sivo
726 281 869 343 pauperes
880 307 888 335 ,
900 264 962 327 ciro
981 265 1090 339 rades,
1103 267 1168 327 sive

160 355 325 423 peccatores
346 350 416 411 sint
439 348 581 411 Nonnulli
600 358 718 427 tempus
744 347 931 410 solummodd
955 350 1111 410 insumunt
1132 351 1167 411 ia

160 430 313 493 audiendis
328 434 557 495 confessionibus
578 434 747 511 aliquorum
769 430 967 502 devotorum,
993 440 1046 492 aut
1064 452 1168 512 perso·

161 534 267 577 narum
285 520 508 597 spectabilium,
526 518 611 597 quia,
626 525 661 579 ut
676 516 757 579 basi
771 536 803 577 se
815 518 979 597 repellant,
997 536 1058 579 nou
1070 520 1168 580 esteis

160 609 259 661 tantus
277 604 411 682 animus;
435 605 459 665 si
479 612 577 665 tamen
599 603 636 665 ad
657 621 689 663 se
713 603 819 681 aliquis
840 602 1014 663 miserabilis
1032 614 1168 681 peccator

160 686 291 757 accedat,
311 686 390 768 aegrb
409 688 549 762 auditur,
566 697 597 749 et
613 687 752 749 conviciis
771 696 909 748 oneratus
928 696 1061 764 arcetur3
1083 688 1167 750 undo

159 766 195 829 fit
206 813 214 841 ,
227 778 263 830 ut
281 772 331 833 ille
349 774 461 847 miser,
481 774 532 853 qui
552 779 708 851 postquam
730 773 786 834 sibi
804 771 962 832 maximam
981 772 1042 833 vim
1060 772 1167 833 intule·

159 852 214 925 rit,
242 873 302 933 quo
323 854 360 917 ad
381 875 434 918 sua
456 866 571 937 peecata
591 856 756 919 confitenda
776 856 908 933 veniret,
929 872 961 915 se
981 865 1043 916 tam
1061 857 1167 937 aspere

159 947 312 1017 acceptum
328 944 477 1015 sentiens,
490 942 592 1003 odium
606 943 638 1003 iu
651 942 834 1002 Poenitcntiro
851 943 1072 1001 Sacramentum
1092 962 1166 1005 con-

158 1021 263 1103 cipiet,
278 1034 308 1085 et
323 1024 480 1106 desperans
496 1045 528 1087 se
545 1043 630 1106 posse
649 1019 783 1086 invenire
801 1026 853 1103 qui
865 1025 921 1085 sibi
939 1026 1102 1103 opituletur
1114 1072 1122 1098 ,
1134 1038 1168 1090 et

146 1123 189 1193 ‘ce
205 1108 363 1170 absolvatb
378 1112 520 1191 peccatis,
535 1112 567 1171 in
588 1110 711 1190 perditae
730 1111 799 1171 vitra
816 1110 964 1170 lubricum
983 1110 1056 1169 laxis
1073 1108 1167 1173 babe-

157 1191 204 1251 nis
223 1210 351 1271 praeceps
372 1205 459 1269 ruat,
473 1206 503 1257 et
518 1197 550 1257 in
567 1196 669 1257 salutis
688 1193 922 1273 desperationem
940 1194 1060 1255 ineidat.
1075 1196 1166 1259 Sectis

158 1274 227 1334 boui
246 1278 412 1338 confessarii
440 1289 553 1359 agunt3
574 1278 643 1341 edm
670 1278 708 1339 ad
736 1298 767 1341 sc
792 1277 963 1355 hujusmodi
995 1288 1165 1355 peccatores

157 1357 330 1433 confluunt,
357 1363 484 1445 benigne
506 1362 559 1427 hos
583 1364 754 1443 excipiunt,
782 1370 813 1424 et
837 1361 938 1442 (quasi
960 1360 1052 1423 vietor
1074 1370 1165 1443 copto

155 1443 270 1523 prcedd)
282 1449 430 1521 exultant,
443 1450 657 1529 perpendentes
666 1450 721 1510 sibi
731 1458 841 1509 sortem
851 1447 1005 1526 contigisse
1014 1492 1022 1518 ,
1032 1450 1165 1512 animam

157 1528 195 1587 de
213 1531 350 1593 manibus
372 1533 514 1595 doemonis
527 1536 652 1614 eripere.
668 1534 770 1593 Sciunt
788 1533 844 1593 hoc
857 1534 1080 1592 Sacramentum
1092 1552 1165 1611 pro-

157 1610 222 1691 prie
239 1633 299 1675 non
311 1636 367 1695 pro
374 1616 463 1696 justis
475 1620 565 1679 luisse
579 1618 770 1686 coustitutum
783 1662 792 1689 ,
807 1616 858 1677 sed
874 1634 929 1695 pro
941 1618 1164 1696 peccatoribus3

156 1697 246 1757 etiam
266 1702 347 1761 enim
376 1703 504 1763 veniales
523 1704 638 1783 culpae,
657 1711 692 1763 ut
712 1702 919 1769 remittantur,
946 1718 1006 1759 non
1028 1700 1165 1780 indigent

155 1787 359 1846 sacramentali
373 1788 573 1865 absolutione3
587 1786 656 1849 edm
674 1788 774 1847 multis
792 1788 857 1846 aliis
876 1784 971 1846 modis
987 1785 1079 1845 deleri
1093 1805 1164 1865 pos-

155 1866 225 1927 sint.
240 1868 342 1931 Sciunt
358 1890 476 1951 quoque
493 1872 642 1934 Christum
661 1880 855 1945 protestatum
872 1871 961 1931 luisse
979 1867 1026 1928 his
1039 1871 1161 1932 verbis:

156 1951 227 2014 Noa
245 1954 314 2016 acroi
332 1974 433 2018 occare
444 1958 558 2040 justos,
572 1956 623 2020 aad
637 1958 916 2038 petrocoreum.
932 1958 961 2017 1.
976 1956 1024 2016 17.
1039 1956 1165 2035 Propte-

154 2054 204 2098 rea
217 2041 407 2102 conlessarius
417 2041 565 2104 eharitatis
578 2043 688 2104 viscera
704 2042 850 2113 induens,
867 2039 927 2118 qud
946 2040 1037 2117 magis
1048 2042 1164 2105 animas

154 2133 340 2200 peecatorum
360 2127 552 2188 multitudine
571 2136 601 2188 et
623 2127 775 2188 atrocitate
794 2126 998 2203 coinquinatas
1010 2127 1162 2202 reperiat,

155 2205 190 2266 eb
202 2209 313 2286 magis,
326 2219 359 2270 ut
374 2212 436 2272 Deo
455 2212 530 2290 ipsas
548 2211 728 2279 lucrifaciat,
746 2209 858 2287 majore
874 2208 1016 2268 charitate
1037 2227 1086 2268 eas
1097 2229 1164 2270 am-

154 2289 318 2367 plectatur,
332 2294 432 2371 eisquo
451 2297 583 2356 animum
600 2296 734 2374 praebeat
754 2295 800 2353 his
816 2303 867 2354 aut
883 2293 1031 2352 similibus
1048 2294 1162 2357 verbis.

153 2373 215 2454 Eju
225 2372 340 2454 frater!
353 2375 426 2438 botro
445 2377 545 2440 oniaco
561 2387 636 2451 cato,
651 2376 716 2439 reoli
726 2377 848 2455 timere3
861 2385 980 2459 peecata
994 2384 1046 2437 tua
1061 2377 1163 2458 irnpe-

153 2457 219 2520 oa‘de
238 2458 384 2540 confitere.
409 2462 500 2544 Aperi
517 2463 618 2524 omnio
635 2461 832 2542 confidenter,
859 2459 974 2522 nullius
995 2469 1021 2522 te
1034 2459 1160 2541 pudeat.

152 2541 241 2603 Nr‘lail
254 2542 362 2624 refert,
384 2547 416 2608 si
431 2547 464 2608 ire
478 2565 576 2608 oarracs
597 2555 656 2608 tam
673 2546 854 2608 conscientie
872 2547 956 2607 sinas
975 2564 1037 2606 aaa
1062 2547 1162 2608 iatro-

152 2629 283 2710 spectris
295 2653 306 2688 .-
319 2625 428 2711 aufflea't
445 2633 474 2693 ai
485 2631 525 2693 od
545 2632 727 2710 intertornata
743 2628 927 2712 respondeas.
943 2633 1002 2712 Ape
1015 2633 1162 2710 Deoyra-
1193 2626 1195 2629 ’

153 2711 212 2776 tice
234 2715 289 2793 qart'
309 2723 335 2775 te
357 2715 505 2800 bacasque
525 2716 564 2778 od
584 2715 789 2797 pervadentium
804 2716 975 2797 expectavit.
995 2717 1084 2776 Nurac
1106 2715 1165 2794 titt

150 2797 295 2859 mutando
308 2809 351 2860 cst
368 2800 442 2861 aito.
458 2804 589 2870 Lactora,
606 2800 680 2880 quio
697 2804 779 2862 Deua
798 2803 872 2860 certi
891 2802 992 2861 omnio
1017 2807 1158 2878 peccota,

151 2883 343 2964 qaarttrlmot'a
354 2883 503 2966 inpectis,
522 2886 576 2947 titt
590 2883 733 2956 remittit,
748 2883 776 2946 oi
789 2883 896 2946 borram
918 2881 1005 2944 babes
1019 2878 1159 2942 colorato-¹

150 2975 225 3044 conr,-
247 2967 367 3050 totque
389 2977 415 3029 te
434 2971 612 3049 expectavit,
637 2977 673 3029 ut
699 2967 753 3029 tibi
771 2976 913 3048 parceret.
938 2966 1039 3047 lpitatr
1063 2963 1159 3032 hilari

148 3053 249 3114 aniam
260 3053 307 3114 dt'o
318 3053 432 3124 cornio,
450 3050 528 3114 altit
543 3050 702 3114 incolumis
719 3060 808 3133 tepus.

186 3141 217 3200 l.
237 3137 413 3199 charitatem
435 3137 542 3198 deindo
560 3137 648 3216 longe
666 3137 807 3212 majorem
830 3136 985 3197 ostendere
1012 3137 1100 3201 debet
1123 3137 1158 3201 in

147 3223 359 3286 consessionem
368 3223 551 3302 excipiendo.
565 3225 672 3282 Caveat
684 3240 721 3282 ne
730 3241 761 3282 se
770 3224 975 3300 impatientem
986 3266 994 3295 ,
1005 3232 1056 3282 aut
1067 3223 1158 3285 taedio

148 3308 285 3369 allectum
304 3306 454 3379 exhibeat3
468 3325 522 3368 nec
541 3307 677 3368 ostendat
693 3307 887 3366 admiratione
906 3308 1024 3385 percelli
1039 3306 1076 3366 de
1088 3327 1159 3386 pee-

148 3393 219 3452 catis
232 3411 297 3470 qum
309 3400 485 3468 narrantum
499 3391 587 3452 modb
598 3392 745 3470 poeuitcns
758 3394 869 3452 nonsit
884 3392 924 3452 ita
936 3391 1036 3450 animo
1048 3391 1159 3468 durus,
1236 3444 1237 3447 ,

100 3517 105 3526 .
148 3486 199 3533 aut
220 3476 371 3552 petulans,
389 3483 423 3534 ut
430 3475 514 3558 plura
523 3475 702 3535 elatrociora
717 3484 832 3553 peccata
843 3476 908 3534 sine
919 3474 978 3534 ullo
990 3475 1113 3549 rubore,
1126 3486 1160 3540 et

146 3557 1154 3640 siuealladisplieeutiaanimiquesensuexponeret‚quiatuueopus
