2475 3975
122 214 180 276 rte
368 213 505 272 reatae
519 203 765 272 otda'aoudoruot.
784 207 856 288 Cep.
872 207 900 268 5.

119 315 220 376 dotem
240 330 297 392 pro
317 309 364 372 his
384 311 492 373 offerre
511 311 629 372 Missam
644 310 734 370 etiam
754 309 874 369 nomine
897 308 1050 370 Ecclesiae:
1064 307 1138 370 licet

120 399 201 458 enim
224 399 314 458 etiem
339 398 456 457 tolerati
479 397 540 456 sint
561 395 671 455 exclusi
697 393 714 454 d
739 395 1007 454 communicatione
1029 393 1136 454 suifra-

121 484 260 558 giorum,
282 491 381 542 tamen
401 481 466 540 aliis
488 479 591 540 datum
610 489 655 540 est
675 477 691 538 ia
711 478 841 538 Concilio
855 479 1071 540 constantiensi
1089 479 1137 556 (ut

122 565 250 628 babetur
266 568 298 628 in
309 569 437 626 Extrao.
452 565 571 626 Martini
589 565 627 624 V.
641 561 688 623 Aet
700 561 850 641 evitando)
862 562 956 626 libere
969 581 1053 642 pesse
1065 579 1138 622 eum

122 651 193 732 ipsis
222 650 439 713 eommunieare
467 647 564 709 adhue
593 649 625 708 in
655 647 790 721 divinis,
820 657 910 724 prout
945 648 1059 710 dietum
1089 657 1135 708 est
1231 673 1233 702 t

124 734 146 797 l.
167 738 195 796 7.
217 754 251 794 a.
277 733 344 795 159.
369 733 417 794 Sic
436 733 549 812 pariter
578 729 761 812 probabilius
790 732 860 792 lieet
882 732 989 794 offerre
1016 730 1137 794 Missam
1231 731 1233 798 ζ

124 839 178 900 pro
203 818 397 891 infidelibus,
426 827 460 878 ut
483 819 591 879 doeent
620 813 764 878 Bellurm.
790 818 897 896 Lepta.
919 820 1009 880 Suae.
1037 817 1136 880 Soloe.

121 913 174 965 ete.
195 913 298 964 eontra
319 905 440 980 Setaea,
467 905 536 982 quia
555 902 689 964 Christus
714 919 769 981 pao
791 903 929 963 erunibus
954 921 984 963 se
1006 904 1137 976 obtulit,

123 989 214 1068 idque
234 987 314 1049 eertb
329 988 445 1048 licitum
460 989 516 1049 luit
534 988 565 1048 in
580 988 643 1065 lege
656 987 767 1062 veteri3
784 985 878 1046 tudaei
898 987 978 1049 enim
991 1007 1044 1068 pro
1058 991 1138 1052 Gen-

123 1076 204 1136 tibus
221 1074 384 1136 sacrificare
396 1074 459 1152 jem
474 1081 691 1135 consueverunt
705 1069 738 1151 (l.
750 1073 778 1132 l.
793 1069 932 1134 Moebob.
944 1092 970 1133 e.
985 1073 1045 1152 te.)
1056 1098 1067 1134 .·
1079 1095 1137 1154 pro

124 1160 270 1221 defunctis
288 1167 387 1220 autem
404 1160 436 1217 in
449 1157 621 1236 purgatorio
642 1155 835 1217 existentibus
847 1165 961 1217 eertum
981 1166 1041 1230 est,
1054 1169 1084 1220 et
1098 1161 1140 1221 de

124 1245 206 1318 fide,
223 1253 257 1305 ut
273 1244 358 1303 docet
376 1242 459 1303 Trid.
475 1260 544 1304 sess.
558 1243 607 1302 Ὦ.
623 1261 648 1302 c.
663 1245 695 1302 2.
710 1251 740 1302 et
759 1241 791 1302 in
807 1260 874 1301 cata.
890 1245 939 1315 5.,
954 1244 1033 1321 quod
1052 1245 1137 1308 lieitb
1232 1271 1233 1284 ¹

124 1340 155 1391 et
179 1331 292 1390 utiliter
314 1329 400 1388 tttssa
424 1326 559 1388 offertur.
585 1328 678 1406 idque
704 1345 740 1388 ex
768 1327 916 1386 infallibili
941 1328 1138 1406 promissione

124 1411 251 1483 Christi,
270 1422 303 1472 ut
321 1412 508 1473 communitis
523 1421 553 1472 et
569 1411 669 1473 veritis
683 1412 795 1492 (eontra
808 1414 923 1472 Canum
933 1456 941 1484 ,
952 1413 1018 1491 ete.)
1028 1413 1139 1478 doeent
1231 1441 1233 1484 ᾗ

124 1500 223 1576 Aser,
237 1498 327 1557 Sator.
345 1499 478 1557 Nooorr.
492 1493 586 1555 Seim.
600 1504 654 1556 ete.
663 1541 674 1572 ,
690 1499 759 1574 quio
770 1540 778 1568 ,
789 1495 857 1556 edm
875 1507 989 1558 eertum
1002 1499 1040 1560 sit
1053 1499 1138 1578 quiid
1232 1545 1233 1558 .

124 1581 209 1640 Missa
232 1581 345 1639 utiliter
367 1597 422 1656 pro
443 1580 588 1638 defunctis
609 1579 772 1652 olleratur,
796 1579 853 1642 hoe
876 1600 938 1644 non
958 1592 1141 1662 potestesse
1232 1577 1233 1586 ¹

125 1666 181 1725 nisi
202 1681 239 1724 ex
255 1664 450 1742 promissione
466 1662 574 1724 Christi
595 1660 629 1742 (l.
644 1681 669 1725 c.
682 1682 714 1724 n.
730 1662 823 1744 dib).
866 1655 867 1660 ’

163 1783 232 1843 ibi.
245 1815 284 1826 -
293 1782 393 1857 Qasr.
407 1782 459 1841 tv.
473 1783 642 1861 Quotuplex
651 1791 696 1844 est
711 1783 824 1844 tructus
838 1784 956 1847 Missoe?
968 1787 1143 1866 Responde·

124 1877 191 1929 tur:
206 1867 320 1928 fruetus
333 1868 427 1927 Missae
441 1867 516 1928 alius
535 1875 580 1927 est
593 1887 630 1930 aas
644 1886 729 1949 opere
741 1877 881 1949 operato,
900 1889 1006 1949 nempe
1021 1892 1057 1933 ex
1073 1893 1142 1937 me·

125 1955 185 2015 rito
197 1952 305 2015 Christi
318 1974 328 2032 ;
345 1952 420 2013 alius
429 1970 465 2015 ex
481 1970 566 2034 opere
575 1955 725 2034 operantis
738 1998 747 2025 ,
758 1955 866 2015 scilieet
877 1959 1031 2018 eia-merito
1041 1977 1145 2025 sacer.

124 2041 212 2101 dotis.
237 2043 312 2101 item
333 2040 408 2099 nlius
433 2046 478 2098 est
491 2040 685 2112 vomitorius,
708 2040 782 2098 alius
805 2038 1040 2117 satisfactorium
1058 2048 1142 2109 elius

126 2123 359 2207 impetratorias.
383 2125 457 2185 item
482 2124 557 2184 alius
576 2120 748 2204 petieratis,
772 2124 824 2201 qui
845 2122 973 2201 obtingit
996 2130 1142 2192 omnibus

127 2210 287 2283 fidelibus,
303 2208 401 2286 vivis,
423 2218 454 2268 et
475 2208 621 2270 defunctis
635 2230 645 2286 3
659 2209 734 2269 alius
748 2204 884 2289 specialis
896 2252 909 2282 ,2
927 2210 987 2269 sive
1000 2209 1119 2274 taedius
1126 2261 1138 2291 ‚
1231 2244 1232 2249 κ

126 2294 281 2373 obtingens
301 2294 502 2354 assistentibus
515 2296 610 2355 trisse
623 2336 631 2360 ,
644 2302 674 2355 et
690 2295 721 2358 ei·
731 2295 783 2359 eui
792 2294 955 2372 applicatur
966 2316 975 2371 3
987 2295 1061 2357 elius
1076 2316 1141 2378 spe·
1231 2300 1232 2379 l

124 2374 304 2438 eiolissa'mus
327 2378 484 2456 obtingens
511 2378 565 2437 soli
590 2379 778 2456 celebranti3
800 2378 851 2457 qui
874 2398 929 2456 pro
954 2379 1008 2441 illo
1031 2386 1140 2459 nequit

124 2462 220 2520 ullum
239 2462 421 2537 stipendium
446 2463 601 2540 decipere,
622 2482 659 2525 ex
678 2482 765 2541 prop..
793 2465 821 2523 8.
849 2462 986 2523 damnata
1009 2466 1047 2526 ab
1068 2462 1140 2527 Ate·

127 2544 244 2609 suasuro
265 2549 339 2610 Vel.

165 2674 234 2733 tuo.
247 2674 341 2733 -dn
352 2674 435 2734 liissa
451 2675 491 2736 sit
505 2675 617 2737 infiniti
630 2674 759 2748 valoris,
778 2682 840 2735 tam
863 2674 1028 2749 intensive,
1048 2676 1139 2757 quim

127 2757 294 2821 extensive?
316 2761 418 2818 Plures
436 2762 500 2819 Di).
523 2770 632 2839 negent
647 2783 656 2837 ς
670 2762 770 2839 plures
789 2760 860 2821 verb
887 2761 942 2819 elii
956 2760 1138 2838 probabilius

127 2846 296 2919 affirmant,
312 2851 346 2902 ut
363 2844 474 2916 Gooet,
491 2844 625 2915 Hubert,
642 2844 755 2904 Jateaia
768 2889 775 2916 ‚
790 2847 938 2905 Petrocor.
953 2837 1138 2925 Piqnotelli,

129 2934 241 2991 Teura.
257 2928 344 2989 Cone.
357 2923 475 2986 Holzm.
491 2927 648 3007 Wipaodt,
663 2930 708 2988 Lo
719 2926 829 2999 Graiu,
846 2932 963 3005 Canus,
980 2928 1071 2991 Solae.
1083 2940 1137 2993 eto.

127 3034 160 3075 ae
175 3034 230 3093 pro
250 3014 297 3075 his
309 3022 354 3074 est
370 3013 459 3073 etiem
477 3013 518 3072 D.
538 3011 665 3073 Thomas
676 3036 687 3089 ,·
699 3015 767 3091 quin
782 3015 866 3073 blisse
880 3026 923 3074 est
941 3015 1034 3089 idem,
1050 3016 1138 3095 quiam

127 3100 222 3159 erucis
236 3098 411 3160 sacrifieium
424 3095 519 3175 ‚quod
533 3097 591 3157 fuit
603 3097 713 3158 infiniti
724 3098 843 3158 valoris.
856 3098 934 3159 Licet
946 3110 1043 3161 autem
1055 3102 1138 3164 valor

126 3183 166 3241 sit
184 3184 336 3257 infinitus,
351 3183 470 3244 effeetus
484 3190 585 3242 tamen
602 3184 697 3243 Missae
710 3183 813 3243 saisitus
832 3192 897 3254 est,
911 3202 947 3243 ex
960 3184 1041 3243 finita
1054 3204 1137 3265 capa·

126 3267 215 3325 eitate
239 3264 398 3329 hominum
421 3286 477 3347 pro
496 3268 603 3345 quibus
625 3264 749 3330 offertur
764 3313 771 3341 ,
788 3287 915 3347 quorum
936 3273 1137 3349 unusquisque

125 3346 253 3423 percipit
278 3350 408 3411 fructum
428 3353 513 3429 juxta
536 3372 621 3415 suam
645 3355 844 3433 capacitatem.
872 3352 928 3413 Sed
949 3356 1017 3431 quia
1042 3358 1137 3435 piimn

124 3429 269 3518 sententia
280 3439 324 3488 est
336 3434 424 3491 etiam
436 3437 616 3510 probabilis,
628 3440 731 3516 nequit
744 3437 876 3497 sacerdos
890 3438 1020 3515 accipere
1030 3438 1137 3519 duplex

121 3508 338 3599 ⁵l¹t³enfliumb
363 3512 501 3590 duobus,
525 3522 701 3599 applicando
719 3523 761 3581 eis
784 3521 900 3581 Missam
919 3522 1080 3596 ambobus,
1103 3533 1136 3584 ut

122 3581 192 3639 salse
200 3586 312 3650 dicebat
324 3609 408 3667 1t⁰⁵⁵e
417 3612 536 3674 limbos.
548 3607 597 3667 to.
606 3607 744 3675 tenuata
755 3606 792 3668 ab
802 3603 1055 3673 eodemdtexuod.
1065 3610 1133 3671 VII.
