2475 3975
256 140 282 223 5.
300 139 350 203 tv.
366 138 484 207 Manita
495 140 574 203 cirea
592 137 702 203 uitiata
714 137 915 204 Sacramenta.
1036 146 1091 209 177

83 251 145 312 cata
164 244 300 307 mortalia
315 243 426 305 occulta
436 288 445 317 ,
456 252 489 304 ut
502 244 587 305 docet
595 246 636 304 D.
654 241 780 304 Thomas
794 265 805 304 .·
819 243 883 305 aide
897 241 918 304 l.
929 264 955 307 e.
972 265 1004 307 ιι.
1020 248 1089 309 7111.

83 351 113 395 ιι.
131 334 290 393 Commune
300 353 312 405 ,·
331 327 455 406 idedque
470 328 632 389 instruatur
649 327 807 401 infirmus,
827 336 862 388 ut
873 328 945 391 dum
958 333 1090 411 quinque

83 414 218 493 eorporis
235 431 336 475 sensus
358 422 527 493 unguntur,
541 412 603 490 ipse
614 411 652 473 de
664 412 756 491 culpis
769 431 823 491 per
838 414 916 493 ipsos
931 419 1091 478 commissis

83 501 202 572 doleat,
225 505 339 561 etcum
361 497 523 558 astantibus
536 498 626 559 etiem
639 496 832 577 respondeat,
850 501 953 560 nmen.
971 502 1091 576 Tertid,

84 582 273 665 particularia
304 583 433 653 auxilia,
454 582 562 660 quibus
583 584 614 646 in
639 583 690 643 illo
713 592 845 645 extremo
864 604 958 664 egone
984 587 1092 649 inferni

81 671 169 741 vim,
195 677 226 728 ct
247 668 392 746 impetum
412 667 547 745 frangat,
571 667 817 729 subministrabit.
843 669 941 743 Quare
962 673 1092 733 multum

80 752 237 835 probabile
254 763 299 813 cst
310 754 394 831 gravi
415 770 446 812 sc
466 754 610 831 obstringi
624 754 754 825 scelere,
773 756 825 832 qui
848 753 905 816 hoc
920 759 1092 824 Sacramen-

79 850 148 900 tunr
164 840 294 915 accipere
307 846 475 910 recusaret,
493 846 528 898 ut
547 837 637 916 supra
661 839 790 899 diximus
802 860 835 900 ιι.
851 844 921 905 167.

120 925 192 987 art.
210 924 316 1002 Aliqua
335 920 384 983 bia
402 923 438 983 de
454 921 544 1000 hujus
557 924 738 985 Sacramenti
752 923 1005 991 administratione
1018 934 1093 993 scitu

83 1010 249 1073 necessarie
267 1009 410 1069 adnotare
430 1006 542 1067 iicebit.
557 1009 581 1068 1.
609 1006 792 1083 Speculatire
807 1008 921 1069 tantum
935 1016 1094 1090 probabilis

81 1106 126 1157 est
145 1094 246 1173 opinio
265 1082 383 1167 dicens,
395 1092 527 1153 sufficere
543 1091 711 1153 ministrare
725 1091 782 1152 hoc
796 1094 1017 1159 Sacramentum
1027 1120 1095 1163 eum

81 1199 141 1245 ιιιιι
158 1186 241 1258 gutta
253 1178 328 1249 olei,
343 1178 425 1239 illem
444 1194 497 1255 per
509 1176 900 1275 partesnondiffundendo,
917 1199 977 1241 non
996 1193 1095 1246 tamen

80 1262 231 1346 practice,
251 1263 321 1339 quia
341 1260 403 1323 baec
424 1279 494 1322 vera
515 1262 617 1322 unctio
636 1280 697 1323 non
723 1272 824 1339 esset,
845 1262 943 1325 uide
929 1284 963 1327 ιιι
981 1267 1097 1330 Marcii

81 1350 104 1411 t.
123 1353 155 1411 6.
176 1367 209 1410 ιι.
227 1349 295 1409 709.
315 1344 396 1408 Dub.
415 1348 446 1407 la.
468 1348 507 1407 11.
522 1348 629 1407 Unctio
651 1348 784 1425 quinque
799 1366 962 1422 sensuum,
992 1372 1096 1416 secun·

81 1435 158 1498 diem
182 1428 417 1499 communiorem
439 1432 641 1504 sententiam,
665 1441 709 1493 est
735 1434 773 1493 de
799 1435 970 1495 necessitate
995 1439 1096 1499 Sacra-

82 1519 178 1581 menti
188 1540 199 1596 3
211 1517 291 1579 unde
310 1516 398 1595 pestis
411 1515 526 1577 tentdm
537 1525 693 1596 tempore,
711 1528 763 1579 aut
776 1518 899 1596 alicujus
912 1521 1094 1585 imminentis

81 1606 191 1666 mortis
214 1602 361 1681 periculi,
386 1619 445 1663 una
474 1601 612 1665 tentiam:
633 1604 716 1668 etin
738 1623 799 1666 uno
820 1623 907 1665 sensu
923 1606 1095 1684 (consuitiris

1 1716 2 1721 ¹
80 1692 114 1751 in
148 1689 254 1768 capite)
274 1689 376 1749 unctio
404 1686 535 1756 adhiberi
558 1696 677 1767 potest3
702 1690 753 1753 sed
771 1708 887 1770 semper
911 1692 967 1751 sub
993 1694 1096 1755 condi-

81 1777 167 1835 tione
193 1775 218 1835 si
240 1775 338 1846 valet,
364 1782 482 1835 etcum
497 1774 593 1833 ¹unica
616 1774 713 1833 torma
741 1776 898 1835 dicendo
889 1797 897 1812 ·
927 1778 986 1837 Per
1004 1780 1095 1839 istane

77 1866 216 1933 saccetum
232 1858 457 1929 arrationarem
467 1876 554 1919 uuum
569 1856 736 1936 piissimam
751 1856 980 1920 atiserieordiam
993 1860 1095 1923 iada!-

78 1953 151 2028 Ιιιιιιι
162 1943 218 2007 tibi
233 1947 313 2006 Deus
329 1940 475 2023 quidquid
488 1938 641 2024 deliquisti
650 1960 705 2022 per
722 1959 845 2016 sensae,
858 1961 960 2024 nempe
979 1945 1094 2022 ιίιιιιιι,

79 2030 243 2108 auditam,
264 2038 405 2112 peretum,
430 2027 605 2105 odoratam,
636 2036 665 2088 et
695 2037 816 2090 tactum.
838 2030 868 2089 Si
891 2037 991 2092 umen
1017 2052 1095 2110 seges

79 2117 271 2196 supervivat,
288 2117 442 2179 unctiones
458 2115 548 2174 etiam
578 2113 635 2174 sub
652 2115 824 2175 conditione
836 2116 971 2174 reiterari
987 2115 1095 2176 debent

77 2202 112 2262 in
134 2199 274 2261 omnibus
291 2201 423 2276 quinque
434 2199 566 2258 sensibus
582 2198 676 2258 solitis
699 2197 892 2257 orationibus.
906 2200 958 2256 111.
973 2201 1038 2258 Νοιι
1053 2213 1096 2261 est

78 2288 119 2353 de
146 2282 316 2344 necessitate
343 2283 522 2344 Sacramenti
543 2283 692 2359 geminam
719 2281 890 2342 unctionem
907 2283 941 2346 iu
969 2285 1095 2361 geminis

79 2367 220 2451 partibus
241 2366 396 2445 adbiberi3
415 2365 477 2428 imd
496 2385 590 2428 unum
611 2375 726 2436 tentum
751 2368 894 2440 oculum,
919 2385 1007 2432 unam
1029 2391 1094 2432 nra·

79 2471 175 2527 num,
187 2461 244 2514 ete.
262 2470 393 2531 ungere,
409 2451 488 2512 lieitd
502 2452 627 2524 suffieit,
639 2451 712 2520 daim
725 2452 890 2533 perieulum
905 2455 1091 2530 infectionis,

81 2548 136 2600 aut
155 2538 212 2598 elia
224 2539 378 2601 necessitas
395 2537 495 2610 adest,
513 2546 547 2597 ut
561 2538 587 2598 si
601 2539 739 2598 infirmus
754 2539 858 2617 nequit
876 2541 952 2600 verti
961 2542 998 2602 od
1012 2545 1092 2604 aliud

81 2623 170 2684 tatus.
184 2625 289 2684 Unctio
305 2643 411 2684 renum
430 2623 462 2684 iu
477 2581 667 2699 mulieribus,
677 2634 709 2683 et
720 2625 810 2684 etiam
825 2624 857 2682 in
872 2625 944 2683 viris
954 2628 1094 2704 ,quarata

82 2705 222 2786 irefirrnns
241 2708 287 2786 (ut
303 2710 426 2769 Rituulis
448 2708 560 2787 monet)
591 2707 739 2768 commode
770 2709 882 2767 mortni
900 2725 961 2768 ιιοιι
965 2717 1092 2788 potest,

82 2787 274 2870 retirrqaitar.
290 2793 463 2852 Unctionem
482 2800 581 2852 tamen
594 2792 705 2869 pedum
721 2810 780 2852 non
803 2809 865 2852 esse
875 2791 912 2852 de
925 2795 1095 2856 necessitate

83 2877 282 2950 Sacramenti,
308 2877 475 2938 communis
498 2879 644 2936 sententia
658 2886 759 2952 tenet,
777 2877 828 2938 sed
856 2878 954 2954 quoad
973 2877 1095 2938 hocEc·

85 2961 239 3022 elesiarum
261 2921 440 3024 ebusuctudo
465 2962 685 3034 servandaest,
697 2959 720 3021 l.
739 2964 769 3023 6.
783 2980 814 3022 ιι.
829 2965 898 3023 710
911 2981 940 3020 υ.
963 2963 1091 3024 Certant.

83 3047 145 3106 Nec
163 3049 254 3106 etiam
277 3047 314 3107 de
331 3047 501 3108 necessitate
519 3047 698 3108 sacramenti
717 3056 761 3106 est
772 3047 953 3106 inunctione
964 3048 1094 3124 partium

86 3129 221 3192 ordinem
237 3133 372 3194 servari·
392 3134 476 3211 gravi
497 3142 596 3192 tamen
614 3132 700 3212 culpa
721 3149 753 3192 se
773 3132 955 3228 obstringit,
978 3135 1028 3210 qui
1045 3153 1093 3195 re-

84 3223 204 3291 ceptum
224 3216 360 3278 ordinem
373 3213 1094 3290 nouservnt,l.e.u.Necetcem1V.Extrema

86 3298 193 3362 Unctio
210 3299 268 3362 rite
290 3303 439 3362 confertur
461 3302 582 3382 pueris,
599 3302 651 3381 qui
675 3302 789 3363 ratione
805 3300 936 3377 pollent,
949 3300 1018 3367 licet
1032 3322 1094 3364 non

84 3381 181 3443 adbuc
202 3385 233 3442 S.
256 3386 479 3447 communionis
499 3387 598 3448 idonei
619 3386 698 3462 sint,
717 3385 749 3444 in
762 3382 853 3446 dubio
870 3394 969 3447 temen
985 3385 1022 3446 de
1037 3404 1094 3448 usu

86 3468 230 3542 rationis,
255 3470 311 3530 sub
334 3471 503 3534 conditione
533 3428 732 3532 administrbri
766 3479 871 3548 potest
903 3474 965 3532 Hoc
994 3477 1094 3530 tamen

88 3570 155 3614 cum
185 3552 305 3634 prorsus
337 3556 502 3617 uirentibus
536 3572 598 3628 noo
633 3554 795 3635 procedit,
817 3574 850 3614 n.
874 3557 943 3616 719.
964 3560 994 3613 et
1022 3555 1090 3614 720.
