2475 3975
163 172 185 239 Ξ
531 195 748 241 rnrnooocrro.

168 360 354 426 mulieribus
376 370 408 426 ct
431 358 682 426 adolescentibus
698 362 781 447 saepe
797 363 940 445 versari,
963 384 1074 427 corum
1098 385 1178 429 con-

166 453 317 519 fessiones
330 454 370 519 de
386 455 423 517 iis
436 455 532 519 rebus
545 502 553 535 ,
567 453 607 519 de
625 455 741 540 quibus
755 458 948 539 magnoperb
961 457 1174 541 erubescunt,

167 546 375 632 excipiendo,
404 549 482 632 quin
506 548 566 611 sibi
592 546 714 633 aliquid
733 546 842 611 damni
863 550 1005 613 evenisse
1026 552 1173 614 sentiat:

166 660 240 705 cum
261 644 404 727 personis
429 642 587 727 praeclaris
599 690 608 723 ‚
632 641 771 705 abscisso
795 642 938 705 omnium
960 644 1176 708 humanarum

165 753 274 798 rerum
293 746 459 820 respectu,
474 756 591 819 magna
603 732 789 798 fortitudine
801 736 929 798 armari.
942 735 982 798 Et
994 783 1003 816 ‚
1017 745 1053 799 ut
1066 739 1175 801 omnia

163 828 258 891 unico
271 827 370 892 verbo
383 829 594 913 complectar,
618 826 715 892 debet
740 848 808 891 esse
830 828 865 889 in
888 828 1041 892 charitate
1056 827 1171 910 dives,

162 920 196 983 in
220 920 461 985 mansuetudine
484 920 675 1003 mellifluus,
701 921 736 983 in
762 918 932 1003 prudentia
958 921 1075 1005 gravis.
1100 920 1175 1001 Qua

163 1012 272 1097 dere,
298 1024 334 1078 ut
353 1016 403 1078 hae
426 1035 536 1078 ornnes
558 1023 688 1098 partes,
709 1022 745 1076 ut
758 1034 817 1097 par
830 1022 896 1093 est,
910 1011 1171 1097 adimpleantur,

162 1127 227 1171 non
248 1108 372 1192 vulgari
387 1128 466 1192 opus
480 1116 527 1169 est
541 1105 703 1186 bonitate,
724 1126 820 1190 quarn
834 1108 919 1169 certe
939 1126 1104 1191 nunquam
1124 1129 1173 1173 as·

161 1210 312 1285 sequetur
326 1200 379 1263 ille
394 1246 402 1279 ,
419 1200 470 1263 cui
485 1200 585 1263 oratio
604 1208 730 1263 nonest
748 1199 990 1282 perfamiliaris,
1017 1220 1077 1263 nce
1100 1221 1173 1266 me-

162 1292 272 1357 ditatio
291 1302 338 1357 est
362 1290 566 1379 quotidiana3
583 1294 701 1356 etenim
715 1292 777 1355 alia
788 1292 841 1355 via
854 1293 983 1375 lucem,
1000 1301 1032 1356 et
1052 1295 1173 1376 gratias

160 1386 235 1451 huic
249 1396 335 1451 tanto
350 1387 475 1451 muneri
487 1385 595 1472 (ctiam
615 1386 692 1471 ipsis
708 1386 858 1469 angelicis
872 1387 1034 1466 humeris,
1055 1396 1093 1449 ut
1104 1384 1174 1452 dici

160 1482 261 1563 solet,
278 1479 492 1565 formidando)
504 1482 695 1545 necessarias
707 1480 851 1544 obtindre
860 1501 954 1545 nemo
969 1490 1086 1566 potest.
1104 1481 1174 1547 Sed
1234 1497 1235 1508 ¹

159 1572 364 1639 deveniamus
397 1572 439 1638 ad
464 1575 562 1638 nostri
591 1574 707 1638 laboris
741 1575 943 1655 institutum,
978 1595 1094 1657 nempe
1125 1573 1173 1640 ad

159 1670 283 1753 praxim
299 1669 510 1733 confessiones
530 1667 708 1752 excipiendi
721 1714 729 1745 ,
742 1664 782 1731 dc
796 1688 859 1753 qua
870 1667 1035 1731 dumtaxat
1046 1668 1100 1731 blo
1112 1666 1174 1733 fiet

155 1770 275 1825 sermo.
292 1762 330 1825 In
352 1764 413 1826 hac
431 1761 524 1825 Praxi
537 1762 651 1825 multas
663 1758 810 1824 delibabo
824 1758 984 1825 doctrinas
998 1760 1038 1825 ad
1054 1761 1174 1845 ipsam·

159 1864 225 1919 met
242 1866 440 1940 spectantes,
457 1852 513 1917 sed
527 1874 567 1917 nc
584 1864 728 1938 repetam
748 1875 785 1918 ca
798 1874 869 1939 quse
883 1855 917 1918 in
928 1854 1035 1937 Opere
1052 1852 1172 1921 morali

158 1947 259 2014 fusilis
285 1948 459 2034 descripsi,
481 1948 535 2012 hic
552 1948 677 2012 tantbm
697 1947 770 2034 (per
791 1948 973 2035 interjectas
987 1948 1108 2012 litteras
1120 1948 1175 2014 in·
1234 1985 1236 2032 1

157 2039 311 2130 dicantes)
322 2041 479 2108 annotabo
499 2043 569 2106 loca
590 2042 725 2126 Operis3
740 2041 865 2126 adque
884 2044 1036 2106 lectorem
1055 2042 1174 2106 remit·
1234 2068 1235 2071 ¹

158 2143 221 2201 tam
236 2185 245 2218 ,
258 2147 295 2202 ut
311 2137 468 2222 copiosius
487 2133 647 2200 doctrinas
666 2134 862 2218 rationibus,
876 2144 908 2200 ot
922 2132 1173 2200 authoritatibus

158 2229 381 2312 confirmatas,
406 2228 560 2314 perlegat.
