2475 3975
131 234 191 301 590
325 232 610 318 Epitamedoctn‘noe
631 230 793 299 rueretisct
806 232 954 297 monnicae

130 334 371 416 dambenebci13
388 344 422 398 ut
433 336 465 399 S.
478 337 570 417 cong.
579 336 669 399 Cone.
682 334 789 417 sepitis
806 334 968 415 respondit.
984 334 1029 395 De
1041 336 1138 399 seerii.

131 423 451 485 miss.l.ii.c.il.n.2.

99 516 109 568 t
171 507 253 571 ldcm
269 507 365 579 dicas,
379 506 404 567 si
422 503 561 568 fundator
579 504 830 580 mandaverit,ut
850 512 986 565 oraretur
998 522 1054 584 pro
1066 522 1099 567 se
1111 508 1142 569 in
1227 530 1228 551 t

134 592 222 655 missi
229 638 240 669 ,
254 611 324 654 nam
345 589 536 671 prmumitur
548 590 669 651 nomine
689 590 831 651 orationis
850 589 1077 667 applicationem
1089 592 1142 653 de·
1227 590 1228 637 t

133 676 280 756 signasse3
301 676 358 737 nisi
382 683 483 735 nmen
504 692 542 735 ex
564 675 629 735 aliis
654 672 830 751 conjecturis
851 672 1031 751 deducatur,
1053 676 1141 736 aliam
1227 706 1228 727 r

133 760 223 821 inisse
235 758 369 841 ejusdcm
389 757 555 820 fundatoris
571 758 753 819 voluntatem
765 778 774 833 3
788 766 822 819 ut
831 758 855 817 si
872 756 1007 835 pluribus
1020 760 1141 837 capella·

135 844 195 906 niis
216 844 346 909 fundatis
358 890 367 919 ‚
380 844 412 905 in
423 844 488 903 aliis
506 842 690 904 mandaverit
701 841 944 921 applicationem,
958 844 991 903 iu
1004 844 1068 905 aliis
1079 862 1142 905 ora

139 929 371 1001 tionem,utex
386 926 752 990 resolutionibusS.C.lb.
768 928 840 986 nb.
1227 974 1228 981 .

172 1015 203 1075 Si
214 1016 355 1096 Superior
367 1012 509 1075 sacerdoti
526 1012 690 1092 precipiat,
708 1020 742 1071 ut
759 1011 877 1073 missam
889 1018 969 1072 certo
986 1011 1075 1073 alicui
1086 1032 1140 1093 ap·

53 1134 59 1142 ι
170 1100 242 1179 icet,
256 1108 286 1161 at
305 1102 356 1162 ille
369 1118 428 1181 pro
446 1098 504 1159 alio
517 1096 639 1170 offerat,
654 1114 721 1157 reus
731 1106 775 1157 est
792 1095 913 1174 quidem
930 1097 1064 1158 sacerdos
1076 1098 1145 1159 ino·

135 1116 314 1260 {edicutiam
324 1185 374 1247 aed
385 1183 541 1265 applicatio
556 1180 573 1242 d
590 1180 748 1243 sacerdotis
765 1183 916 1241 volontate
931 1181 1059 1260 pendet,
1072 1181 1143 1246 edm

137 1266 189 1329 ille
205 1268 246 1331 sit
265 1272 420 1343 minister,
432 1279 463 1331 et
478 1270 662 1347 dispensator
672 1267 718 1327 sui
732 1266 875 1327 sacrificii.
889 1267 933 1328 lb.
948 1286 979 1327 n.
993 1268 1024 1329 4.

164 1346 272 1418 'nisse
287 1356 443 1436 applicatio
458 1354 555 1433 qaroad
569 1352 723 1431 parochos
735 1352 810 1413 Vide
820 1350 985 1412 Porocbos.

176 1439 263 1500 llissa
282 1439 481 1502 conventualis
499 1440 532 1499 iu
548 1438 707 1516 collegiatis
729 1437 862 1515 quotidie
883 1437 1057 1499 celebranda
1077 1449 1144 1514 est,

139 1527 170 1582 et
181 1516 359 1601 opptteanda'
370 1541 425 1599 pro
438 1522 672 1583 benefactoribus
686 1522 717 1581 in
729 1538 836 1599 genere
848 1542 857 1598 3
870 1540 923 1581 nec
934 1520 1039 1582 sufficit
1052 1524 1076 1584 si
1089 1544 1145 1604 pro

138 1622 199 1665 uno
224 1606 409 1666 bendactorc
428 1606 610 1684 applicetur,
631 1622 728 1683 neque
747 1606 852 1665 satisfit
878 1607 902 1665 si
932 1606 1143 1688 beneficiatus,

137 1706 188 1749 seu
202 1690 357 1750 canonicus
370 1698 506 1750 teneatur
522 1689 641 1750 aliunde
657 1706 692 1750 ex
708 1688 766 1749 alio
779 1689 878 1750 debito
892 1691 972 1750 illam
984 1694 1144 1771 applicare.

138 1774 169 1835 Si
189 1772 259 1836 verb
280 1774 437 1853 praebenda
462 1772 596 1834 beneficii
628 1774 724 1835 tenuis
743 1774 802 1845 sit,
820 1773 914 1834 nihilo
936 1784 1033 1837 tamen
1051 1777 1148 1837 secius

137 1858 337 1939 supplendum
351 1866 397 1920 est
412 1878 447 1920 ex
460 1858 737 1920 distributionibus:
754 1856 833 1936 qubd
843 1860 867 1919 si
883 1869 912 1919 et
924 1860 1149 1923 distributiones

139 1943 515 2024 etproebcndatennissimac
527 1944 587 2004 sint
598 1944 687 2004 simul
698 1950 920 2020 sumptoe,tunc
929 1945 1146 2008 recurrendum

139 2036 185 2090 est
196 2030 233 2089 ad
251 2021 505 2109 congregationem
519 2029 652 2091 concilii.
676 2031 719 2089 lta
741 2029 873 2090 Pontifex
887 2030 917 2090 in
933 2031 1086 2111 Ennyelicd
1108 2033 1147 2094 ad

139 2115 297 2192 Episcopus
308 2115 419 2186 ltaliae,
435 2114 593 2194 incipiente
603 2113 807 2194 Cdmseoaper.
826 2113 939 2176 Sufficit
955 2123 1053 2176 tamen
1065 2120 1150 2196 pria-

139 2198 183 2344 rlip
201 2201 296 2259 misse
317 2201 474 2280 applicatio
490 2199 604 2261 etiamsi
627 2199 727 2280 plures
750 2205 905 2260 cantentur
926 2199 958 2260 iu
981 2201 1147 2282 collegiata.

140 2283 232 2344 l.n.
246 2287 296 2345 ᾗ.

178 2369 209 2428 Si
227 2367 367 2428 Sacerdos
381 2374 497 2446 sumpta
510 2366 715 2447 purificatione
724 2367 937 2430 animadvertat
947 2412 956 2440 ,
967 2372 1147 2434 remansisse

142 2454 174 2515 in
191 2451 355 2532 corporali,
368 2452 415 2512 vel
429 2455 534 2530 patene
544 2454 706 2531 fragmenta
720 2497 730 2527 ,
742 2453 804 2514 sive
816 2453 864 2513 illa
879 2471 983 2531 magna
1002 2456 1073 2531 sint,
1084 2459 1151 2519 sire

107 2548 111 2565 ¹
142 2557 232 2622 parva
245 2583 254 2611 ,
269 2538 319 2599 illa
332 2537 525 2599 absumantur
536 2541 611 2599 sicut
628 2550 657 2599 et
671 2539 849 2600 absumenda
871 2551 940 2600 sunt
961 2541 1148 2620 fragmenta,

140 2626 167 2686 si
181 2645 248 2705 quaa
267 2625 484 2696 remanserint,
508 2632 575 2704 post
591 2623 831 2686 distributionem
841 2624 1030 2685 Eucliaristiae
1050 2627 1082 2687 in
1094 2628 1150 2690 ad·

142 2717 252 2773 stamas
272 2709 389 2787 peracit
401 2709 498 2769 missd.
510 2709 554 2769 De
567 2703 665 2771 sarrit
677 2710 759 2771 miss.
774 2711 796 2770 l.
808 2711 838 2771 5.
854 2729 916 2790 cap.
932 2711 1067 2771 17.ιι.5.
1215 2765 1228 2784 ,,

180 2794 211 2854 Si
231 2801 329 2853 tamen
353 2793 434 2870 quod
455 2804 608 2867 remanet,
633 2813 693 2856 non
712 2795 933 2875 fragmentum,
957 2795 1009 2856 sed
1031 2798 1151 2876 integra
1227 2769 1228 2858 l

144 2887 189 2943 est
201 2877 313 2948 hostia,
328 2893 452 2954 magna,
467 2895 518 2937 seu
536 2894 646 2957 parva,
666 2878 729 2940 haee
746 2891 813 2960 post
835 2893 982 2958 susciptum
1008 2881 1152 2960 purifica·

142 2967 256 3027 tionem
268 2981 329 3024 non
340 2973 383 3022 est
394 2963 573 3024 absumenda
583 3008 592 3037 ,
602 2965 654 3024 scd
664 2966 709 3025 vel
719 2966 903 3030 recondenda
915 2968 946 3026 in
960 2967 1152 3030 tabernaculo

142 3049 191 3111 rel
203 3047 338 3128 ponenda
349 3049 382 3109 iu
393 3049 499 3126 patcnd
510 3093 518 3121 ,
531 3058 565 3110 ut
576 3049 660 3110 altori
673 3051 816 3112 secerdoti
826 3067 895 3111 mox
905 3051 1087 3112 celebraturo
1100 3069 1153 3112 rc·
1227 3075 1228 3120 t

142 3143 276 3279 sbcrvetur
297 3153 307 3192 r
328 3133 448 3213 quodsi
469 3133 534 3198 fieri
555 3152 616 3196 non
639 3136 949 3215 potcst,absumetur.
967 3138 1065 3196 itaer
1085 3137 1152 3198 Ru·
1227 3121 1228 3178 l

163 3217 241 3276 rieis.
257 3217 300 3276 lb.
316 3235 347 3277 n.
365 3220 396 3278 i.

181 3299 326 3358 Particula
341 3302 392 3362 illa
411 3299 531 3375 hostire,
545 3322 611 3382 quae
625 3313 778 3384 separatur
794 3307 826 3368 in
845 3305 978 3367 inferiori
991 3314 1076 3382 perte
1092 3302 1153 3367 ho·

141 3383 206 3441 stioe
218 3383 250 3451 in
263 3380 335 3440 dues
351 3393 449 3460 partes
469 3386 586 3462 fractae,
600 3390 625 3449 si
647 3407 714 3450 cum
733 3391 804 3451 vino
825 3407 886 3450 uon
904 3389 1018 3449 diffluat
1035 3392 1069 3450 in
1092 3407 1151 3460 οε,
1177 3413 1180 3421 ·

140 3460 192 3519 sed
218 3466 420 3525 remanentia
440 3469 544 3544 calice,
563 3470 683 3554 potiris,
704 3471 792 3552 quim
811 3471 905 3550 digito
926 3473 1078 3551 redigatur
1107 3477 1151 3538 ad

138 3544 494 3688 prgmepailpetsnppestat,
507 3561 542 3614 ut
557 3555 705 3620 mediante
726 3573 803 3620 novo
820 3557 890 3620 uiuo
912 3555 1079 3622 hauriatur.
1099 3560 1151 3622 lb.

145 3917 236 3922 m——Ql
254 3909 338 3922 νὴ
