2475 3975
358 209 405 269 De
421 203 701 287 decemoctorum
708 202 864 285 faciendis.
1079 212 1113 275 tt

98 314 155 377 hoe
176 308 318 395 plumeae
339 307 434 369 doctis
452 308 525 368 viris
542 306 699 385 Neapolim
720 308 845 388 scripsi,
862 316 895 372 ct
911 310 1000 375 etiem
1018 312 1115 375 tribus

102 391 381 477 congregationibus
394 391 636 471 presbyterorum
650 392 836 457 monterium
851 394 1041 459 missionibus
1060 396 1113 459 od·

101 482 268 553 dictorum,
289 477 341 539 uli
355 476 412 539 llos
425 476 497 537 eleni
511 475 697 555 Neapolitani
711 476 812 538 existit
824 498 835 554 ς
849 487 882 541 ct
900 495 963 543 uuo
979 482 1115 561 exemplo

101 561 480 643 lueruntrcsponsaomnia
493 576 566 621 mee
575 563 730 622 sententie
744 563 919 625 conformia.
936 566 979 627 Ae
991 566 1026 625 Ρ.
1039 564 1114 629 Sol-

101 648 225 712 letinoe
254 648 339 725 (tnnc
368 646 512 723 temporie
536 646 604 725 pius
622 646 794 726 operarius,
818 665 899 711 neoc
923 649 1114 727 dignissimus

101 734 217 813 equite
230 729 380 811 proelotne}
389 728 462 791 mihi
476 728 630 809 respondit
642 772 652 801 ,
665 739 785 791 cunctos
794 731 861 810 pios
872 734 1039 811 operarios,
1051 742 1113 797 tom

100 826 277 899 praesentes,
297 814 388 895 quim
410 814 573 893 antiquos,
594 811 674 875 idem
695 814 886 877 uniformiter
901 819 1035 879 sensisse.
1060 820 1111 883 lu·

98 920 213 981 snper,
234 898 301 965 edm
320 898 479 979 quamdam
506 898 668 976 Epistulam
690 899 728 959 de
751 896 808 960 hec
830 914 941 978 puncto
961 907 1042 983 typis
1057 904 1111 967 de·

96 986 221 1056 derim,
242 982 382 1053 adver-sris
399 1002 491 1061 qnam
514 979 705 1060 postmodnm
727 985 871 1061 anonymi
890 987 1020 1064 Epistola
1041 1007 1111 1067 pro·

96 1070 155 1134 diit
172 1070 239 1143 ,de
260 1086 321 1147 qno
341 1066 431 1146 saprd
451 1068 635 1129 montionem
657 1064 721 1144 jam
741 1066 821 1140 ieci,
845 1070 943 1147 aeeepi
962 1077 1112 1149 umquam

94 1166 237 1227 eertum,
253 1164 413 1231 utramque
439 1150 646 1230 scripturamd
665 1152 777 1215 nuncio
801 1154 1002 1215 transmissam
1020 1154 1112 1217 luisse

94 1240 130 1301 ad
148 1241 264 1300 Summ.
283 1238 372 1301 Pont.
395 1234 506 1299 Beoed.
526 1236 622 1299 XIV.
636 1236 689 1313 qui
703 1245 858 1315 postquam
875 1255 978 1299 euram
994 1236 1111 1302 dederit

92 1322 329 1387 controversiam
346 1319 525 1383 discutiendi
541 1322 579 1380 ll.
595 1320 629 1378 Ρ.
647 1322 684 1379 Ι).
712 1318 831 1381 Tlomoe
850 1320 950 1401 Serpio
970 1322 1020 1401 pio
1040 1341 1110 1403 ope·

92 1408 196 1481 nario,
211 1408 241 1467 S.
255 1405 355 1465 Offieii
367 1406 468 1467 Romee
478 1403 648 1465 Consultori
659 1405 721 1481 [qui
732 1422 813 1468 nune
822 1422 911 1465 suum
923 1404 997 1467 obiit
1006 1407 1109 1487 diem),

91 1494 160 1571 ipse
178 1490 292 1569 pariter
308 1506 425 1563 meeum
444 1488 553 1563 sensit,
577 1487 815 1550 maledictionem
838 1496 1025 1551 mortuorum
1047 1510 1108 1555 non

89 1594 159 1645 esse
174 1574 399 1653 blasphemiam.
415 1576 452 1633 lit
472 1572 509 1633 ab
523 1573 580 1633 alio
597 1574 631 1633 P.
652 1572 703 1651 pio
726 1574 862 1650 operario
883 1572 958 1635 mihi
979 1574 1107 1639 offirma·

89 1672 160 1723 tum
173 1659 282 1721 deinde
295 1659 369 1730 suit,
382 1656 462 1735 qudd
475 1658 553 1718 idem
564 1658 655 1718 etiam
668 1658 822 1731 Pontifex,
836 1659 952 1738 cogniti
961 1661 1000 1725 P.
1012 1659 1108 1742 Serpit

88 1745 259 1815 maeret,
271 1742 400 1805 ostendit
411 1760 476 1803 eam
490 1742 665 1821 approbare.

139 1832 193 1893 50.
234 1828 395 1888 Dubitatur
422 1846 460 1887 on
496 1826 671 1888 maledicere
697 1826 809 1892 meando
845 1827 886 1888 sit
911 1824 1104 1907 blasphemie.

90 1916 206 1978 nuum
214 1912 306 1992 ipsius
314 1910 518 1971 Instructionis
527 1912 644 1991 negavit
653 1955 662 1982 ‚
671 1912 723 1973 sed
733 1931 788 1992 ego
798 1913 979 1973 eontrarium
991 1916 1106 1977 ostendi

90 1999 171 2080 (tte.
192 2001 223 2060 l.
235 2017 268 2058 e.
289 1997 357 2057 tre.
376 2014 405 2056 υ.
424 1994 482 2058 Sed
496 1993 554 2074 lete)
564 2021 576 2074 ,·
598 1995 792 2059 nilrilominds
810 1997 895 2070 dixi,
915 1997 996 2076 quod
1010 2000 1035 2059 si
1050 2018 1107 2078 pro
1229 1993 1235 2002 ⁸

90 2082 208 2146 mundo
220 2082 436 2160 intelligeretur
445 2075 574 2142 mundus
583 2081 635 2160 qui
657 2082 719 2141 Deo
735 2083 929 2152 adversator,
950 2083 1029 2142 corte
1045 2101 1106 2144 nou

91 2177 168 2230 essct
188 2177 350 2246 peceatum.
369 2165 425 2226 Sed
438 2167 508 2244 quia
528 2166 736 2226 verosimiliter
756 2166 846 2225 rudes
864 2183 926 2224 non
947 2165 990 2224 sie
1009 2169 1107 2228 inten-

91 2253 189 2326 dunt,
207 2252 258 2312 sod
280 2247 378 2330 pollirs
400 2258 434 2321 ut
452 2249 614 2311 ereatumia
634 2251 715 2318 Deo,
731 2256 762 2307 et
781 2247 818 2307 de
838 2243 896 2308 hoe
917 2265 949 2308 se
971 2258 1106 2313 accusant

1 2401 3 2408 χ
91 2355 162 2398 eum
184 2353 292 2415 magno
312 2333 451 2408 horrore,
467 2333 534 2396 dico
558 2329 739 2412 probabiliris
752 2330 954 2412 accipiendum
972 2351 1034 2395 esse
1050 2355 1106 2414 pro

91 2423 186 2500 eulpa
201 2420 294 2500 gravi.
318 2419 347 2481 6.
368 2417 541 2478 Maledicere
566 2416 709 2478 creaturis
733 2416 910 2487 insensatis,
932 2426 967 2478 ut
992 2430 1103 2496 vento,

91 2508 229 2586 pluviee,
254 2503 361 2575 annis,
393 2501 517 2574 dicbus,
536 2503 630 2584 igni,
646 2512 703 2564 ete.
721 2547 730 2575 ‚
750 2520 811 2564 non
836 2513 879 2564 est
898 2503 1103 2583 blasphemio,

91 2592 148 2651 nisi
162 2587 335 2667 hujusmodi
349 2596 489 2648 creaturae
502 2585 637 2665 expresse
647 2587 678 2646 in
695 2587 791 2647 Deum
807 2588 1001 2661 reserrentur,
1014 2600 1105 2667 prout

91 2678 117 2736 si
129 2676 301 2746 diceretur,
323 2667 494 2733 maledictae
514 2670 555 2732 sit
568 2667 648 2752 iocis
667 2670 742 2747 Dei,
753 2669 846 2752 patrie
865 2671 944 2744 Dei,
965 2681 1023 2732 ete.
1041 2677 1104 2734 llia·
1203 2672 1214 2682 “

91 2761 220 2832 ledieere
242 2764 341 2818 eutem
354 2755 487 2834 paradiso
501 2801 510 2831 ,
528 2765 578 2815 eut
597 2755 703 2815 animer
716 2756 796 2834 (quia
813 2757 845 2816 in
859 2758 957 2816 anima
970 2758 1105 2834 splendet

91 2844 263 2926 specialiter
279 2842 433 2922 petentia,
455 2849 487 2902 et
505 2843 602 2920 imago
621 2839 733 2920 divina)
758 2860 819 2904 non
840 2851 885 2903 est
906 2842 1104 2906 dubitandum

1 2939 2 2990 ἰ
92 2932 169 3009 quin
186 2930 226 2988 sit
242 2927 339 3006 gravis
352 2924 532 3004 blasphemia
551 2926 641 3004 (Dict.
653 2945 686 2986 o.
702 2925 793 3005 till).
805 2927 836 2987 7.
852 2927 1027 2988 Maledicere
1044 2928 1104 2990 dae·

93 3012 177 3075 moni
198 3029 260 3072 non
282 3019 326 3072 est
343 3011 485 3087 mortale,
506 3011 575 3088 quio
587 3010 722 3070 maledici
746 3014 821 3072 solet
840 3020 875 3071 ut
891 3021 995 3072 auctor
1010 3012 1081 3075 mali
1091 3058 1101 3089 ,

92 3098 190 3158 etllci
202 3096 361 3156 inimicus:
376 3093 503 3173 idedquo
524 3095 556 3155 in
568 3111 599 3155 se
616 3096 731 3156 veniale
748 3096 870 3174 quidem
882 3104 947 3170 est,
964 3099 1102 3176 praeseie-

93 3181 191 3242 dendo
203 3180 241 3240 al)
253 3188 319 3239 actu
331 3179 523 3260 impatientiee
536 3222 545 3253 ,
559 3180 610 3258 qui
626 3188 727 3240 tamen
737 3178 822 3240 facile
840 3179 999 3242 comitatur
1009 3179 1101 3260 (Ibid.

93 3283 122 3326 o.
130 3263 327 3342 Maledicere).
339 3264 443 3325 Dicere
464 3272 563 3324 eutem
584 3264 736 3326 diabolum
756 3271 911 3342 sonetum,
932 3275 984 3327 aut
1004 3266 1102 3328 omoi-

93 3355 261 3430 potentem,
282 3357 327 3409 est
344 3365 412 3408 vora
433 3347 634 3428 blasphemie,
657 3367 692 3408 ae
713 3349 834 3428 gravis3
853 3351 905 3412 sed
920 3350 988 3412 iord
1007 3353 1103 3410 heere·

93 3431 254 3505 tirolis,si
281 3433 464 3512 proferretur
485 3451 553 3494 eum
575 3431 742 3492 intelleetds
758 3450 877 3506 errore,
902 3436 954 3512 qui
982 3434 1103 3511 quidem

93 3517 270 3598 regulariter
284 3518 433 3597 loquendo
450 3517 732 3592 nontproesumitur.
754 3517 813 3578 Sed
828 3537 888 3579 non
903 3527 947 3578 est
968 3516 1103 3594 blasphe

94 3605 153 3666 mio
174 3605 323 3685 appellare
334 3604 499 3668 domoaem
510 3609 658 3684 potentem
671 3645 680 3679 ,
697 3609 750 3665 out
763 3601 945 3685 sapientem,
966 3601 1040 3678 qaia
1053 3600 1102 3663 ille
