2475 3975
156 164 195 235 ld
438 160 879 244 caesorumcaesorum,

155 264 260 327 abalio
277 264 452 327 confessario
471 264 639 341 impositam
659 263 796 342 petierit3
809 265 914 327 volunt
927 266 1168 331 multidnctores

155 346 182 407 ei
197 349 389 428 repetendam
408 349 472 412 fore
483 357 576 409 totam
593 346 804 409 confessionem
817 346 888 410 huic
904 350 1099 429 confessario,
1112 357 1169 417 sal·

154 438 217 495 tem
229 434 262 494 in
276 434 414 504 confuso,
434 442 468 494 ut
479 440 573 494 status
584 450 645 492 sue
658 432 843 493 conscientie
860 431 931 495 buic
940 436 1077 496 notitiam
1087 456 1169 517 prac-

101 547 103 551 ·
154 514 232 579 beat.
243 520 300 580 Sed
314 520 401 579 multi
414 518 465 577 alii
476 518 563 578 etium
576 514 881 592 probabiliterdicunt
892 514 927 596 (l.
939 537 964 579 c.
977 521 1095 599 rabili.)
1107 522 1169 584 boc

153 618 215 663 non
228 621 291 665 esse
300 602 517 679 necessarium,
530 599 599 663 cium
609 600 756 673 sufficiat,
776 600 858 679 qubd
879 601 1073 665 confessarius
1081 606 1171 684 judi·

153 686 234 747 cium
253 689 361 760 saciat,
382 688 419 747 ad
442 685 524 759 hoc,
544 695 579 747 ut
601 694 697 746 mutet
716 687 945 765 paenitentiam,
967 708 1031 751 esse
1050 691 1170 753 insuffi-

154 772 264 833 cientes
280 772 452 850 poenitcntis
463 772 541 831 vires
553 770 597 832 illi
609 770 693 831 oneri
708 771 848 849 ferendo,
865 770 933 833 ciam
955 774 1059 835 contris
1072 778 1169 855 possit

153 872 190 916 ex
202 856 505 936 ipsametpoanitontia
522 855 658 933 imposita
668 871 790 934 arguere
802 857 956 917 materiam
965 866 1168 937 peccatorum,

154 957 209 1018 pro
224 942 333 1021 quibus
347 942 396 1002 illa
421 939 551 1018 injuncta
565 947 646 1017 erat,
666 946 698 999 et
719 940 760 1000 ita
775 957 807 999 se
825 940 954 1019 dirigere
975 952 1072 1021 potest
1087 989 1097 1018 ,
1113 956 1170 1007 aut

154 1026 187 1087 in
201 1028 363 1098 mutando,
378 1036 429 1089 aut
443 1024 651 1087 diminuendo.
665 1026 701 1085 Et
722 1024 915 1105 probabiliter
933 1036 1029 1105 potest
1042 1029 1074 1091 id
1092 1049 1170 1091 con·

154 1110 290 1173 fossarius
304 1111 394 1191 (lbid.
410 1112 444 1171 fn
457 1110 528 1191 fin.)
545 1127 581 1169 ex
600 1128 631 1169 se
650 1108 791 1184 efficere,
811 1108 880 1171 edm
901 1112 1066 1188 praevidet,
1082 1115 1168 1193 quod

154 1198 302 1277 poenitens
324 1198 536 1259 verosimiliter
562 1194 787 1273 paenitentiam,
814 1204 850 1255 ut
877 1205 985 1268 autea,
1014 1200 1169 1281 negligere

154 1291 269 1361 perget.
283 1283 421 1344 attamen
433 1281 608 1343 confessario
631 1279 764 1341 inferiori
780 1298 840 1345 non
852 1290 896 1342 est
915 1284 1094 1361 permissum
1106 1288 1169 1347 im·

154 1376 271 1429 mutare
294 1368 500 1445 poenitentiam
522 1365 692 1445 impositam
715 1364 733 1423 a
760 1367 914 1443 superiore
932 1385 987 1447 pro
1008 1373 1168 1432 reservatis

154 1460 236 1513 extra
247 1470 347 1513 casum
361 1470 421 1530 quo
434 1451 580 1529 poenitens
597 1448 757 1511 difficulter
769 1458 868 1527 posset
887 1452 1003 1531 regredi
1024 1454 1063 1514 ed
1075 1471 1167 1534 supc-

155 1536 290 1612 riorem,
306 1545 337 1597 et
352 1534 453 1597 contria
466 1536 563 1614 gravis
579 1552 664 1595 causa
679 1543 800 1613 urgeret
820 1541 855 1593 ut
873 1536 1046 1613 paenitentia
1066 1548 1169 1599 mute·

154 1628 227 1696 tur,
254 1624 323 1701 quia
346 1632 419 1683 tunc
439 1620 655 1683 rationabiliter
673 1620 862 1698 presumitur
878 1622 1043 1700 superioris
1061 1625 1168 1685 conni-

153 1708 253 1768 ventia
267 1707 366 1787 (Dicto
379 1726 411 1769 u.
425 1706 520 1785 dit).
534 1707 572 1765 V.
587 1706 613 1767 N
616 1722 655 1765 ou
667 1713 762 1782 potest
772 1706 881 1765 mutari
894 1706 1068 1784 poenitentia
1078 1718 1167 1773 extra

153 1792 389 1863 consessionem,
405 1810 444 1852 ne
455 1792 492 1851 ab
512 1792 576 1869 ipso
589 1788 710 1867 quidem
724 1789 920 1866 confessari03
938 1789 1055 1853 tantum
1068 1803 1168 1872 potest

153 1874 210 1937 hoc
224 1876 289 1939 fieri
303 1878 340 1938 ab
357 1878 409 1938 illo
422 1873 591 1936 immediatis
605 1883 670 1953 post
682 1874 781 1934 datam
797 1874 1029 1949 absolutionem,
1040 1886 1166 1939 etante-

153 1978 242 2042 quam
255 1962 401 2042 poenitens
412 1960 429 2022 b
441 1959 643 2022 confessiouuli
654 1957 784 2020 discedat
790 1958 888 2036 (Dicto
902 1978 937 2021 n.
951 1961 1020 2022 529.
1031 1960 1167 2042 ocos.)

193 2049 241 2107 ll.
259 2048 341 2110 Circa
357 2046 566 2106 satisfactiones
578 2044 611 2104 in
634 2044 805 2124 particulari
827 2045 1040 2122 imponendas,
1057 2046 1167 2108 adver·

154 2128 297 2202 tendum,
316 2131 544 2191 satisfactionem
557 2145 618 2189 non
634 2127 732 2190 saltim
742 2129 851 2189 debere
861 2144 923 2188 esse
932 2129 1164 2205 medicinalem,

152 2214 300 2276 sedetiam
313 2216 406 2295 culpis
415 2213 573 2294 praeteritis
584 2213 818 2274 satisfactorium.
827 2213 936 2292 Regula
946 2212 1053 2274 berum
1062 2217 1166 2294 requi·

152 2300 193 2359 rit
206 2309 241 2358 ut
253 2300 446 2378 imponantur
459 2315 547 2376 opera
565 2314 683 2358 carnem
703 2297 865 2358 cotrcentia
882 2299 1077 2376 propeccatis
1094 2317 1165 2359 scn-

153 2383 302 2452 sualibus,
322 2384 516 2460 eleemosyna
528 2399 582 2459 pro
598 2383 723 2460 peccatis
735 2382 997 2454 avaritiae1‚·oratio
1018 2383 1163 2460 problas·

153 2464 292 2544 plrcmis,
313 2475 370 2527 etc.
393 2465 451 2528 Sed
470 2465 717 2526 considerandum
732 2465 805 2544 quid
820 2466 914 2544 magis
931 2467 1087 2546 expediat,
1107 2477 1163 2531 aut

153 2553 246 2631 magis
261 2552 335 2614 utile
353 2551 392 2612 sit
417 2550 585 2629 poenitenti.
601 2550 743 2624 Quamvis
758 2559 858 2612 autem
876 2550 1099 2613 mdrimdutile
1120 2554 1162 2612 sit

153 2635 307 2716 imponere
322 2637 577 2698 sacramentorum
591 2635 880 2713 frequentationem,
894 2637 1062 2697 orationem
1075 2653 1163 2697 men·

153 2723 263 2796 talem,
285 2729 315 2782 ct
331 2722 548 2799 eleemosynas,
563 2716 758 2781 nihilominus
778 2717 876 2798 praxis
891 2717 981 2778 babet
996 2717 1050 2780 bas
1071 2719 1161 2783 reddi

153 2805 308 2866 damnosas
336 2806 394 2876 iis,
416 2805 469 2882 qui
493 2813 545 2866 aut
566 2803 643 2864 nibil
658 2813 710 2864 aut
729 2802 836 2882 parium
864 2801 1162 2866 habuerunt'lmrum

153 2907 254 2952 usum.
270 2889 485 2950 satisfactiones
499 2889 587 2949 utiles
603 2887 767 2966 generatim
779 2905 834 2964 pro
850 2887 989 2948 omnibns
1001 2890 1049 2948 be
1063 2887 1162 2949 solent

154 2991 215 3035 esse
228 3018 237 3048 ,
252 2971 396 3034 nimirirm
409 2972 558 3052 aggregari
576 2971 614 3031 ad
631 2971 760 3048 aliquam
783 2971 1064 3049 congregationem
1083 2989 1161 3050 quo·

150 3058 226 3119 libet
248 3057 364 3137 vesperi
386 3057 501 3136 (saltem
520 3057 557 3117 ad
574 3056 702 3134 tompus)
725 3065 824 3116 actum
849 3055 960 3116 doloris
986 3057 1113 3126 elicere,
1127 3061 1161 3116 ‘et

153 3141 286 3220 quolibet
304 3159 390 3202 mane
407 3142 593 3220 propositum
610 3157 773 3213 renovare,
798 3137 925 3200 dicendo
947 3157 1017 3200 cum
1033 3138 1160 3202 &Plci-

153 3223 235 3307 lippo
247 3224 360 3287 Nerio.-
377 3223 526 3298 Datame,-
546 3241 584 3284 ιιι
600 3221 725 3304 auferas
744 3221 829 3286 lodic
848 3240 956 3285 monto
971 3231 1039 3284 tuus
1058 3225 1158 3302 ome,

146 3324 189 3370 'tae
202 3311 247 3370 tuf
256 3307 391 3392 proditor
402 3305 514 3390 efficiar
526 3330 537 3370 .-
548 3309 675 3370 Visitare
684 3309 817 3386 quotidie
828 3309 1042 3370 sanctissimum
1054 3308 1160 3371 Socru-

148 3400 310 3468 amentum,
326 3403 357 3454 ct
379 3393 538 3472 imaginem
558 3408 678 3472 quoque
698 3393 798 3454 llario
820 3393 1033 3466 sanctissimae,
1052 3391 1159 3454 abeis

154 3479 377 3555 perseuerantiae
404 3481 528 3554 gratiam
553 3478 750 3558 postuland03
774 3477 887 3541 Rosarii
903 3479 1014 3538 saltem
1036 3477 1158 3539 tectim

149 3569 287 3636 partem,
302 3568 334 3621 et
351 3571 398 3622 ter
410 3563 614 3626 salutationem
628 3562 789 3642 angelicam
807 3579 894 3623 manc
912 3569 943 3622 et
956 3561 1070 3642 vesperi
1080 3561 1161 3638 ,zdi-
