2475 3975
251 171 283 253 3.
299 173 380 234 Vlll.
397 171 521 248 Preces,
534 179 618 236 actus
635 174 806 254 christiani,
826 187 879 242 ete.
1031 183 1087 244 lbb

65 272 229 356 Pontificis
258 274 435 352 orantibus,
464 273 682 358 indulgmtiam
704 275 896 359 plenariam,
919 279 1008 342 etiam
1032 302 1088 361 pro

67 357 288 440 defunctorum
304 361 478 437 animabus,
500 363 658 424 concessit:
671 366 740 426 etsi
753 365 788 425 in
801 366 862 446 fine
874 366 943 428 vites
959 368 1026 448 quis
1035 368 1086 449 fa·

64 445 146 520 ciat,
162 443 390 527 indulgentiam
402 446 436 506 in
455 445 580 508 articulo
598 448 727 528 mortis.)

335 613 503 678 Benedictio
513 617 546 678 in
558 616 686 682 articulo
697 623 810 685 mortis.

97 862 168 923 287.
190 799 478 925 Pomrrsxlicned.
490 862 542 922 Xl
547 863 907 948 Vnnnotrlrmpisaopis
915 869 1082 932 facultatem

61 947 223 1019 commit,
235 955 269 1006 ot
286 963 392 1005 corum
407 945 566 1023 delegatis,
582 947 796 1024 indulgentiam
813 953 975 1029 plenariam
991 974 1083 1032 ngra-

61 1031 97 1090 tis
108 1032 287 1109 potentibus
310 1031 478 1108 impartiri,
494 1039 650 1114 postquam
662 1033 862 1111 Paenitentia,
878 1037 1081 1110 Eucharistiea,

61 1124 89 1174 et
100 1115 428 1178 Extremas-Unctionis
444 1125 623 1176 sacramanta
648 1119 835 1196 acceperint,
855 1128 907 1179 aut
930 1122 1083 1181 verosimi-

60 1200 126 1260 liter
148 1203 367 1280 quaesiissent,
390 1210 443 1262 aut
465 1201 490 1260 si
510 1202 629 1280 signum
649 1202 770 1280 aliquod
794 1203 903 1264 doloris
922 1203 1081 1277 dederint,

61 1294 90 1344 ct
114 1295 218 1363 postca
245 1301 352 1344 sansus
372 1286 534 1344 amiserint.
560 1287 628 1345 Non
654 1286 727 1346 verb
745 1287 1026 1361 excommunicatis,
1052 1297 1082 1348 et

61 1369 342 1448 impoenitentibus,
362 1387 417 1428 nea
438 1371 528 1430 etiam
544 1370 601 1429 illis
622 1371 717 1448 quiin
736 1372 865 1432 evidenti
880 1381 996 1449 peccato
1017 1390 1081 1434 mo·

61 1455 192 1516 riuntur.
215 1455 445 1520 Advertcndum
469 1464 590 1527 tamen,
606 1455 687 1532 qubd
708 1456 846 1535 praedicta
862 1457 982 1516 facultas
996 1457 1082 1518 debet

62 1539 97 1598 ab
115 1540 274 1620 Episcopis
293 1540 408 1618 exposci
429 1539 446 1599 b
470 1557 657 1617 quocumque
686 1541 828 1601 Pontifiee
848 1559 902 1620 pro
926 1549 1079 1621 tempore,

63 1623 94 1682 in
115 1623 199 1685 bulla
215 1624 300 1686 enim
314 1624 375 1686 Pia
386 1626 502 1695 Mater,
516 1625 595 1685 edita
610 1627 630 1685 d
646 1625 755 1686 Bened.
768 1627 860 1688 XIV.
878 1625 926 1686 die
940 1628 970 1686 b.
983 1627 1078 1705 April.

64 1724 141 1770 anno
157 1710 252 1772 1747.
277 1709 320 1768 sic
336 1709 447 1769 dicitur
467 1730 475 1768 ε
495 1709 571 1769 Cim
591 1709 663 1769 uoci
686 1711 827 1793 Episcopi
846 1708 996 1772 cotleolicis
1015 1731 1079 1793 gre·

63 1790 147 1868 gibus
168 1794 206 1854 in
226 1791 378 1877 posterum
397 1792 618 1874 praefidentur,
631 1791 767 1854 volumus
779 1838 787 1865 ,
801 1801 889 1872 atque
901 1797 1077 1868 statuimus,
1138 1813 1145 1830 ·

63 1883 97 1934 ut
114 1877 249 1964 singulis
262 1895 364 1939 eorum
384 1875 557 1958 hujusmodi
575 1873 749 1956 facultatem
764 1877 784 1934 b
798 1875 890 1936 Nobis
902 1920 910 1950 ,
921 1875 981 1936 siue
995 1881 1079 1942 dlic-

62 1975 152 2023 mano
161 1980 220 2044 pro
235 1969 360 2042 tempore
371 1959 513 2043 Pontifirc
523 1959 759 2043 postulantibus,
774 1956 941 2041 apostolicos
951 1958 1079 2035 Littera,

64 2051 114 2105 etc.
128 2047 237 2110 bladus
248 2064 307 2125 quo
317 2046 406 2107 datur
420 2046 585 2107 benedictio
596 2056 641 2107 est
651 2045 709 2107 hic.

99 2133 173 2193 288.
194 2132 335 2192 Sacerdos
353 2132 456 2209 oegrmi
477 2131 600 2191 domum
618 2131 786 2209 ingrediens
805 2130 883 2191 dicat
903 2132 997 2190 :Pan
1012 2128 1080 2191 buic

63 2209 190 2285 doncui,
212 2222 241 2273 et
252 2212 387 2275 omnibus
404 2212 608 2274 babitantibus
626 2216 660 2273 iu
673 2232 720 2273 ea.
734 2218 770 2275 Et
786 2223 919 2292 aspergat
937 2214 1011 2291 aqua
1028 2214 1081 2275 be-

63 2296 184 2358 nedieti
195 2340 204 2369 ,
217 2297 317 2358 dicens
336 2318 346 2355 z
365 2304 508 2378 Aspmges
520 2316 566 2357 me
575 2297 717 2378 hyssopo,
731 2307 759 2359 et
769 2297 955 2360 mundabor:
966 2296 1080 2363 lavabis

65 2399 125 2452 me,
143 2390 276 2463 etsuper
293 2380 391 2443 niuem
405 2380 573 2447 dealbabor.
598 2385 700 2443 Postea
720 2386 818 2445 dicat:
836 2383 976 2445 dissertae
1000 2388 1077 2456 met,
1097 2448 1110 2473 ο

65 2466 144 2529 Deus
155 2509 167 2543 ,
178 2465 337 2529 secundum
348 2484 490 2549 magnam
502 2466 731 2531 nomnicordiam
745 2478 837 2530 tuam.
854 2467 958 2531 Glom'a
970 2468 1075 2548 Patri,

67 2556 116 2610 etc.
140 2553 179 2613 Et
203 2551 279 2616 nihil
300 2552 382 2615 aliud
406 2552 507 2614 diceus
537 2562 652 2633 repetat
677 2555 879 2634 Antiphonam
905 2575 914 2613 ι
937 2557 1077 2635 asperges

69 2649 131 2712 nce,
144 2644 199 2701 etc.

105 2722 135 2783 Si
159 2734 286 2804 aegrotus
303 2727 513 2789 contessionem
535 2726 633 2803 petit,
654 2722 787 2785 sacerdos
808 2721 934 2803 benigne
952 2721 1077 2799 audiat3
1172 2722 1176 2729 '

70 2802 112 2864 sin
133 2810 206 2871 verb
230 2815 415 2875 contritionis
431 2821 528 2873 aetum
548 2819 583 2871 ut
602 2818 729 2890 aegrotus
744 2809 841 2870 eliciat
854 2810 990 2880 studeat,
1008 2825 1078 2867 con—

71 2886 214 2973 lortetque
234 2916 303 2959 aum
337 2898 375 2959 ad
404 2896 531 2977 peradisi
552 2898 677 2976 gloriam
694 2895 870 2974 sperandam
890 2915 899 2953 ε
923 2892 1077 2964 hortetur,
1106 2940 1111 2949 .
1222 2926 1226 2935 ·

72 2981 103 3031 m
123 2985 219 3043 totum
239 3000 270 3043 sc
291 2982 396 3044 olierat
418 2985 502 3056 Deo,
518 2991 548 3042 et
568 3000 624 3061 pro
641 2990 828 3060 pcccatorum
844 2996 967 3039 suorum
992 2977 1088 3035 satis·
1174 2992 1179 3001 ·

72 3054 191 3204 lagitione
220 3068 252 3129 id
278 3068 359 3147 quod
383 3068 449 3128 vult
468 3068 573 3141 Deus,
594 3067 747 3146 ipsamque
771 3074 900 3127 mortem
926 3068 1076 3141 acceptet3

72 3155 101 3202 ln
120 3147 242 3213 bdicats

108 3233 173 3298 289.
184 3236 229 3309 ί.
242 3236 432 3315 adjiciat-ium
451 3247 587 3300 nostrum
605 3238 638 3297 iu
654 3238 775 3298 nomine
788 3234 920 3295 Domini.

109 3323 145 3394 ut.
159 3322 218 3394 Qui
230 3323 298 3384 lecit
308 3328 415 3385 coelum
429 3334 459 3384 et
471 3335 590 3386 terram.
1099 3394 1103 3401 .

110 3403 286 3486 dntiplt.Ne
310 3409 532 3482 reminiscaris,
558 3407 704 3481 Domina,
721 3406 825 3467 delicta
841 3406 941 3467 famuli
961 3406 1004 3467 tui
1018 3406 1077 3483 (vel

78 3488 182 3549 ancillas
197 3491 267 3569 tun)
281 3510 377 3571 noque
399 3494 559 3554 vindictam
577 3511 675 3552 sumas
696 3493 733 3553 de
754 3494 876 3569 peccatis
892 3491 965 3568 ejus.
986 3489 1078 3566 Kyrie
1137 3542 1139 3547 ,

80 3569 190 3636 cleison.
206 3574 323 3639 Christe
332 3579 553 3658 cleisonllyria
566 3577 686 3639 eleison.
699 3580 784 3639 Pater
794 3587 908 3718 nosgeg,
923 3580 980 3631 cte·
