2475 3975
364 183 414 243 Eu
424 181 558 264 operibus·
574 182 727 245 Benedicti
735 185 825 246 XIV.
1041 186 1098 252 tte

47 355 52 369 ι
97 285 253 346 traditione
270 285 431 364 colligitur.
445 288 488 346 lta
504 287 653 347 tamenab
669 288 809 366 Episcopo
827 302 889 350 csso
908 287 981 349 illud
998 290 1098 350 oleum

93 369 282 432 benedictum
296 379 430 450 oportet,
447 379 482 430 ut
500 366 690 431 nrlriloscciirs
712 371 804 450 possit
819 387 856 431 ex
875 373 1097 444 commissione,

91 454 152 514 sive
167 454 319 534 expressi,
337 456 399 521 sivo
415 455 501 516 tacito
512 500 521 529 ‚
531 456 655 516 Romani
673 454 823 516 Pontificio
833 455 850 516 ir
862 457 990 535 simplici
1003 473 1098 517 sacer-

93 537 161 598 dote
181 541 366 612 consecrari,
389 547 424 599 ut
448 551 484 599 cx
508 551 592 600 ntorc
621 541 821 606 uetustissimo
840 542 975 602 Bcclmicc
993 541 1100 603 Oricu-

92 623 159 766 pelis
172 619 300 691 eruitur.
324 627 368 684 lta
392 623 477 688 docct
493 625 628 694 Pontifex
650 625 682 699 lu
702 628 839 702 Tractatu
862 626 901 697 dc
917 627 990 704 Syn.
1003 627 1096 691 llioec.

97 749 115 777 ,.
134 709 164 770 8.
180 727 206 770 c.
230 711 259 769 l.

131 793 284 852 Unctionis
297 785 541 855 Extrcmoeforma
552 838 562 869 ,
574 795 606 854 in
617 794 727 854 Rituali
740 797 872 857 llomnno
883 808 1020 876 expressa
1032 839 1041 868 ‚
1054 803 1099 856 cst

91 877 295 960 deprecativa,
311 891 475 957 numquam
490 885 590 941 tamon
613 877 772 938 delinitum
788 889 833 943 cst
850 882 888 940 ab
901 880 1044 953 melesio,
1060 898 1099 940 an

90 961 154 1041 hacc
168 963 207 1023 itu
227 965 388 1028 necessario
403 965 441 1024 sit
451 1009 462 1045 ,
475 973 511 1024 ut
531 981 591 1025 non
610 963 695 1043 equo
713 962 750 1029 td
768 967 943 1026 sacramenti
963 966 1100 1027 validita-

91 1058 153 1108 tem
169 1049 313 1125 muniat,
333 1051 357 1112 si
372 1049 530 1111 indicativo
542 1049 632 1112 modo
645 1050 828 1128 concipiatur
839 1051 925 1128 3sotis
939 1051 1020 1112 enlm
1029 1063 1100 1109 con-

90 1140 166 1206 slot,
183 1134 310 1216 sormam
331 1136 414 1205 illam
436 1137 581 1216 expressis
604 1135 704 1196 verbis
728 1149 916 1214 nequaquam
935 1134 1099 1194 institutam

89 1215 190 1278 fuisso.
206 1219 326 1280 Constat
351 1229 452 1281 lumen
473 1222 584 1298 aliter,
610 1219 699 1300 quim
718 1221 751 1282 iu
772 1221 882 1281 llituuli
902 1219 1098 1290 abluuntur,

90 1302 218 1390 proferri
235 1303 346 1382 absque
360 1305 447 1383 greci
456 1305 570 1384 flagitio
582 1305 698 1384 priuato
716 1306 893 1366 anctoritate
909 1316 971 1365 nen
983 1318 1079 1383 passo.

130 1387 233 1453 Partes
248 1390 393 1466 ungendae
412 1390 477 1450 allae
497 1390 617 1468 quidem
639 1393 917 1463 mensunusum,
941 1399 975 1450 ut
998 1389 1100 1449 Sacra-

88 1479 229 1533 montum
242 1473 296 1534 fiat
309 1493 317 1550 3
332 1474 400 1534 alico
417 1477 613 1548 necessitate,
636 1473 682 1536 ull
703 1484 834 1548 nocent,
851 1474 1011 1556 prteccptlp
1034 1473 1100 1533 olim

88 1557 162 1618 roro
175 1557 290 1626 rationo
304 1559 402 1638 aliquo
414 1560 555 1621 suadente
576 1559 644 1621 tato
657 1563 849 1638 omittuntur,
870 1561 912 1620 llx
925 1559 972 1620 lris
986 1567 1100 1638 postre-

88 1643 148 1703 mis
173 1652 243 1704 eunt
265 1641 377 1723 pedum
398 1651 429 1706 ct
449 1647 699 1718 cenomanum,
719 1645 782 1706 hoec
802 1646 886 1706 enim
911 1645 944 1705 ln
968 1644 1099 1709 luminis

89 1728 262 1806 omittitur3
281 1729 330 1810 ille
344 1728 416 1790 vcro
435 1744 504 1794 cum
519 1731 602 1808 grani
616 1723 807 1793 incommodo
822 1729 969 1806 praeteriri
988 1735 1097 1806 potest.
1130 1737 1133 1741 ·

90 1815 210 1874 Caetcrco
227 1806 510 1890 qulnqucscnsuum
529 1807 685 1873 unctioncs
699 1805 1100 1888 cultomcxprmceptoadhi-

88 1897 196 1958 bonde
209 1905 279 1957 sunt
291 1917 300 1956 ε
313 1895 387 1957 num
402 1895 474 1965 ucria
492 1897 616 1975 singulae
626 1898 667 1956 ita
677 1896 738 1956 sint
751 1897 934 1966 ommacio,-
949 1905 982 1954 nt
991 1895 1101 1973 absque

89 1982 150 2044 illle
174 1983 397 2045 &crumentum
419 1999 480 2043 non
504 1981 665 2043 consistat?
686 1973 737 2043 alii
770 1981 858 2042 aliter
884 1978 1049 2057 disputant.
1068 1979 1101 2039 Si

88 2068 245 2129 necessitas
261 2075 364 2148 urgeat
383 2066 470 2149 regri,
486 2069 538 2146 qui
554 2080 623 2129 max
642 2065 814 2129 decessurus
835 2066 978 2141 timetur,
996 2064 1100 2124 unicus

87 2166 193 2213 scnsus
208 2154 362 2234 ungcndus
383 2162 449 2225 ost,
471 2155 505 2213 cu
521 2153 715 2230 prouunoiuti
736 2152 854 2223 sormi,
879 2163 970 2230 quam
984 2150 1101 2210 llltualc

86 2242 122 2301 in
138 2237 184 2297 his
196 2240 298 2303 rerum
319 2238 473 2301 eventibus
489 2238 616 2317 assignat
628 2282 637 2310 ‚
651 2246 739 2316 caput
755 2248 854 2297 tamen
867 2233 1098 2315 preterendum.

87 2326 135 2385 Dc
150 2323 223 2401 Syn.
237 2320 328 2402 lliccc.¹
343 2323 366 2383 Ι.
379 2324 410 2387 8,.
425 2338 452 2383 o.
465 2324 498 2383 5:

139 2408 318 2473 Sucrnmcnti
347 2406 435 2486 hujm
455 2406 610 2469 ministros
628 2422 692 2469 usse
716 2406 884 2469 sucerdotcs
908 2420 1020 2479 nomo,
1047 2408 1100 2485 qui

87 2494 182 2557 fidum
200 2492 308 2567 curisti
328 2496 505 2576 profitetur,
522 2496 695 2574 negaverit,
709 2494 923 2555 itadcliniente·
934 2492 1018 2554 Trid.
1029 2509 1099 2553 sess.

87 2580 140 2639 ll.
157 2594 183 2639 c.
201 2580 231 2663 la.
244 2579 428 2658 Quumquom
443 2579 517 2641 vcro
531 2580 659 2642 conferri
675 2580 693 2639 a
706 2580 844 2658 pluribus
862 2578 951 2637 simul
966 2577 1101 2637 sacerdo·

87 2664 171 2725 tibus
189 2664 305 2737 valcat,
328 2664 536 2725 modulamen
566 2666 675 2744 singuli
699 2681 788 2723 suum
817 2662 1100 2722 diverscmsensum

88 2764 159 2811 cum
185 2748 280 2809 sonmo
299 2746 396 2809 cidem
418 2748 517 2811 debite
540 2750 709 2827 inungant:
737 2763 808 2809 usus
832 2757 932 2810 tamen
952 2745 1015 2825 jam
1030 2748 1101 2809 inde

89 2832 228 2913 pluribus
239 2834 351 2895 suculis
367 2834 399 2893 in
420 2828 724 2911 Latinomllcclesiem
743 2834 877 2908 invectus
891 2840 974 2893 extra
990 2834 1100 2895 articu-

88 2922 155 2980 lum
167 2918 343 2987 neccessitatis
356 2918 414 2979 sart
427 2961 436 2999 ‚
450 2927 486 2979 ut
504 2934 582 2979 unns
601 2919 810 2984 tantummodi
820 2936 902 2979 sacro
914 2919 980 2978 oleo
992 2918 1098 2989 liniat,

89 3013 246 3082 totumquo
260 3004 394 3082 perficiat
406 3005 628 3066 Sacramentum
640 3048 649 3079 ,
660 3006 707 3066 cut
722 3006 798 3065 mori
807 3005 879 3065 citra
893 3001 1031 3063 lethalem
1042 3005 1101 3065 cul·

88 3106 160 3169 pam
183 3104 216 3148 sc
227 3104 288 3149 non
303 3090 488 3150 conformare
507 3104 596 3158 nemo
612 3097 720 3167 potest.
733 3090 779 3149 Dc
799 3090 873 3168 Syn.
886 3088 979 3148 llioec.
992 3089 1046 3149 lib.
1066 3091 1097 3151 8.

88 3174 200 3251 capla.
215 3170 372 3234 Laudabile
391 3180 490 3234 tumen
513 3172 605 3233 luerit
625 3174 670 3245 si,
684 3172 757 3245 dum
772 3188 822 3235 res
835 3187 916 3233 sucre
929 3174 1098 3255 peragitur,
1160 3234 1164 3237 .

87 3257 193 3337 plures
204 3258 339 3319 assistunt
357 3256 537 3331 summotos,
558 3258 604 3317 vel
621 3259 725 3320 saltem
745 3259 832 3337 prem
852 3259 932 3333 riri,
955 3267 991 3320 ut
1004 3258 1100 3321 oratio

88 3339 182 3403 totiru
193 3338 329 3405 Ecclesiae
342 3344 379 3403 ad
392 3343 530 3404 cllcctum
547 3340 638 3419 hujus
652 3345 834 3405 sputamenti
846 3344 1020 3423 coadjuvet,
1033 3358 1100 3419 quae

88 3426 185 3487 verbu
198 3435 268 3487 sunt
281 3428 313 3487 S.
330 3426 433 3490 Tuom.
450 3447 477 3487 c.
486 3425 535 3487 45.
549 3428 572 3487 l.
584 3430 615 3487 l.
626 3436 730 3504 contra
744 3436 856 3505 gentes.
872 3426 949 3489 tutu.
962 3448 995 3487 n.
1009 3428 1038 3484 o.

129 3510 297 3571 llinlstrnre
306 3511 385 3571 istud
398 3513 618 3572 Sacramentum
631 3509 731 3570 validi
743 3528 846 3571 omncs
859 3510 1022 3571 sacerdotes
1032 3522 1101 3587 pos-

86 3602 181 3674 sunt3
194 3596 246 3671 uui
261 3602 361 3663 tumen
377 3594 505 3677 parocho
517 3593 636 3672 dejure
651 3595 792 3673 competit
806 3638 815 3669 ‚
827 3592 954 3734 citmsspit
969 3590 1032 3667 cius
1043 3590 1101 3649 mi·
