2475 3975
133 142 194 207 lto
327 143 463 225 Epitome
473 138 617 207 doctrino
628 142 751 207 moralis
764 144 948 208 etcanonicc
1203 10 1216 323 w

128 245 298 325 dispensare
320 252 416 324 potest
438 245 475 305 cd
498 245 635 307 ellectum
649 251 715 319 ,ut
739 247 860 307 omissos
885 247 1003 309 ordines
1030 251 1143 315 occulte

127 328 324 408 suscipienti
346 330 479 408 quolibet
497 331 658 403 Antistite,
684 331 774 391 etiam
797 338 878 391 extra
900 338 1056 409 tempora,
1082 356 1143 396 nou

127 416 250 477 servatis
277 417 464 491 interstitiis,
484 424 515 475 et
538 416 649 493 absque
672 415 845 476 dimissoriis
867 437 875 474 c
901 434 961 476 non
985 425 1086 479 tamen
1109 428 1141 481 ut

127 498 230 576 plures
243 500 363 561 ordines
373 518 470 561 sacros
481 499 585 561 eodem
601 500 650 560 die
660 501 810 579 suscipiat.
819 500 902 579 Rullo
914 502 1023 561 Pastor
1036 501 1139 565 bonus.

165 585 322 665 Dispensat
336 586 425 646 etiam
435 602 503 647 cum
523 586 667 664 promotis
686 585 721 647 ad
741 602 837 647 sacros
850 584 969 663 ordines
983 604 1037 663 per
1049 591 1141 649 simo-

127 668 232 816 rlrliapln,
257 670 427 817 ip9casibus
449 679 549 732 temen
570 671 717 745 occultis,
741 676 773 731 et
795 671 827 730 in
853 668 918 730 loro
942 674 1139 737 conscientiis.

165 774 174 815 ι
198 774 254 816 .ιι.
310 798 318 815 .

526 856 739 921 eunocum.

167 1011 314 1075 Parochus
327 1014 466 1087 actualis,
483 1012 574 1074 etiam
593 1011 754 1091 regularis,
772 1028 959 1091 quocumque
975 1016 1140 1093 appelletur
1211 928 1216 1255 Ι

128 1099 270 1173 nomine,
292 1116 401 1178 nempe
420 1098 523 1158 vicarii
541 1096 679 1175 perpetui
693 1137 702 1166 ‚
715 1111 766 1154 seu
781 1096 817 1153 ad
837 1104 953 1175 tempus
968 1100 1142 1173 constituti,

128 1194 245 1245 tenetur
268 1185 388 1245 missam
410 1183 557 1260 applicare
580 1199 636 1259 pro
657 1180 768 1257 populo
789 1180 914 1258 siugulis
936 1180 1039 1241 diebus
1059 1184 1140 1244 festis

127 1272 165 1332 de
184 1279 351 1350 precepto,
373 1278 408 1330 ut
426 1270 459 1327 in
477 1266 631 1347 Eneycliea
650 1264 686 1326 ad
701 1264 856 1345 Episcopus
868 1265 959 1329 ltaliae
981 1268 1140 1348 incipiente

130 1356 204 1417 Caico
223 1372 355 1437 aecoper,
379 1352 515 1415 Pontifex
534 1350 665 1412 mandat.

164 1442 195 1503 Si
214 1439 320 1501 babeat
331 1439 436 1500 diebus
455 1439 515 1497 illis
531 1437 602 1497 elias
616 1434 808 1515 obligationes
821 1436 985 1516 applicandi
1000 1438 1138 1510 missam,

127 1542 231 1587 curare
246 1526 349 1599 debet,
361 1533 397 1583 ut
414 1522 471 1582 illis
487 1540 543 1600 per
557 1522 631 1582 alios
642 1521 807 1581 satisfaciat.
821 1521 897 1581 lbid.
912 1521 938 1603 ς.
955 1524 985 1583 8.
1001 1522 1138 1583 Puroehis

126 1618 224 1669 tamen
245 1607 425 1684 pauperibus
449 1613 545 1681 potest
566 1606 727 1681 Episcopus
750 1606 925 1683 indulgere,
945 1614 977 1665 ut
998 1606 1064 1683 ipse
1087 1627 1139 1686 pa·

123 1690 232 1754 roclrus
252 1689 407 1770 satisfaciat
429 1689 494 1749 aliis
515 1688 743 1767 obligationibus
756 1733 764 1761 ‚
777 1707 843 1767 quae
863 1690 939 1753 sorte
960 1702 1137 1766 occurrunt,

125 1776 291 1856 applicandi
302 1777 421 1837 missam
430 1774 536 1836 diebus
545 1774 625 1834 lestis
634 1818 641 1845 ,
651 1773 814 1836 dummodd
827 1784 925 1836 tamen
937 1774 1033 1835 eidem
1043 1777 1139 1841 missa·

125 1882 180 1942 pro
198 1864 308 1943 populo
324 1863 401 1922 inira
420 1859 635 1922 hebdomadam
649 1860 813 1919 satisfaciat.
826 1860 901 1920 lbid.
912 1859 939 1941 S.
951 1860 980 1921 8.
992 1861 1139 1925 Perochus

125 1947 216 2009 etiam
232 1947 438 2027 pinguioribus
460 1944 606 2006 reditibus
626 1943 766 2022 praeditus
782 1944 944 2006 absolvitur
965 1944 1003 2006 ab
1026 1946 1140 2027 obligo·
1211 1870 1216 2026 1

124 2035 206 2095 tione
226 2033 392 2113 applicandi
413 2032 533 2092 missam
553 2030 677 2107 singulis
698 2029 802 2091 diebus
825 2048 880 2108 pra
901 2031 1032 2109 populo;
1051 2031 1141 2094 dunr-

125 2118 214 2181 modo
227 2137 288 2178 uon
302 2118 389 2178 aliter
403 2117 435 2176 in
450 2114 623 2175 fundatione
636 2114 769 2175 beneficii
782 2124 901 2174 cautum
914 2117 962 2175 sit.
973 2115 1047 2176 lbid.
1060 2135 1093 2178 n.
1106 2121 1137 2180 6.

162 2201 327 2263 Pamcbum
341 2202 506 2282 regularem
518 2217 571 2260 suo
585 2200 702 2260 muneri
716 2200 901 2260 deficientem
917 2205 1139 2280 potestpunirc

124 2288 284 2367 Episcopus
297 2283 478 2347 cumulativb
495 2303 565 2345 eum
582 2285 734 2364 superiore
752 2285 899 2363 regulari3
913 2285 953 2344 ita
968 2293 1089 2358 tamen,
1105 2299 1139 2349 ut

124 2374 148 2434 si
163 2373 250 2432 aliter
263 2380 373 2431 statuat
385 2371 521 2448 superior
535 2371 697 2448 regularis,
711 2369 796 2430 aliter
806 2371 982 2449 Episcopus,
996 2369 1139 2434 standum

123 2459 162 2518 sit
174 2456 309 2535 Episcopi
325 2454 473 2515 mandato·
487 2456 530 2514 lta
543 2455 646 2540 statuit
661 2454 795 2514 Pontifex
811 2455 842 2513 iu
859 2454 938 2514 bulla
949 2455 1136 2518 Firmandis.

124 2540 154 2602 Si
166 2539 313 2602 removeri
327 2541 451 2611 debeat,
464 2547 560 2616 potest
571 2548 631 2598 tam
642 2539 800 2617 Episcopus
812 2538 874 2598 siue
887 2539 1040 2618 superiore
1052 2557 1139 2621 regu·

123 2624 356 2704 lari,quirmhic
371 2627 435 2686 siue
449 2623 560 2696 illo‚id
578 2633 727 2703 praestare.
748 2621 923 2704 lbid.§.ll.

162 2711 283 2770 Perochi
294 2711 532 2787 jurisdictionem
551 2708 661 2770 babent
674 2709 854 2770 ordinariam
874 2707 904 2768 in
918 2709 983 2770 foro
996 2709 1137 2785 iuterna,

124 2813 184 2856 uon
200 2793 271 2854 verb
289 2804 429 2867 externo,
443 2794 589 2874 quidquid
609 2796 659 2855 olii
673 2795 860 2866 censuerint,
878 2801 911 2856 ut
929 2794 1054 2874 proinde
1068 2798 1139 2857 nul·
1215 2803 1216 2872 l

123 2881 182 2940 lam
200 2879 511 2940 excommunicationis
523 2881 701 2940 senteutiam
719 2880 797 2939 terre
806 2879 940 2958 possint,
955 2885 989 2938 ut
1002 2897 1037 2938 ex
1053 2899 1137 2941 com·

123 2965 276 3038 muniori,
297 2972 328 3026 et
348 2964 379 3024 iu
401 2963 484 3044 praxi
506 2965 624 3044 recepta
643 2963 801 3028 sententia.
819 2966 863 3026 De
877 2963 949 3044 Syn.
965 2963 1055 3026 dioee.
1070 2965 1092 3026 l.
1106 2967 1136 3028 5.

123 3068 150 3110 c.
165 3051 196 3110 l.
212 3068 243 3109 u.
260 3052 290 3109 2.
861 3063 863 3070 ⁴

161 3133 282 3195 Parochi
292 3134 485 3196 Ecclesiarum
496 3133 626 3196 tiliarum
638 3137 778 3197 iuteresse
788 3142 927 3197 tenentur
937 3133 1138 3198 benedictioni

122 3218 250 3278 fontium
272 3220 332 3279 diei
353 3218 466 3280 sabbati
487 3222 600 3293 sancti,
617 3239 654 3283 ex
675 3219 751 3302 saepi
772 3221 906 3302 repetitis
918 3223 948 3282 S.
962 3223 995 3282 C.
1011 3223 1136 3284 Consilii

122 3302 257 3360 decretis.
273 3297 369 3363 instit.
385 3305 462 3365 Eccl.
482 3308 511 3366 l.
527 3323 559 3364 n.
573 3307 602 3364 2.
617 3314 647 3366 et
666 3325 729 3383 seq.
1064 3303 1071 3316 ⁸

159 3384 294 3462 Episcopi
312 3405 491 3448 successores
512 3405 550 3448 ex
569 3390 737 3450 rationabili
758 3390 841 3451 causd
858 3391 946 3452 ctiam
963 3401 1045 3452 extro
1061 3392 1135 3454 visi·

119 3464 261 3555 tationem
275 3478 397 3552 possunt
410 3467 579 3532 examinare
594 3473 736 3553 parochos
752 3475 788 3535 ad
801 3476 940 3536 Ecclesiae
952 3476 1134 3556 parochiales

119 3541 191 3600 atras
204 3551 400 3627 approbatos,
413 3563 447 3615 ut
466 3556 499 3617 ia
514 3563 595 3618 decr.
613 3559 644 3619 S.
654 3559 760 3638 Congc.
772 3559 884 3622 concil.
897 3562 994 3624 lustit.
1009 3563 1086 3625 Eccl.
1103 3565 1134 3624 9.
