2475 3975
368 133 418 192 Ex
430 113 567 212 operibus
582 124 736 189 Benedicti
742 127 792 189 XI
798 129 823 187 V
825 168 832 185 .
1049 128 1112 189 573·

99 242 156 303 aaa
168 237 316 300 honestate
325 242 354 295 et
367 233 496 314 pauritote
504 227 927 313 permanserit?Tantumdem
939 230 1009 293 dicit
1018 250 1107 311 spon·

100 344 150 385 sae.
174 320 267 383 Porrb
295 319 387 391 illud,
408 316 597 397 quoadusque
619 314 653 375 ia
674 318 730 376 saro
750 313 899 376 boocatute
926 322 954 375 et
977 318 1107 395 puritate

99 405 314 490 permeassent,
330 404 362 463 in
378 420 465 463 sensu
478 402 703 465 calvinistarum
719 400 839 460 denotat
859 400 958 461 virum
978 402 1108 479 accipere

101 510 237 572 sponsam
256 491 288 550 in
316 505 440 549 uxorem
461 482 652 564 quoadusque
673 484 853 545 adulterium
870 502 931 545 non
954 492 1107 546 contraxe-

100 580 159 653 rit,
175 592 269 654 eoque
287 575 461 641 commisso,
473 571 627 630 uinculum
640 568 768 647 conjugii
782 569 868 629 solvi.
884 568 1040 629 Celebrant
1052 570 1107 648 igi-

100 672 150 724 tur
168 660 230 720 baec
247 656 382 735 conjugia
403 673 472 715 cum
492 654 661 715 conditione
682 654 815 732 opposita
833 655 1022 731 perpetuitati
1045 672 1108 713 ma-

100 744 255 816 aimonii,
269 760 335 819 quaa
353 738 422 799 sane
438 739 619 817 perpetuitas
633 738 765 797 essentiae
782 738 910 815 conjugii
925 756 1036 798 annexa
1052 746 1106 811 est,

100 838 135 891 ut
151 848 187 888 ex
204 829 293 887 Cone.
318 823 489 884 Florentino
509 824 542 881 in
559 823 678 882 decreta
699 821 736 881 de
754 820 865 881 unione
888 823 1106 894 Armenorum,

33 918 35 921 ⁴
100 922 132 977 et
145 911 336 973 instructione
350 904 505 967 Clementis
523 908 612 969 Vm.
628 924 682 983 pro
701 906 912 978 Italo-Graecis,
935 906 1106 969 confirmata

99 994 285 1059 aBenedicto
292 994 344 1053 XI
350 994 382 1054 V.
396 990 449 1050 sud
466 991 675 1051 constitutione
685 989 754 1051 Etsi
771 987 958 1062 Pastoralis,
977 1009 1044 1067 quac
1064 999 1108 1052 est

101 1085 139 1144 57
154 1082 230 1141 null.
248 1084 371 1139 constat.
382 1076 479 1148 Quare
491 1072 603 1152 optime
617 1074 775 1135 delinitum
795 1076 827 1133 in
840 1076 982 1153 congreg.
994 1076 1025 1135 S.
1037 1075 1109 1135 Offi-

99 1166 137 1227 cii
158 1166 206 1225 die
225 1165 264 1225 20
275 1159 345 1237 maji
363 1160 456 1232 trel,
466 1159 639 1237 eonjugium
650 1158 724 1219 illud
736 1159 853 1219 nullum
867 1160 1013 1235 extitisse,
1026 1159 1109 1220 adeo·

100 1269 159 1330 quc
180 1251 331 1323 integrum
347 1245 436 1303 luisse
453 1244 590 1303 alterutri
609 1262 716 1321 sponso
738 1243 774 1305 ad
797 1244 853 1303 alia
876 1250 945 1304 vota
970 1246 1106 1305 transire.

99 1338 143 1395 Dc
156 1336 228 1410 Syn.
243 1329 329 1389 dioec.
341 1327 364 1387 l.
378 1329 425 1386 ta.
439 1346 466 1385 e.
480 1329 529 1387 22.
543 1346 574 1387 n.
586 1329 616 1387 e.
630 1330 733 1405 Neque
748 1327 1039 1405 obstarejudieatum
1053 1340 1107 1403 est,

99 1416 184 1497 priris
197 1413 305 1475 dixisse
321 1420 483 1487 utrumque
499 1428 658 1487 sponsum,
672 1413 780 1490 accipio
793 1412 873 1472 hunc
891 1414 923 1471 in
941 1414 1106 1495 conjugem,
1148 1440 1151 1446 ¹

100 1499 207 1563 deinde
229 1498 266 1558 ad
290 1513 398 1557 novam
425 1495 688 1573 interrogationem
716 1506 878 1575 utrumque
908 1499 1107 1559 conditionem

99 1586 276 1654 subdidisse,
292 1582 361 1659 quia
378 1591 408 1641 et
423 1581 507 1660 prior
525 1591 556 1642 et
573 1582 700 1649 munda
718 1583 909 1663 interrogatio
925 1600 1002 1643 unus
1014 1584 1108 1645 idem·

100 1690 158 1750 que
172 1679 253 1730 actus
262 1666 409 1744 judicatus
421 1675 476 1725 cst.

138 1790 181 1847 Ex
193 1784 240 1843 his
253 1782 342 1841 etiam
359 1781 505 1840 resolutus
518 1778 587 1839 esta
597 1781 628 1839 S.
641 1781 871 1858 Congregatione
884 1799 964 1843 casus
977 1788 1050 1849 alter
1060 1789 1108 1850 die

99 1876 119 1935 8
131 1870 202 1932 tutti
217 1868 303 1929 trra.
314 1866 369 1925 Vir
382 1871 412 1923 ct
427 1864 547 1923 soemina
561 1872 764 1923 convenerunt
779 1866 816 1924 ad
828 1866 1036 1929 celebrandum
1051 1891 1109 1931 ma·

100 1954 280 2020 trimonium
294 1968 393 2011 eoram
407 1947 551 2023 Ecclesia,
566 1957 600 2009 ut
614 1950 689 2010 illud
701 1968 887 2029 nequaquam
905 1968 1109 2018 consummare

101 2043 258 2115 deberent,
269 2038 320 2098 scd
331 2042 397 2116 post
408 2033 576 2113 quindecim
585 2033 648 2096 dies
665 2036 773 2096 mulier
785 2038 996 2098 monasterium
1011 2041 1110 2119 ingrc-

100 2129 241 2198 deretur,
267 2129 298 2183 et
317 2128 384 2201 post
403 2119 588 2198 probationis
613 2139 726 2182 annum
751 2121 962 2200 profiteretur3
987 2123 1109 2186 interim

25 2255 33 2265 ,
100 2209 174 2273 verb
194 2207 275 2270 omni
292 2207 355 2284 juri
379 2204 587 2278 renuntiabat,
610 2207 692 2285 quod
715 2207 748 2267 in
771 2207 871 2268 mariti
892 2226 1047 2287 personam
1073 2228 1109 2273 ex

99 2292 293 2357 matrimonio
310 2291 365 2352 sibi
392 2291 545 2370 acquirere
568 2291 727 2370 potuisset,
741 2301 1007 2372 consensumque,
1030 2303 1064 2356 ut
1084 2299 1109 2357 si

100 2381 139 2441 ab
158 2379 206 2438 bis
221 2377 314 2457 pactis
334 2375 504 2448 deiecisset,
522 2378 747 2439 matrimonium
773 2378 910 2452 nullum,
930 2380 1109 2462 irritumque

99 2463 308 2525 declararetur.
320 2462 364 2521 lta
382 2468 562 2521 conventum
575 2462 747 2540 interillos,
762 2471 905 2542 pactaque
919 2463 981 2524 baec
993 2469 1048 2526 scri
1051 2469 1109 2546 ptis

99 2549 269 2628 consignata
291 2551 382 2621 sunt,
402 2563 436 2604 ae
459 2545 620 2623 significata
638 2549 761 2609 testibus
786 2557 817 2610 et
839 2547 988 2626 parocho,
1009 2570 1108 2614 corant

99 2633 209 2712 quibus
225 2629 363 2692 ineundae
376 2636 461 2689 erant
470 2632 594 2708 nuptia.
608 2633 670 2693 Hoc
683 2633 906 2694 matrimonium
920 2634 1036 2695 nullum
1048 2655 1109 2696 esso

100 2715 262 2780 declaravit
274 2715 306 2774 S.
321 2716 353 2776 C.
367 2731 403 2774 ex
420 2733 483 2794 cap.
507 2714 756 2792 standitanus,
779 2715 814 2778 de
833 2716 941 2779 condit.
966 2721 1108 2802 opposita

101 2821 172 2865 nam
184 2798 329 2861 abdicatio
345 2799 419 2859 tacta
439 2800 476 2859 ab
494 2809 621 2880 utroque
637 2802 675 2863 de
694 2810 837 2882 potestate
859 2809 892 2868 in
911 2827 1018 2887 corpus
1037 2811 1109 2870 altc-

99 2889 181 2962 rius,
206 2883 308 2966 aperte
336 2884 483 2946 contraria
507 2895 551 2947 eat
566 2887 737 2951 substantiae
755 2893 946 2953 matrimonii.
971 2895 1110 2968 Quamvis

99 2971 233 3034 enimin
261 2969 325 3049 ipsi
343 2971 527 3032 matrimonii
555 2974 751 3036 celebratione
775 2984 841 3036 actu
874 2994 1015 3054 expressae
1048 2998 1108 3043 non

99 3064 198 3119 essent
216 3056 366 3133 pactiones
387 3056 468 3126 istae,
490 3059 642 3118 constabat
662 3067 763 3120 tamen
784 3077 820 3121 ex
844 3061 1106 3138 antecedentibus,

98 3149 135 3288 ἧι)
143 3140 335 3286 εοᾳιιξὸιῑὼυε
351 3140 440 3207 sinat
457 3141 587 3219 junctis,
602 3143 741 3226 conjuges
754 3145 791 3206 ab
812 3146 849 3208 iis
864 3164 925 3210 non
946 3149 1106 3212 recessisse.

42 3283 45 3287 ,
137 3243 197 3288 .n.
255 3266 263 3285 .

150 3341 375 3431 Matrimonium
407 3343 537 3407 infidelis
568 3347 601 3408 in
630 3345 803 3410 infidelitate
831 3358 1013 3412 contractum
1048 3365 1109 3410 non

99 3427 204 3486 statim
224 3429 404 3503 resolvitur,
431 3448 468 3490 ex
490 3449 551 3509 quo
574 3432 717 3492 alteruter
738 3432 898 3511 conjugum
922 3435 1106 3510 baptizatur,

99 3516 132 3570 et
142 3511 327 3658 therrffit
336 3557 346 3589 ,
355 3513 406 3576 sed
417 3522 488 3579 tunc
498 3514 566 3578 cium
580 3515 744 3594 baptizatus
756 3517 792 3578 ad
805 3518 895 3580 altera
909 3527 976 3658 v5o)ta
987 3513 1100 3586 transit.

170 3611 228 3658 Οἴη·
293 3639 303 3658 .
933 3613 952 3658 2.
