2475 3975
126 159 185 220 att
319 153 455 234 Epiteare
471 149 612 214 doctrina·
632 147 952 213 moralisetaoeoaiea·

165 263 195 324 Si
216 259 325 322 maliet·
351 257 471 336 gravida
496 255 637 328 decedat,
664 264 761 334 potest
782 255 943 332 Epismpus
963 251 1146 332 injungere.

127 357 163 417 ut,
179 363 234 426 per
257 344 417 406 sectionem
435 359 588 402 caesaream
608 339 781 400 extrahatur
794 357 829 400 ex
849 338 1073 410 memineras,
1093 339 1146 416 qai

127 431 203 494 sorte
227 432 313 492 vivus
333 436 509 507 reputatur,
532 427 569 486 ad
594 423 679 495 hoe,
699 435 734 486 ut
763 442 879 486 sacram
906 423 1052 501 baptisma
1074 441 1148 484 con·

127 517 250 578 seratur.
276 517 342 576 Non
365 513 445 572 enim
469 512 499 572 id
522 521 567 572 cst
580 511 783 588 impossibile,
803 518 838 570 nt
853 506 1025 574 extrahatur
1046 508 1145 568 vivus.

128 601 172 662 De
188 603 259 679 Syn.
278 599 402 660 Dimces.
416 597 469 658 lib.
481 597 531 656 tt.
544 614 607 674 cap.
628 596 658 656 7.
669 613 702 658 n,
720 597 770 656 ts.

166 687 347 766 Baptismum
369 682 540 742 ministrare
555 691 689 761 tempere
711 681 853 759 pestiseo
871 681 978 744 morbo
996 679 1148 742 obstrictis

129 789 226 852 perse
242 787 303 831 noa
325 777 446 828 tenetur
464 767 648 846 spiscopus,
667 765 736 828 eum
758 767 810 828 iiie
832 768 873 829 sit
897 766 1037 845 tanquam
1058 783 1147 826 caasa
1229 826 1230 849 ἶ

129 856 326 928 universalis,
346 873 413 933 quaa
432 871 494 916 non
515 871 643 932 perse,
664 853 716 916 sed
736 872 791 932 per
811 855 1024 933 particulares,
1049 851 1079 912 id
1101 860 1148 910 ost

129 961 182 1024 per
197 939 339 1022 parochos
362 951 524 1020 operatum
542 940 568 1002 si
589 949 689 1002 tameo
703 942 779 1002 alius
796 939 875 1001 adsit
895 942 947 1020 qai
959 947 1100 1024 prestare
1113 937 1147 998 id

130 1028 376 1108 possitucsya.
392 1027 514 1088 Dioeees.
531 1025 584 1088 lib.
600 1027 649 1086 15.
662 1027 788 1104 aare.
804 1046 836 1086 n.
849 1029 880 1088 6.
1052 1073 1057 1078 ,

170 1115 204 1175 In
227 1113 400 1192 baptismate
426 1109 605 1170 conterendo
631 1120 757 1188 possunt
783 1111 951 1192 presbyteri
972 1109 1060 1188 greci
1080 1110 1148 1171 loce

135 1199 343 1262 letinoesormae
358 1193 499 1256 adhibere
514 1213 686 1272 eumenem
702 1194 814 1257 habent
827 1197 857 1256 in
871 1215 925 1258 suo
942 1195 1120 1274 Euchologio
1135 1217 1145 1254 z

130 1283 315 1365 Baptizatur
327 1298 429 1343 seruas
445 1279 504 1340 Dei
526 1281 569 1342 N.
590 1281 625 1348 ia
645 1280 784 1353 nomine,
797 1290 851 1342 etc.
875 1278 1149 1343 sicutctadhibere

130 1369 241 1428 trinam
264 1385 348 1446 aque
373 1366 595 1429 immersionem
615 1384 666 1428 seu
688 1368 887 1446 aspersionem
914 1385 982 1427 eam
1006 1366 1147 1427 omnibus

131 1451 321 1512 unctionibus
345 1469 414 1526 erga
435 1449 640 1529 baptisatam,
661 1452 714 1512 ubi
735 1461 914 1517 tamennon
933 1461 977 1512 cst
998 1451 1146 1510 contraria
1229 1504 1230 1507 ,

131 1536 322 1596 consuetudo.
336 1535 505 1612 Presbyteri
525 1543 624 1596 maren
637 1538 806 1598 omarum
819 1547 960 1597 vetantur
972 1536 1147 1614 consignare

131 1617 287 1680 chrismate
311 1619 342 1676 ia
375 1617 473 1678 fronte
496 1638 550 1682 sno
573 1621 743 1698 baptizatos,
775 1622 855 1682 Licet
885 1621 1013 1684 vicissim
1041 1622 1086 1680 uti
1112 1621 1146 1682 in

131 1702 305 1782 baptismate
324 1703 400 1780 aqua
418 1703 532 1774 calido,
556 1705 634 1766 sicat
656 1715 686 1766 ct
704 1707 774 1766 lieet
799 1707 935 1785 parochis
950 1706 1053 1786 grecis
1077 1723 1146 1768 suos
1229 1762 1230 1785 Τ

130 1789 264 1850 subditos
286 1787 436 1867 baptizare
458 1791 534 1867 aquai
559 1809 613 1870 per
636 1793 718 1870 ipsos
744 1810 840 1870 gracco
869 1809 953 1853 more
979 1790 1147 1852 benedicti.
1229 1794 1230 1847 i

131 1875 278 1936 vetantur
296 1873 434 1952 insuper,
462 1893 500 1934 nc
527 1875 682 1954 baptizatis
703 1877 804 1955 pueris
828 1875 1071 1942 communionem
1090 1874 1147 1935 sub

132 1961 258 2041 utrique
280 1961 377 2040 specie
400 1960 447 2019 vel
475 1960 531 2021 sub
559 1961 617 2021 aaa
639 1961 879 2034 administrent,
910 1962 1017 2034 sicut,
1048 1978 1148 2041 neqtae

133 2046 242 2109 eisdem
255 2047 356 2126 pueris
368 2046 520 2105 conserant
533 2045 565 2105 in
587 2046 676 2105 misso
693 2043 917 2108 Eucharistiam.
1228 2111 1229 2114 ,

172 2133 253 2193 Filiis
280 2134 371 2212 patris
398 2130 481 2193 latini
504 2137 535 2191 et
553 2131 658 2191 matris
682 2150 784 2210 graeca
800 2132 895 2193 tatiuo
912 2132 974 2192 ritu
999 2130 1147 2211 baptisma
1228 2133 1229 2216 ᾖ

133 2221 313 2282 conseratur.
329 2214 441 2281 sivero
455 2225 538 2297 pater
555 2217 594 2283 sit
606 2235 718 2297 grecus
729 2226 760 2279 et
775 2227 870 2279 mater
882 2219 997 2293 latina,
1016 2218 1148 2287 liberum
1228 2219 1229 2228 ’

25 2312 28 2319 ’
134 2307 191 2371 erit
205 2305 281 2381 patri
294 2305 388 2365 ritum
407 2304 527 2381 eligere.

171 2390 311 2466 Baptizati
338 2389 399 2446 ritu
426 2405 522 2464 graeco
540 2389 668 2451 subsunt
683 2388 885 2468 jurisdictioni
903 2390 1023 2470 parochi
1039 2410 1148 2471 gresco-

133 2490 226 2545 rum,
248 2486 302 2531 nee
322 2478 446 2548 passum
460 2472 543 2532 latini
563 2474 675 2551 absque
691 2476 909 2553 dispensatione
927 2477 1010 2537 Sedis
1024 2479 1151 2555 Aposto-

134 2557 198 2616 licae
208 2554 334 2615 transire
350 2554 386 2613 ad
403 2555 496 2615 ritum
519 2576 661 2637 graeciam.
677 2560 813 2621 Vicissim
837 2579 948 2639 grecam
968 2580 1005 2622 ex
1030 2580 1149 2623 eonces-

135 2640 216 2703 siane
243 2641 377 2720 Episcopi
393 2640 477 2701 latini
504 2652 601 2721 potest
623 2644 662 2703 ad
685 2644 813 2707 tatinum
833 2647 972 2715 acastre.
991 2647 1048 2720 Qui
1075 2645 1147 2708 vero

135 2727 232 2788 clerici
248 2737 318 2786 sunt
337 2728 369 2786 in
396 2745 584 2808 quocumque
607 2730 714 2791 ordine
729 2732 819 2791 etiam
843 2733 954 2796 minori
973 2732 1145 2809 constituti,

135 2810 152 2873 a
172 2812 232 2872 ritu
245 2829 339 2889 gracco
361 2811 399 2871 ed
417 2811 544 2873 latinam
563 2816 627 2875 sine
647 2816 765 2875 licentiat
785 2817 911 2876 transire
930 2826 1096 2893 nequeunt.

174 2898 228 2957 Fas
246 2895 402 2974 esegrmcis
423 2895 624 2983 sacerdotibus
644 2900 760 2978 peraeta
774 2899 836 2973 jam
856 2899 1097 2971 consecratione,
1116 2915 1148 2964 et

136 2993 204 3044 ante
223 2982 461 3046 communionem
472 3024 481 3054 ,
492 2998 575 3043 suom
592 3000 698 3061 aquam
715 2982 839 3043 calidam
850 2983 882 3042 ia
893 2999 1009 3043 sacrum
1027 2985 1149 3049 calicem

136 3069 302 3129 infundere.
524 3124 538 3147 ‚
1014 3094 1018 3097 ’

174 3156 241 3214 Non
255 3157 323 3216 licet
343 3157 443 3235 graccis
461 3154 660 3217 sacerdotibus
678 3173 826 3217 asservare
848 3166 1063 3220 sacramentum
1088 3161 1147 3219 Eu·

136 3236 279 3297 clraristicc
300 3250 361 3300 toto
380 3259 471 3303 enno.

174 3321 239 3411 Non
251 3320 319 3379 licet
334 3324 442 3387 Graecis
461 3327 492 3385 in
505 3326 590 3387 tant
611 3337 642 3387 et
656 3328 762 3388 insulis
773 3328 948 3407 degentibus
961 3327 1147 3391 Eucharistiae

134 3400 308 3532 Βέὗιιῖυἰειηι
327 3420 499 3482 suspensam
518 3411 557 3471 ad
577 3413 717 3489 collum,
740 3430 792 3473 sea
818 3414 850 3473 in
870 3414 991 3492 privatis
1012 3413 1149 3475 dommus

183 3496 275 3536 inere·

174 3555 245 3622 Quae
268 3566 411 3624 serrantia
431 3573 495 3632 sint
516 3576 534 3636 a
558 3582 667 3645 Graccis
694 3584 726 3644 in
751 3584 941 3645 sacramentis
962 3583 1147 3645 conficiendis
