2475 3975
37 217 42 224 ’
115 225 175 286 220
372 219 760 284 Ecooacuordiuuudorum.
772 219 846 300 Cup.
862 219 892 279 5.

115 322 196 384 uadi
214 321 320 402 dignos
343 321 376 383 in
391 320 557 408 ¹Ecclesia,
578 329 610 381 et
637 320 802 399 expellendi
827 319 986 397 indignos,
1017 320 1130 384 scilicet

116 403 269 482 intidcles,
285 405 455 478 haereticos,
467 415 499 466 et
507 406 783 466 excommunicatos.
792 405 911 464 Materia
923 410 1034 464 remoto
1046 409 1131 467 ostia·

115 485 287 550 riathssunt
300 491 394 552 ctavca
404 490 556 550 Ecclesiae:
571 488 714 569 procurro
725 488 851 549 clavium
868 487 999 548 traditio.
1018 491 1127 552 Forma

117 574 288 635 suntrerba
299 575 481 647 ordinantis,
499 583 530 635 et
546 574 671 636 dicentia
687 573 759 634 :Sic
777 591 830 654 ape
851 573 940 652 quasi
959 572 1131 638 redditurus

116 657 263 718 rotioucm
283 675 339 739 pro
360 656 408 719 his
426 657 530 732 ratur,
557 676 625 738 que
649 657 697 720 hia
717 654 847 720 clunibus
867 653 1066 718 recluduntur.
1083 663 1129 720 lta

117 742 240 802 tradunt
256 743 318 802 Ah.
334 742 387 820 qui
406 750 511 803 tenent
531 744 662 824 singulos
680 751 793 820 septem
814 740 934 802 ordines
952 759 1013 802 esse
1033 761 1129 804 sacra-

117 835 227 886 menta.
251 826 354 887 Claros
380 826 491 888 debent
518 845 581 888 esse
600 828 728 906 proprie
756 824 914 896 Ecclesiae,
934 842 988 886 nec
1006 838 1131 904 possunt
1236 846 1238 861 ⁴

117 909 182 968 alie
200 908 362 985 substitui,
387 912 557 990 debentque
581 913 663 992 tangi
687 911 724 973 ab
746 908 922 972 ordinando.
945 906 1000 969 Hic
1027 920 1130 972 autem

116 991 216 1054 dcnub
236 994 359 1056 advorte
382 996 413 1056 id
439 995 521 1076 quod
534 1005 669 1058 notatum
694 1002 739 1060 est
756 1011 841 1056 uum.
857 994 907 1056 28.
920 1009 1026 1072 nempe
1047 995 1130 1072 quod

118 1079 151 1138 in
170 1089 351 1142 sacramento
363 1079 476 1143 ordinis
494 1083 617 1143 materia
639 1078 761 1144 omnind
784 1077 924 1146 tradenda
943 1086 987 1136 est
1004 1077 1042 1136 ab
1063 1078 1130 1158 ipso

119 1163 299 1240 ordinante,
322 1165 391 1224 alias
416 1174 631 1226 sacramentum
661 1160 791 1224 invalide
814 1161 1017 1235 ministratur,
1038 1171 1068 1222 et
1091 1163 1130 1224 ab

119 1246 222 1308 codem
235 1247 323 1309 debet
334 1249 422 1310 missa
437 1247 576 1310 celebrari
591 1247 668 1328 (Lib.
684 1250 713 1308 6.
728 1249 758 1307 u.
775 1245 869 1324 lule).

441 1429 538 1490 Sertio
556 1428 594 1489 ll.
607 1428 653 1490 De
666 1423 816 1488 lectoratu.

156 1673 205 1733 bh.
222 1707 262 1718 -
274 1616 482 1737 Lecroaurcs
506 1679 551 1733 est
570 1669 642 1734 ordo
658 1716 667 1745 ‚
686 1689 744 1752 quo
769 1671 920 1753 confertur
935 1680 1063 1756 potestus
1087 1669 1130 1735 lc-

116 1755 207 1838 ucudi
219 1759 390 1839 Scripturas
403 1775 505 1819 socrus
523 1756 557 1818 ia
578 1753 719 1818 Ecclesia.
733 1757 854 1818 Materia
868 1767 979 1820 remoto
991 1763 1035 1819 est
1051 1758 1131 1820 liber

118 1841 342 1920 prophetiarum
353 1889 360 1917 ‚
370 1853 400 1904 et
413 1843 624 1924 epistolarum,-
637 1843 775 1922 proriruu
790 1843 1007 1920 illiustraditio.
1022 1844 1130 1905 Forma

118 1929 309 1990 suntverha:
330 1929 433 2011 Accipe
447 1937 476 1989 ct
488 1935 548 1991 esto
564 1924 645 1989 ocrbi
659 1925 717 1988 Dei
728 1923 909 1999 rclutor‚etc.
925 1927 1060 1989 Officium
1073 1930 1133 2007 igi-

119 2020 169 2072 tur
193 2012 311 2075 lectoris
338 2023 383 2074 est
414 2013 531 2091 legendi
556 2029 652 2070 sacras
683 2011 849 2089 Scripturas
875 2012 1019 2090 (intellige
1045 2023 1130 2075 extra

119 2098 261 2173 arissam,
285 2118 354 2160 nam
380 2099 412 2159 in
435 2098 522 2158 missa
537 2096 667 2157 officium
697 2103 742 2155 est
757 2094 961 2178 subdiaconi),
984 2114 1019 2156 ac
1040 2098 1131 2159 etiam

118 2183 342 2247 catechumenos
364 2182 541 2245 instruendi.
558 2182 588 2242 Si
597 2182 662 2241 loco
671 2180 740 2241 libri
755 2181 945 2259 epistolarum
957 2181 1020 2241 sive
1032 2178 1133 2243 lectio-
1237 2233 1238 2236 ,

118 2268 203 2328 aurii
220 2271 408 2331 traderentur
427 2269 541 2342 Bibba,
553 2266 819 2339 autBreviarium,
831 2265 929 2327 valida
944 2265 1085 2345 quidem,
1099 2274 1133 2327 ct

118 2353 207 2413 ctiam
224 2354 303 2414 licita
327 2355 403 2414 esset
422 2354 594 2429 ordinati03
615 2350 698 2413 secius
713 2352 737 2413 si
754 2352 829 2413 alius
847 2350 933 2413 liber.

407 2534 504 2597 Sectio
518 2537 571 2595 lll.
586 2536 632 2595 Dc
648 2536 835 2596 exorcistntu.

157 2780 207 2841 bb.
219 2811 259 2824 -
272 2715 510 2843 Exoacrsraros
528 2782 574 2837 est
586 2772 676 2849 ordo,
695 2791 752 2855 quo
772 2772 863 2837 datur
875 2781 1005 2857 potestus
1028 2774 1131 2859 capel·

119 2860 199 2925 leudi
210 2860 356 2925 daemou'ca
374 2859 412 2921 ub
428 2859 567 2937 obsessis,
581 2877 618 2919 ue
633 2876 682 2922 coa
701 2858 866 2939 irnpediout
881 2862 901 2920 ci
916 2860 1129 2923 commuuione.

117 2949 238 3012 Materia
244 2955 355 3010 remoto
363 2954 407 3007 cst
418 2944 493 3008 iiber
504 2944 736 3006 exorcismorum
750 2943 909 3025 3prouimu
921 2944 984 3021 ojus
997 2946 1128 3007 traditio.

119 3036 248 3096 Forma:
266 3032 388 3114 Accipe,
404 3038 433 3091 et
447 3027 520 3091 huba
540 3036 712 3109 potestatem
731 3028 902 3107 importandi
914 3046 1022 3090 murus
1041 3047 1130 3111 super

117 3135 324 3197 aucrquuacuos
337 3162 345 3191 ‚
359 3124 411 3176 etc.
424 3115 609 3175 anrcismas
622 3122 722 3175 autam
736 3122 781 3175 est
799 3114 925 3174 formula
946 3113 1081 3191 quaedam
1091 3116 1128 3175 ab

117 3203 243 3261 Ecclesia
254 3204 388 3265 instituta
400 3200 438 3261 ad
447 3200 594 3261 daemones
606 3197 748 3277 lugendos
758 3200 789 3259 in
802 3200 922 3259 nomine
931 3199 1000 3259 lesu
1009 3197 1128 3260 Christi.

120 3286 160 3345 Ut
179 3287 269 3359 possit
285 3298 385 3349 autem
401 3286 547 3346 Eroroista
568 3285 740 3346 solemniter
754 3284 919 3344 exorcizare
930 3320 947 3359 ,-
963 3282 1128 3367 requiritur

116 3368 206 3426 etiam
228 3368 344 3431 collatio
360 3370 592 3445 jurisdictionis,
605 3374 667 3430 slve
685 3367 803 3430 licentia
821 3368 968 3445 Episcopi.
981 3366 1015 3425 ld
1031 3375 1128 3427 tamen

117 3464 178 3505 non
209 3452 254 3504 est
278 3448 317 3505 ob
340 3449 390 3523 jus
418 3470 597 3529 commune,
620 3452 672 3511 s'ed
691 3454 731 3513 ob
755 3450 932 3531 particulare
947 3460 1126 3529 praeceptam

117 3525 328 3601 Episcopomm
354 3531 578 3604 prohibentium
600 3536 768 3597 exorcizare
791 3537 855 3596 sine
876 3551 981 3595 eorum
1009 3534 1126 3595 licentia

115 3600 148 3674 (l.
165 3620 190 3660 θ·
209 3622 240 3663 tt·
265 3608 358 3685 745l·
381 3612 502 3677 Dictum
522 3628 567 3678 est
591 3615 782 3695 solemniter,
802 3618 869 3679 cim
886 3619 1011 3697 quisque
1032 3617 1127 3679 tidelis
