2475 3975
149 216 208 280 tib
342 215 630 301 Epiiotuedociriuoe
641 212 762 279 moratu
775 214 957 281 eteuuout'ooe

147 318 342 381 entestoucs
361 320 544 381 mirionum
564 320 628 381 sine
648 320 757 399 presit
780 319 914 398 Episcopi
938 318 1164 400 approbatione

147 412 182 465 ut
200 422 237 465 cx
253 406 371 466 constit.
387 406 436 466 to.
451 402 539 465 Eleu.
556 405 600 467 X.
613 404 689 465 lteru
704 422 765 466 non
785 410 908 482 possunt
921 404 1090 468 inconsulto
1106 453 1117 481 ,
1131 419 1165 470 et

148 505 207 549 non
226 488 407 570 approbante
423 488 564 569 Episcopo
582 488 687 549 audire
706 488 899 550 consessiones
917 492 1096 553 monialium
1110 495 1160 555 sui

148 573 261 635 ordinis
274 574 364 635 etium
380 581 583 652 exemptarum
597 590 635 633 ex
654 573 684 634 vi
700 573 776 633 buil.
790 575 840 634 lii.
857 575 943 655 Grep.
960 577 1033 638 XV.

187 657 346 737 Eegulcres
361 676 436 719 nora
453 658 647 728 monasteria,
671 674 723 718 seu
735 657 839 718 domos
857 674 895 717 no
915 659 1029 737 erigant
1049 670 1162 725 vetan-

148 748 216 812 tur,
232 742 343 821 absque
355 742 437 803 Sedis
455 741 621 821 apostolice
639 748 670 802 et
685 740 819 821 Episcopi
839 741 996 816 facultate,
1019 748 1162 825 quamvis

149 826 358 888 Tridentinum
371 844 442 888 sess.
454 828 505 888 ut.
523 844 588 905 eop.
605 828 636 888 5.
650 824 685 888 do
703 822 795 907 ceput
811 825 901 885 soiius
915 827 1048 909 Episcopi
1064 832 1163 893 laerti-

150 918 238 971 tatcm
251 912 401 991 exprimit.
415 913 459 973 Dc
474 913 548 991 Synt
560 912 648 972 dioeo.
662 912 683 971 i.
694 910 724 969 a.
735 930 762 971 c.
778 911 807 971 l.
818 928 850 970 n.
866 911 896 969 a.
941 908 943 919 '

190 996 241 1055 Est
252 1004 351 1056 tamen
373 1014 429 1076 pro
442 995 622 1058 monialibus
639 996 671 1057 in
691 994 802 1055 ditione
815 994 961 1072 llispaniei
971 997 1049 1075 regis
1063 1001 1161 1063 Breve

154 1078 269 1141 Urbani
289 1082 380 1143 vm.
391 1081 595 1160 suspensivum
617 1078 749 1157 ejusdem
770 1079 1005 1153 constitutionis,
1022 1082 1074 1144 sed
1095 1104 1161 1147 non

150 1163 229 1224 vaiet
244 1172 325 1227 extra
339 1166 521 1245 llispuniam.
534 1166 579 1224 lie
590 1164 664 1244 Syn.
679 1164 764 1224 dimo.
777 1163 800 1223 l.
814 1165 843 1222 u.
857 1180 884 1223 e.
900 1165 947 1225 iti.
964 1182 996 1225 n.
1007 1168 1037 1226 a.

190 1250 236 1311 Ad
252 1256 361 1312 statum
379 1249 544 1329 regularem
565 1249 692 1309 transire
711 1256 833 1325 possum
850 1247 1013 1327 presbyteri
1024 1253 1162 1315 Ecclesiae

151 1334 200 1395 rel
214 1334 346 1397 diaecesis
363 1334 486 1398 servitio
501 1332 630 1406 addicti,
644 1334 739 1395 invito
754 1332 843 1392 etiam
856 1332 998 1412 Episcopo
1015 1338 1160 1416 proprio,

152 1428 293 1481 tenentur
315 1428 436 1492 umen,
462 1419 519 1480 nisi
540 1416 656 1497 aliquid
676 1416 790 1492 obstet,
810 1416 897 1477 illum
926 1420 1090 1492 consulere.
1117 1424 1161 1483 ltu

153 1502 187 1567 iu
205 1504 335 1582 Epistold
348 1504 387 1565 ad
401 1503 490 1567 Carti.
505 1502 684 1581 Quirinum,
698 1503 748 1562 Ec
766 1516 825 1581 quo
838 1498 970 1562 dibetus.

191 1588 351 1667 Regulares
370 1595 453 1649 extra
472 1586 686 1650 monasterium
706 1586 863 1665 degentes,
878 1595 909 1646 ct
929 1587 1050 1649 clericos
1072 1606 1162 1675 regu·

151 1671 228 1733 iares
247 1670 524 1749 quomodocumque
544 1678 696 1747 exemptos
717 1673 749 1729 in
770 1670 907 1730 civilibus
930 1673 1022 1733 causis
1045 1692 1162 1750 meroe·

150 1756 248 1829 dum,
271 1764 302 1816 ot
321 1756 536 1818 miserabilium
561 1773 776 1837 personarum,
799 1756 856 1816 nisi
879 1754 1005 1818 habeant
1028 1756 1160 1835 judicem
1221 1814 1222 1825 ,

153 1839 301 1902 certumi
321 1842 570 1922 eapostolicam
586 1842 721 1921 partibus
739 1840 929 1921 deputatum,
952 1860 1052 1903 coram
1074 1844 1162 1903 Ordi-
1221 1828 1222 1855 ¹

153 1927 247 1989 uariis
267 1926 401 1988 locorum
424 1927 575 1989 conveniri
598 1942 683 2005 posse
705 1924 853 2020 inprimi
874 1926 1162 2005 instantitdeeernit
1221 1886 1222 1977 i

154 2011 291 2075 Pontifex
309 2011 342 2074 in
354 2012 435 2075 buttt
450 2010 497 2074 Ad
511 2007 683 2080 miiitoutia.

456 2183 686 2248 ‘reservati
706 2182 831 2246 CASUS.

194 2359 240 2422 Ad
258 2361 355 2422 solum
374 2361 540 2420 llomanum
553 2356 746 2428 Pontificem,
759 2355 957 2435 Episcoposet
976 2359 1160 2437 praelatosin

154 2446 277 2506 seriores
289 2445 429 2507 habentes
440 2443 679 2522 jurisdictionem
698 2441 781 2520 quasi
799 2441 993 2521 episcopalem
1014 2462 1082 2504 cum
1102 2453 1160 2504 ter·

154 2530 260 2592 ritorio
283 2535 417 2607 separato
444 2531 575 2608 pertinet
598 2545 720 2602 casuum
751 2528 936 2606 reservatio,
961 2547 998 2588 ex
1028 2529 1159 2591 doctrInd

154 2615 243 2677 Cone.
257 2616 342 2678 Trid.
362 2624 392 2678 et
406 2615 602 2678 decisionibus
624 2616 655 2674 S.
669 2615 777 2692 Congu.
798 2614 843 2678 De
864 2615 935 2693 Syn.
957 2614 1156 2686 dicaciter,
1218 2657 1219 2735 p

154 2718 218 2779 cap.
233 2703 263 2762 l.
289 2719 322 2762 u.
335 2703 367 2762 2.

192 2787 379 2864 Quamquam
400 2786 561 2847 reservatio
580 2785 647 2848 lieri
666 2791 761 2865 potest
779 2791 861 2844 extra
876 2783 1048 2863 synodum,
1069 2788 1156 2848 multa

155 2879 256 2932 tamen
281 2869 422 2941 suadent,
437 2879 471 2928 ut
492 2868 591 2949 potiris
610 2871 642 2930 in
663 2867 863 2950 Synodoiiet3
884 2863 951 2929 ided
972 2871 1156 2947 presertim,
1217 2911 1218 2918 κ

157 2957 227 3035 quia
250 2973 312 3018 non
324 2953 432 3016 desum
451 2952 579 3032 theologi
602 2971 670 3013 eum
691 2949 853 3033 Reucoqiio
872 2954 1156 3034 tenentes,iegesab
1217 2937 1218 2989 i

139 3043 297 3120 -Episeopo
311 3041 382 3100 latas
398 3047 482 3100 extra
500 3036 668 3126 synodum,
681 3053 717 3097 eo
733 3047 882 3114 cessante,
899 3053 1030 3110 cessare,
1050 3037 1115 3099 caim
1125 3056 1155 3099 ea

154 3123 379 3194 tantummodi,
397 3126 507 3203 quein
522 3124 644 3202 'Synodo
655 3123 731 3185 liunt
744 3122 781 3183 ab
790 3124 947 3202 Episcopo,
960 3123 1033 3204 legis
1045 3124 1155 3203 plenem

156 3211 360 3271 auctoritatem
370 3208 533 3269 obtineant.
544 3208 621 3268 ibid.
639 3227 669 3270 u.
685 3210 713 3269 5.
997 3205 1002 3215 ”

194 3296 284 3355 Actus
300 3293 383 3354 merd
397 3293 550 3365 internos,
565 3310 620 3353 nec
638 3311 772 3354 summus
788 3293 942 3363 Pontifex,
960 3311 1015 3354 nec
1030 3292 1154 3374 Episcopi

137 3377 348 3438 reservandos
367 3377 423 3437 sibi
440 3394 583 3454 umquem
596 3386 784 3437 censuerunt.
795 3377 871 3440 ibid.
886 3397 913 3440 c.
929 3379 958 3438 t.
977 3397 1009 3438 u.
1024 3380 1054 3438 5.
1215 3413 1216 3496 p

193 3460 351 3534 Ileguiares
366 3476 427 3520 non
443 3459 540 3520 soiiun
559 3479 710 3522 reservare
729 3460 925 3539 prohibentur
945 3463 1002 3523 alia
1017 3463 1153 3539 crimina,

154 3536 242 3608 quim
255 3558 320 3614 quae
333 3541 365 3599 in
384 3541 502 3602 decreto
520 3540 608 3603 cient.
629 3545 718 3606 VIII.
732 3543 933 3617 definiuntur,
948 3546 1000 3606 sed
1020 3565 1075 3608 nec
1093 3567 1153 3626 pos·

155 3626 225 3672 sunt
241 3619 296 3677 aiio
312 3621 350 3680 ab
376 3621 424 3683 bis
439 3625 555 3686 diversa
578 3630 703 3688 oriruInn
725 3629 838 3707 illigare
856 3631 978 3692 censuri
995 3634 1149 3710 reseruati,
