2475 3975
120 168 180 232 dii
425 167 561 228 Eranam
577 163 823 230 ordaitondorum.

119 268 208 348 copi,
229 269 277 334 rel
299 267 359 332 lide
371 265 410 330 de
426 267 576 329 reddendo
598 269 651 329 illo
667 269 788 330 donanti
805 272 871 348 post
887 265 1132 330 ordinationem?
1237 320 1238 323 ,

119 351 287 432 distinguo:
301 353 333 415 Si
347 351 459 414 donans
473 369 578 411 verum
595 350 734 413 habuerit
756 355 889 413 animum
908 351 1055 427 donandi,
1068 371 1130 414 non

119 436 263 511 incurrit,
279 439 348 516 quia
364 447 482 516 pactum
492 435 565 496 illud
576 435 613 497 de
626 436 777 498 reddendo
796 437 974 516 patrimonio
988 447 1132 515 tanquam

119 521 237 584 nullum
252 521 402 599 rejicitur,
418 529 451 579 ut
461 521 491 579 S.
504 522 612 597 congr.
630 520 790 580 declaravit
805 519 889 599 (dum
905 521 990 580 Sacra
1000 523 1132 599 Congre-

120 614 179 684 gat.
201 608 324 685 insuper
334 605 445 682 pluries
457 605 618 664 declaravit
632 622 849 683 quamcumque
861 604 1067 665 alienationem
1077 623 1131 684 pa-

120 691 252 751 trimonii
263 689 451 749 sinelicentia
464 689 598 767 Episcopi
610 707 672 748 esse
684 687 868 764 invalidam).
882 685 970 748 Scelus
979 689 1004 748 si
1016 688 1131 750 donans

119 772 198 834 haud
225 773 363 833 habuerit
387 773 583 832 intentionem
606 773 756 845 donandi,
776 773 845 850 quia
865 779 937 831 tunc
958 771 1131 834 donatarius

119 858 236 918 nullom
248 857 290 917 rei
304 857 473 917 dominium
485 855 607 936 adeptus
620 867 663 918 est
677 854 732 936 (lb.
744 875 776 916 at.
785 857 852 918 822.
865 853 905 916 od
917 855 1010 932 seit.

158 944 208 1005 to.
220 977 260 988 -
272 943 340 1004 llll.
360 942 552 1022 llequiritur,
572 950 607 1003 ut
628 939 699 1004 ordo
718 940 844 1018 inferior
859 947 927 1002 orele
948 939 1131 1021 superiorem

120 1027 317 1110 suscipiatur,
340 1027 412 1088 alias
431 1029 482 1106 qui
502 1045 556 1107 per
574 1029 682 1087 saltum
708 1027 886 1098 ordinatur,
906 1027 1130 1104 suspensionem

121 1114 185 1192 ipso
206 1113 281 1174 iacto
294 1112 421 1173 incurrit
436 1113 474 1173 ab
496 1113 634 1172 exercitio
648 1110 761 1171 ordinis
777 1109 925 1190 suseepti,
949 1110 1043 1184 donec
1059 1115 1130 1194 Epi·

121 1215 225 1277 scopus
239 1197 389 1276 dispenset
403 1193 435 1274 (l.
450 1198 479 1256 6.
493 1215 525 1256 u.
538 1195 632 1274 795.).

158 1282 241 1341 Vlll.
263 1281 302 1341 Ut
314 1280 388 1341 ordo
402 1281 577 1360 suscipiatur
597 1289 724 1362 tempore
740 1275 845 1342 debito.
859 1277 984 1340 Ordines
999 1279 1130 1358 majores

120 1373 244 1448 possunt
251 1367 357 1446 suscipi
366 1365 480 1427 tannim
492 1367 523 1427 in
536 1365 662 1428 sabbatis
674 1376 802 1444 quatuor
814 1375 979 1442 temporum
990 1386 999 1440 3
1009 1365 1131 1426 sabbato

120 1457 190 1509 ante
213 1451 396 1513 Dominicam
418 1452 579 1529 passionis,
595 1458 626 1509 ct
645 1451 766 1509 sabbato
788 1459 898 1508 sancto.
911 1449 1038 1509 Minores
1057 1449 1130 1513 vcro

119 1541 242 1613 possunt
262 1533 352 1610 accipi
376 1535 409 1593 in
434 1535 567 1611 quolibet
588 1534 662 1594 festo
686 1533 722 1592 de
751 1542 915 1612 praecepto,
939 1541 969 1592 et
984 1535 1074 1594 etlam
1096 1536 1130 1594 in

119 1617 190 1676 ieria
222 1625 301 1676 sexta
324 1625 394 1675 ante
412 1617 566 1677 sabbatum
593 1617 738 1694 generalis
765 1617 978 1694 ordinationis,
1002 1625 1033 1676 et
1056 1617 1129 1678 ierid

119 1701 224 1780 quarti
245 1708 373 1781 quatuor
385 1703 568 1781 Temporum
578 1747 588 1778 ,
608 1701 693 1778 juxta
708 1702 948 1763 consuetudinem
968 1711 1128 1782 receptam.

118 1789 257 1849 Attamen
270 1786 348 1865 apud
364 1789 481 1848 Ferrar.
494 1787 636 1849 Bibliotb.
648 1796 672 1848 t.
686 1789 715 1848 5.
728 1787 812 1848 verb.
826 1787 906 1845 Ordo
919 1781 992 1846 n.'7.
1006 1787 1130 1850 aiicrtur

118 1871 268 1934 decretum
293 1875 388 1934 Sacrae
402 1875 512 1954 Congr.
536 1875 626 1935 Cone.
648 1875 696 1934 lb.
721 1873 793 1950 Apr.
816 1873 903 1931 illu.
928 1870 1127 1945 ubidicitur,

120 1957 217 2037 quoad
236 1957 355 2019 ordines
373 1959 504 2020 minores
523 1977 607 2037 posse
627 1957 745 2017 tolerari
771 1953 1013 2015 consuetudinem
1025 2000 1035 2028 ,
1049 1957 1074 2017 si
1088 1957 1129 2018 sit

118 2042 380 2116 immemorabilis,
404 2042 483 2123 qubd
506 2044 713 2104 ministrentur
732 2038 826 2119 pridie
845 2038 894 2098 die
913 2040 1037 2099 Veneris
1063 2049 1129 2120 post

119 2128 300 2205 prandium,
321 2128 372 2189 sed
395 2128 535 2205 expedire
554 2129 586 2187 in
612 2125 670 2187 hoc
689 2134 723 2185 ut
740 2124 897 2202 Episcopus
915 2140 946 2181 sc
962 2124 1129 2187 conformet

118 2212 282 2274 Pontificali
302 2216 446 2274 Romano.
473 2213 531 2289 Qui
552 2220 650 2273 autem
683 2208 836 2271 ordinatur
862 2217 945 2267 extra
968 2217 1125 2289 tempora,

116 2298 337 2375 suspensionem
350 2299 413 2376 ipso
426 2299 502 2359 lacto
517 2298 643 2358 incurrit
655 2294 731 2375 (tit.
745 2296 775 2355 6.
788 2311 822 2353 a.
836 2292 929 2371 lte).

156 2384 206 2440 dl.
219 2412 258 2425 -
272 2384 325 2441 tx.
341 2384 532 2460 llequiritur,
546 2392 581 2442 ut
596 2382 715 2442 ordines
733 2380 930 2458 suscipiantur
952 2396 1005 2458 per
1026 2378 1125 2441 debita

117 2473 287 2543 temporum
303 2464 476 2527 interstitio.
495 2468 531 2526 Et
546 2469 571 2526 l.
587 2467 666 2526 inter
683 2464 801 2524 ordines
822 2464 951 2524 minores
964 2464 1127 2542 requiritur

116 2549 235 2627 aliquod
249 2550 459 2611 intervallum:
475 2551 585 2611 dicitur
597 2547 736 2630 aliquod,
752 2549 821 2627 qnia
841 2548 916 2609 illud
934 2549 1057 2611 minime
1073 2550 1127 2611 dc·

118 2635 312 2696 terminatum
328 2646 372 2697 est
385 2636 402 2696 ia
413 2635 549 2697 Trident.
568 2636 599 2695 in
619 2652 690 2695 sess.
707 2636 756 2694 95.
771 2654 797 2694 c.
811 2635 860 2694 ll.
875 2633 925 2694 ubi
941 2635 1030 2695 etiam
1042 2634 1127 2696 addi·

116 2728 190 2792 tur,
209 2718 281 2779 Nisi
300 2718 385 2781 uliud
403 2719 549 2801 Episcopo
571 2718 705 2801 expedire
729 2720 825 2800 acopis
844 2718 1000 2779 videretur.
1026 2721 1126 2780 Potest

116 2816 215 2867 tamen
230 2805 324 2868 libert
339 2808 499 2886 Episcopus
513 2806 639 2885 primam
652 2806 816 2865 Tonsuram
832 2824 900 2865 cum
914 2806 1011 2883 atiquo
1022 2806 1126 2867 ordine

116 2894 233 2953 minore
249 2892 394 2951 conferre.
409 2892 447 2949 ll.
464 2892 501 2952 lit
519 2889 536 2950 a
555 2890 720 2950 minoribus
738 2889 909 2951 ascendatur
921 2888 956 2947 ad
972 2888 1126 2951 subdiaco-

116 2986 218 3037 natum
229 3021 237 3048 ‚
250 2977 418 3055 requiritur
432 2975 502 3035 anni
514 2976 643 3053 spatium
657 2994 667 3032 ι
684 2974 756 3035 Nisi
773 2970 943 3040 necessitas,
960 2978 1015 3030 out
1028 2968 1126 3034 Eccle-

114 3060 168 3122 siae
183 3063 372 3143 (intelligitur
386 3062 434 3122 cui
445 3060 626 3122 ordinandus
640 3067 683 3120 est
696 3056 868 3136 adscriptus)
882 3052 998 3116 utilitas
1007 3053 1124 3135 jttdicio

114 3144 257 3225 Episcopi
268 3145 353 3208 oliatd
367 3154 525 3225 copoaeota
541 3153 575 3206 ut
590 3144 715 3205 babetur
733 3146 764 3204 in
777 3140 910 3202 Trident.
923 3136 944 3201 i.
960 3158 985 3202 c.
1006 3142 1057 3201 lll.
1084 3142 1123 3201 Ut

113 3230 287 3289 ascendatur
309 3230 327 3290 ia
346 3231 557 3291 subdiaconatu
579 3230 615 3290 ad
637 3229 822 3290 diaconatum
848 3225 1012 3303 requiritur
1033 3224 1123 3287 etiam

113 3312 183 3368 anni
209 3314 357 3388 spatium,
378 3316 430 3393 ped
455 3316 613 3394 Episcopus
639 3314 671 3373 in
696 3313 752 3373 ltoc
779 3329 815 3372 ex
839 3312 942 3391 quavis
964 3310 1120 3373 raliottabli

113 3408 196 3449 cansa
222 3393 390 3467 dispensare
414 3409 529 3478 potcst3
548 3418 617 3460 nam
633 3400 665 3459 in
689 3396 771 3458 Trid.
798 3416 823 3459 o.
839 3398 888 3459 15.
903 3396 1034 3463 dicitur:
1051 3394 1123 3460 Nisi

113 3469 199 3532 alioci
215 3472 362 3553 Episcopo
378 3482 525 3543 videatur.
541 3487 593 3545 tv.
604 3483 758 3563 Denique,
773 3492 807 3546 ut
823 3482 839 3543 d
854 3484 1009 3545 diaconatu
1023 3498 1120 3543 asceu-

115 3550 199 3612 latur
217 3556 254 3615 ad
274 3558 669 3647 sacerdotium,rcquiritur
691 3571 796 3633 saltem
816 3571 887 3634 anni
911 3568 1118 3647 intervallum
