2475 3975
136 126 175 187 86
417 126 530 187 Praete
552 120 869 204 conformationi.

136 226 175 288 ob
194 226 273 289 hunc
288 224 428 290 timorem
444 244 483 288 no
501 225 691 289 confessarius
705 224 764 285 altd
776 242 848 285 voco
863 224 1015 302 loquatur.
1028 228 1059 289 6.
1075 230 1146 305 lion

135 313 174 373 sit
193 310 285 374 facilis
306 314 478 394 permittere
491 311 605 372 devotis
622 308 749 389 puellis,
769 319 805 371 ιιι
825 310 945 388 capillos
964 313 1147 390 procidant,

135 404 165 456 et
183 398 312 477 aliquem
332 396 457 459 induant
474 394 609 457 habitum
629 396 820 474 religiosum
834 395 886 456 sed
903 404 1007 469 curet,
1021 408 1056 457 ut
1072 400 1146 476 ipsae

135 480 217 560 pride
235 502 289 564 per
308 484 437 545 multum
456 488 574 559 tempus
592 480 626 540 in
639 481 700 540 vita
715 481 864 557 spirituali
880 489 912 541 ct
929 480 962 541 in
981 483 1148 543 virtutibus

134 566 221 629 fixids
242 569 355 629 radices
368 566 558 629 immiserint.
578 567 704 645 Propter
724 566 811 625 istam
827 566 954 625 nimiam
972 566 1146 630 facilitatem

76 698 85 717 .
134 652 397 724 confessariorum,
419 660 493 729 quot
513 651 618 729 puelle
640 660 740 729 postea
759 647 895 711 habitum
916 650 1094 723 dimittunt,
1113 662 1150 715 ct

133 740 250 816 nuptias
263 740 368 799 ineunt
380 756 447 799 eum
463 738 599 798 scandalo
613 736 686 813 loci,
706 744 737 798 et
752 736 831 797 malo
844 736 979 814 exemplo
993 737 1140 799 aliarum!

133 824 162 883 7.
181 828 283 903 Noqne
303 824 349 885 his
367 825 473 906 puellis
493 823 647 899 indulgeat
666 823 875 894 confessarius,
895 832 928 883 ut
950 820 967 881 t
991 823 1066 884 viris
1088 824 1146 885 do·

133 919 254 971 ceantur
266 911 363 990 legere
375 954 382 983 ‚
396 919 427 971 ct
437 908 520 970 tantd
532 906 633 970 minus
648 908 788 969 salbete.
803 907 882 979 Quot
899 908 1005 984 puellm
1025 908 1146 986 simpli·

132 1010 196 1069 res,
214 995 284 1075 quia
302 994 470 1057 didicerunt
489 994 608 1073 legera,
636 994 742 1053 aalma
758 991 905 1069 jacturam
928 991 1048 1055 luxere!
1073 995 1146 1057 flare

132 1080 157 1139 si
180 1098 240 1140 non
259 1089 304 1141 cat
326 1081 458 1159 proxima
479 1078 588 1156 peccati
608 1079 740 1149 occasio,
757 1078 861 1137 saltem
881 1086 926 1137 cst
952 1096 1013 1137 non
1033 1078 1146 1156 partlm

131 1166 305 1241 periculosa.
320 1165 349 1223 Si
361 1164 485 1241 cupiunt
503 1162 572 1221 talia
586 1160 736 1221 addiscere
746 1205 755 1233 ‚
765 1169 869 1221 carent
880 1159 980 1221 doctri
993 1162 1031 1222 ab
1042 1163 1146 1241 aliqua

132 1248 187 1307 alia
213 1248 359 1318 muliere,
382 1254 434 1308 ant
457 1245 613 1324 abaliquo
636 1246 729 1307 fratrc
751 1246 876 1324 parvulo
894 1245 937 1325 (ct
958 1245 1054 1306 adbuc
1072 1266 1148 1309 cum

131 1331 275 1407 cautela),
290 1332 422 1411 alioquin
444 1350 492 1392 eas
511 1349 572 1391 non
591 1330 740 1407 absolvat3
759 1350 815 1391 noc
830 1331 919 1391 etiam
934 1331 1066 1393 absolvat
1078 1351 1149 1393 ma·

132 1426 191 1477 tres
210 1436 276 1495 qum
295 1416 351 1478 hnc
374 1418 563 1495 permittunt.
583 1417 612 1477 8.
630 1418 733 1493 neque
751 1414 892 1477 concodat
909 1415 1037 1476 imminis
1054 1414 1148 1494 juve·

132 1500 220 1561 nibus
237 1510 273 1561 ut
292 1510 416 1578 vagant,
439 1500 573 1561 ecclosias
589 1499 757 1571 visitando,
782 1499 927 1579 utquoia
941 1501 1062 1562 ecclesia
1083 1520 1150 1564 mo·

132 1594 252 1658 rentur,
263 1586 329 1663 plus
341 1584 430 1663 quim
443 1594 488 1647 est
499 1585 696 1647 aerumnam
706 1602 792 1657 ‚oum
804 1584 1150 1665 perturbatioueparen-

132 1678 196 1731 tum
207 1690 216 1745 ;
229 1670 281 1731 scd
299 1688 348 1731 eas
364 1679 506 1745 moneat,
528 1679 563 1730 ut
580 1669 735 1753 attendant
754 1672 797 1731 ets
820 1669 945 1749 parere,
959 1671 1074 1736 labores
1087 1672 1148 1735 do-
1217 1681 1218 1750 j

132 1756 266 1815 meoticas
287 1755 501 1835 amplectendo.
514 1756 670 1831 Quomodo
690 1764 850 1828 autemst
864 1766 1010 1833 quantum
1027 1758 1147 1819 eontes-
1217 1783 1218 1832 ς

131 1840 224 1900 sarius
237 1840 340 1903 cavere
353 1842 459 1903 debeat
477 1842 708 1903 'aiamiliaritato
724 1859 845 1901 suarum
861 1842 1090 1920 poenitentium,
1104 1845 1148 1905 dc
1217 1843 1218 1914 Ϊ

131 1922 187 1985 iroc
207 1943 304 1988 sermo
322 1927 374 1988 iret
392 1947 424 1988 a.
443 1928 510 1988 tto.
525 1926 571 1988 ne
588 1928 750 1989 directione
760 1936 861 1988 autem
872 1926 1042 1990 ammarum
1053 1929 1148 2008 spiri·

131 2012 257 2074 tualinm
274 2013 305 2073 in
322 2011 385 2073 tole
402 2015 454 2073 lX.
476 2012 610 2092 capitulo
631 2014 799 2092 loquemur.

150 2165 176 2246 ς.
194 2168 245 2229 lv.
265 2164 414 2243 Quomodo
432 2163 535 2230 ιιιιιιαι
553 2183 587 2313 aq
598 2166 908 2314 perqreqcoafesscrios
922 2186 990 2228 cnm
1008 2169 1121 2244 motis,

559 2271 648 2314 eaor
669 2271 703 2317 ts..
755 2316 759 2324 ,
821 2296 824 2303 .

169 2429 235 2489 tot.
254 2367 307 2496 St
322 2435 423 2488 mutus
444 2435 520 2488 esset
542 2428 630 2488 etiam
649 2427 778 2501 surdus,
797 2437 832 2489 nt
850 2427 1000 2490 ordinariis
1019 2434 1144 2508 evcnit,

130 2513 166 2576 ad
185 2512 248 2591 ejus
269 2514 481 2576 consessionem
502 2511 703 2591 excipiendam
723 2524 839 2592 oportet
855 2532 923 2574 eam
944 2513 1092 2576 adducere
1108 2520 1144 2581 in
1217 2528 1218 2583 ζ

129 2601 256 2678 aliquem
274 2599 420 2660 oecultum
444 2600 563 2671 locum,
588 2598 626 2659 ad
650 2599 828 2676 exigendum
850 2599 999 2677 quoddam
1017 2601 1142 2678 signum
1217 2620 1218 2665 ξ

128 2705 251 2748 suornm
264 2693 451 2765 patratorum
464 2693 495 2744 et
508 2684 637 2756 doloris,
652 2685 768 2746 meliori
782 2683 870 2744 modo
886 2702 946 2762 quo
959 2691 1067 2761 potest.
1077 2688 1142 2749 Sed
1217 2742 1218 2751 ,

128 2771 300 2852 prinsquam
323 2787 392 2830 eum
415 2769 536 2840 audiat,
560 2777 646 2830 curet
667 2769 859 2830 confessarius
879 2769 987 2830 instrui
1010 2769 1140 2848 atejus
1217 2790 1218 2795 ¹

127 2855 322 2921 familiaribus
336 2853 374 2914 de
395 2853 489 2932 ipsius
505 2854 605 2926 vitiis,
628 2865 659 2916 et
678 2852 715 2913 da
734 2853 823 2916 rnodo
843 2853 992 2927 tenendo,
1012 2864 1047 2915 ιιι
1064 2873 1140 2919 euna

127 2940 286 3021 percipiat,
303 2948 333 3000 et
350 2937 387 2999 ab
408 2956 445 2999 eo
464 2939 664 3017 percipiatur;
675 2945 707 3000 et
725 2936 794 3000 cdm
814 2937 934 3016 aliquod
949 2937 1013 3014 jam
1034 2957 1140 3017 peree-

126 3029 203 3106 pau't
219 3025 285 3102 ejus
303 3023 483 3104 particulare
504 3033 674 3101 peccatum,
698 3041 767 3086 cnm
787 3023 873 3100 signo
897 3023 1028 3096 doloris,
1048 3025 1140 3089 illam
1217 3042 1218 3075 ³

126 3109 214 3170 dotet
231 3111 393 3170 absolvere.
412 3107 470 3172 Sed
483 3106 538 3184 cgo
556 3126 675 3186 semper·
690 3125 760 3168 enm
775 3107 832 3170 sub
849 3107 1020 3167 conditione
1037 3108 1138 3170 absol-

126 3211 243 3264 uerrm,
257 3196 313 3253 nisi
324 3193 483 3271 quamdam
497 3195 639 3256 moralem
650 3193 865 3254 'certitudinem
878 3191 1019 3252 haberem
1032 3193 1137 3256 desua

126 3277 326 3354 dispositione.
391 3319 401 3332 .

165 3354 233 3420 405.
254 3359 352 3418 Mutus
374 3363 400 3420 si
423 3363 510 3423 sciret
531 3364 681 3436 seribere,
698 3363 783 3440 juxta
802 3372 933 3429 nostram
953 3366 1136 3432 seutentiam

126 3443 216 3536 (146.
236 3459 269 3500 a.
292 3441 361 3500 479·
376 3460 405 3537 tf·
426 3445 554 3523 Quom),
576 3450 639 3526 ipse
661 3457 778 3508 tenetur
796 3449 834 3508 nd
852 3449 1056 3513 confitendum
1078 3471 1137 3530 par

125 3531 321 3598 scripturam
343 3540 399 3599 qut
414 3528 494 3588 enim
511 3539 629 3594 tonetnr
652 3530 689 3591 ad
707 3532 818 3610 finem,
839 3543 959 3596 tenetur
982 3535 1073 3597 aiam
1094 3538 1135 3598 ad
1217 3582 1218 3585 ,
