2475 3975
368 236 417 295 Ea
429 234 564 316 opct'ibttt
577 234 730 297 Benedicti
740 238 790 297 h't
796 239 828 299 V.
1050 240 1107 299 579

100 333 217 397 sessoris
233 350 265 393 se
279 345 465 411 proponere,
483 343 518 395 ιιι
533 334 643 397 iterium
660 336 819 399 innovetur
838 353 874 397 ea
890 342 975 417 parte
996 341 1107 401 utrius·

99 436 169 497 que.
185 417 261 478 ibid.
276 436 307 475 n.
326 418 376 477 ts.

137 504 195 564 Sed
209 503 281 581 quid
299 506 324 564 si
343 504 433 564 timor
446 511 598 580 occurrat,
616 523 674 578 ne,
691 514 774 583 parte
788 502 889 584 ignara
905 509 1107 573 certiorattde

99 588 236 649 nullitate
248 588 422 660 consensirs,
439 588 573 648 futurum
586 590 646 665 sit,
670 600 703 649 ιιι
717 590 767 650 illa
789 602 895 653 renuat
908 611 1016 653 novam
1033 596 1107 655 cele·

98 673 284 745 brictionem,
305 674 438 752 adedqee
461 673 504 733 sic
526 674 624 733 seluto
650 676 860 747 matrimonio,
880 680 1045 747 timeatur,
1070 698 1108 747 no

99 767 166 818 nata
179 758 385 819 antecedenter
407 758 504 836 proles
523 758 689 820 declaratur
709 759 884 839 illegitima?
896 766 979 823 Tunc
1005 764 1108 840 utiquc

97 842 137 902 de
149 844 232 920 prole
247 862 308 903 non
323 852 367 902 est
382 862 435 902 cur
448 842 621 915 dubitetur,
635 862 704 903 nam
718 862 835 922 semper
848 844 974 907 habetur
991 858 1025 907 ut
1039 848 1106 925 legi·

98 926 172 988 tima
191 925 258 987 edm
280 926 528 1005 impedimentum
545 936 589 986 est
601 928 771 998 occultum,
796 939 826 989 ct
850 948 927 990 unus
950 932 1054 991 saltem
1071 949 1107 991 ex

98 1009 274 1089 conjugibus
295 1011 328 1071 in
348 1011 426 1071 hond
442 1011 502 1071 fide
516 1009 783 1073 remoraturam
795 1014 819 1071 si
832 1012 927 1075 adbuc
942 1024 1108 1091 perseveret

99 1104 197 1156 metus
210 1096 415 1156 scandalorum
432 1114 468 1156 ex
487 1096 668 1157 resolutione
680 1094 768 1173 hujus
786 1099 991 1170 matrimonii,
1005 1099 1107 1161 studet

98 1181 231 1253 Auctor,
261 1190 295 1241 ut
316 1199 371 1260 per
392 1199 483 1241 novas
508 1181 622 1241 litteras
644 1187 808 1259 exponatur
826 1184 857 1241 S.
880 1184 1107 1243 Poenitcntiarioe

99 1283 200 1340 casus,
221 1266 270 1323 vei
289 1276 461 1326 recurratur
480 1266 517 1325 ad
538 1267 735 1345 Episcopum,
751 1266 802 1345 qui
824 1268 855 1329 id
874 1268 1008 1329 suadebit
1025 1268 1106 1346 qnod

98 1350 158 1410 erit
172 1357 386 1427 opportunum.
404 1350 480 1410 ibid.
494 1371 526 1410 n.
540 1352 591 1410 80.

136 1436 238 1495 Causae
249 1435 481 1495 matrimoniales
496 1436 612 1495 henrici
632 1435 765 1495 Romana
784 1436 946 1497 commissae
964 1439 996 1497 in
1013 1439 1105 1515 parti·

98 1520 155 1581 bus
164 1564 175 1596 ,
190 1538 249 1580 non
264 1520 502 1598 deleganturnisi
517 1521 688 1599 Episcopis,
705 1521 789 1581 reici
812 1523 911 1583 nullus
931 1522 970 1582 sit
983 1524 1013 1581 in
1032 1522 1106 1583 dim-

99 1604 174 1675 eesi,
187 1603 290 1665 saltem
314 1604 525 1681 vicinioribus;
544 1615 575 1665 et
592 1605 615 1663 si
638 1606 685 1665 vel
706 1606 750 1665 illi
764 1606 929 1683 abfuerint,
952 1607 1105 1667 iudicibus

96 1689 301 1767 synodalibus.
325 1692 412 1750 Cous.
436 1692 496 1750 Dci
518 1688 716 1751 miamotionc.
741 1690 861 1751 Mandat
882 1692 1004 1769 insuper
1027 1692 1105 1751 Pon·

100 1772 170 1833 tiiex
189 1816 198 1845 ,
217 1782 252 1833 ιιι
274 1774 307 1834 in
332 1774 458 1851 singulis
483 1774 657 1833 dioecesibus
680 1774 814 1833 defensor
848 1776 1107 1837 matrimoniorum

97 1858 297 1936 designetur,
327 1858 378 1935 qui
406 1877 522 1936 semper
548 1857 624 1917 adsit
656 1858 688 1917 in
717 1856 831 1933 judicio
852 1904 860 1931 ‚
885 1868 915 1918 et
940 1860 1047 1919 citetur
1074 1861 1107 1919 in

95 1943 240 2006 omnibus
261 1942 386 2004 actibus.
406 1943 437 2004 Si
460 1941 531 2004 rard
551 1941 644 2021 judex
664 1942 696 2004 in
719 1941 852 2021 partibus
879 1961 934 2022 pro
958 1943 1107 2002 validitate

98 2029 281 2089 matrimonii
296 2027 472 2088 sententiam
492 2029 582 2098 ierat,
596 2027 634 2086 ab
647 2027 682 2088 et
694 2026 838 2088 sententiat
856 2027 1012 2105 appellatio
1025 2028 1106 2086 nulla

99 2114 271 2175 intercedat.
285 2111 374 2174 Sociis
385 2114 410 2174 si
432 2131 487 2192 pro
501 2112 700 2186 invaliditatc,
715 2111 851 2172 defensor
861 2113 1009 2190 appellare
1020 2111 1107 2172 debet

99 2199 180 2260 intra
197 2198 490 2277 tempuslegitimum
501 2241 510 2271 ‚
522 2198 586 2259 sive
600 2215 667 2274 pars
679 2198 786 2269 instet,
797 2195 860 2256 sive
872 2214 944 2256 non.
957 2195 1106 2256 Pandente

99 2282 170 2346 rerd
187 2285 382 2362 appellatione
391 2285 427 2344 nd
440 2303 531 2345 noras
545 2285 664 2361 nuptias
676 2283 802 2344 transire
815 2281 953 2362 conjuges
967 2290 1106 2343 vetantur

96 2370 154 2430 sub
169 2371 263 2447 poeitis
282 2379 383 2430 contra
397 2371 573 2449 polygnmos
584 2369 763 2430 constitutis.

125 2452 1106 2529 Postduasscntentiasconformesdcnullitatematrimonii,lieittun

95 2549 143 2604 cst
155 2540 330 2619 conjugibus
343 2542 469 2601 transire
481 2541 518 2600 ad
530 2541 600 2599 alias
618 2541 737 2618 nuptias
750 2582 760 2612 ,
773 2538 935 2600 dummodd
956 2557 1041 2616 pars,
1055 2557 1106 2598 seu

97 2625 235 2689 defensor
247 2643 302 2703 pro
317 2625 369 2685 sui
386 2625 563 2687 conscientiis
576 2643 636 2686 non
651 2624 812 2686 crediderit
828 2623 1046 2702 appellandum.
1061 2623 1105 2682 lb.

99 2715 184 2774 Pacta
202 2710 311 2786 praevia
333 2709 404 2768 inita
426 2710 503 2769 inter
520 2707 659 2786 conjuges
682 2709 720 2770 de
743 2724 803 2768 non
821 2707 998 2786 appellando
1011 2705 1028 2765 ιι
1040 2724 1107 2766 sen·

98 2795 192 2857 tentiai
218 2793 256 2852 de
280 2793 416 2853 nullitate
443 2794 625 2855 matrimonii
653 2794 735 2856 irrita
761 2791 890 2854 declarat
914 2791 1049 2854 Pontifex
1073 2791 1108 2851 iu

98 2879 218 2957 Encyel.
239 2878 277 2938 ad
297 2879 433 2939 Polonos.
452 2880 530 2942 Ball.

146 2963 333 3025 Matrimonia
370 2965 456 3024 inter·
470 2963 622 3024 haereticos
647 2965 712 3024 sine
747 2963 902 3042 praesentiri
926 2961 1046 3041 parochi
1074 2963 1108 3024 ιιι

96 3047 261 3130 provinciis
282 3049 416 3112 foederati
434 3051 547 3129 Belgii,
568 3046 638 3108 edm
660 3067 719 3108 non
739 3049 777 3108 sit
797 3047 839 3108 ibi
858 3057 1010 3126 receptum
1027 3049 1104 3108 Con·

99 3135 202 3198 cilium
220 3133 449 3205 Tridentium,
469 3143 592 3207 tenent3
624 3131 872 3210 quemadmodum
893 3134 983 3193 etiam
1003 3131 1106 3192 matri-

99 3218 200 3282 monia
215 3217 471 3278 interhacretieam
481 3229 514 3280 et
529 3215 705 3278 catholicum
722 3217 759 3276 ab
775 3217 879 3278 ineolis
895 3218 1014 3278 illorum
1026 3217 1105 3275 loco·

94 3307 168 3370 runi
186 3304 381 3365 sustinentur.
392 3305 474 3366 idem
496 3304 637 3364 statuitur
657 3303 681 3364 si
704 3311 828 3380 uterque
847 3301 1022 3364 contrahens
1037 3317 1105 3378 per·

99 3391 193 3450 tinent
204 3389 241 3449 ad
254 3390 374 3449 militias
384 3391 525 3452 ordinum
543 3389 675 3450 soederati
689 3389 779 3466 Belgii
795 3387 923 3448 addictas
935 3384 1104 3448 muniendis

93 3473 217 3535 arcibus
232 3473 322 3553 vuigb
339 3474 410 3537 dicti
428 3473 461 3535 di
477 3474 634 3534 Berricen.
649 3474 824 3532 Extenditur
844 3472 880 3531 ad
901 3467 1104 3531 contrahentes

99 3561 133 3622 in
155 3559 273 3618 civitate
289 3561 376 3620 Mosae
390 3559 595 3636 Trajeetensis.
615 3557 670 3618 Sed
691 3559 715 3618 si
739 3557 942 3618 contrahentes
964 3551 1104 3610 habentes

102 3643 287 3710 domicilium
298 3643 331 3709 itt
343 3645 504 3728 provinciis
518 3643 665 3707 laederetis
678 3642 769 3707 veiint
782 3638 954 3701 contrahere
965 3637 996 3696 in
1008 3635 1102 3711 regio·
