2475 3975
376 200 405 284 S.
419 202 471 263 ili.
489 200 533 263 De
547 200 783 282 mortificatione.
1025 204 1083 267 tat

10 324 11 341 *
84 304 299 376 adustionibus,
317 302 715 366 ethissimillbus.Alliverd
730 322 832 366 omnes
843 305 963 368 omnino
976 308 1082 369 morti·

83 390 227 451 ficationes
246 396 380 451 externas
398 389 537 449 videntur
549 389 708 467 reprobare
721 397 874 469 tamquam
891 392 1010 451 inutiles
1022 394 1082 470 spi·

78 475 175 535 rituali
195 473 384 555 progressui,
398 480 491 534 totam
504 474 714 552 perfectionem
727 475 759 535 in
772 474 909 536 interiori
924 476 1084 537 mortifica·

10 570 11 575 ’
78 559 155 621 tione
174 557 355 620 collocando.
378 557 436 619 Sed
459 556 490 616 bi
513 558 726 621 etiam.crrant
750 568 784 619 ut
808 560 920 639 primi,
942 561 1083 639 quoniam

78 642 315 706 mortificationes
338 642 504 722 corporales
529 642 672 720 adjuvant
693 644 846 716 internas,
867 653 898 705 et
918 653 988 705 sunt
1009 662 1084 723 quo-

77 726 231 789 dammodd
247 728 416 789 necessariae
429 726 559 807 (quando
573 736 696 807 possunt
709 729 851 809 exerceri)
864 730 901 789 ad
914 730 1082 791 frenandos

78 830 195 885 sensus,
217 820 248 873 et
272 811 339 873 rdet
363 813 489 891 legimus
511 812 548 873 ab
571 813 710 873 omnibus
731 816 837 875 sanctis
859 812 926 893 plds
945 814 1082 876 miurisve

78 897 394 975 luisse'lrequentatas.
416 898 529 957 Verum
556 896 677 975 quidem
701 908 768 969 est,
790 898 871 976 qubd
893 901 1082 961 mortificatio

77 982 198 1043 interior
218 984 387 1061 passionum
405 980 480 1041 estb
497 981 709 1060 poenitentibus
722 980 908 1061 potissimum
922 986 1084 1063 exigenda3

77 1073 108 1125 ut
120 1084 165 1128 ex.
178 1085 226 1145 gr.
237 1075 328 1138 esset,
340 1083 402 1127 non
415 1067 594 1144 respondere
604 1065 740 1143 injuriis,
751 1085 811 1127 non
823 1084 956 1146 quaerere
967 1113 975 1141 ,
987 1088 1084 1147 neque

10 1180 11 1193 r
77 1152 259 1212 manifestare
279 1151 345 1211 aliis
363 1168 431 1229 quae
452 1151 581 1211 tendunt
604 1151 642 1211 ad
664 1152 818 1231 propriam
838 1152 1084 1226 estimationem,

10 1236 11 1245 ’
75 1234 174 1297 cedere
195 1234 228 1295 in
248 1236 510 1308 contentionibus,
530 1236 659 1297 aliorum
679 1236 827 1297 voluntati
850 1235 1085 1297 condescendere

10 1356 12 1387 ε
75 1320 132 1399 (sod
151 1322 219 1382 sine
240 1320 350 1381 damno
371 1322 550 1400 spirituali);
569 1322 650 1381 unde
672 1322 792 1399 expedit
810 1321 971 1400 aliquando
994 1323 1082 1383 alicui

73 1406 176 1467 animae
198 1404 356 1483 prohibere
372 1424 474 1465 omnes
495 1405 737 1467 mortificationes
757 1413 914 1480 externas,
929 1424 1085 1487 quousque

10 1518 12 1555 r
73 1510 101 1551 se
120 1492 230 1553 sentiat
247 1491 371 1553 liberam
389 1492 426 1552 ab
446 1493 544 1571 aliqua
567 1494 704 1571 passione
724 1492 818 1570 magis
835 1492 1032 1565 dominante,
1051 1502 1085 1554 ut

73 1578 225 1654 vanitatis,
239 1579 389 1651 rancoris,
404 1578 573 1657 cupiditatis
590 1596 694 1638 rerum
712 1576 802 1654 hujus
817 1578 922 1640 mundi
934 1624 942 1651 ,
956 1580 1085 1640 aestima·

73 1662 160 1723 tionis
170 1662 317 1742 proprias,
332 1671 384 1722 aut
399 1664 529 1742 propriae
540 1662 712 1725 voluntatis.
721 1661 779 1723 Scd
789 1661 922 1723 absolute
934 1682 1064 1724 asserere
1074 1709 1090 1734 „

74 1747 314 1809 mortificationes
329 1748 464 1807 externas
479 1746 572 1821 nibil,
585 1757 637 1808 aut
652 1746 760 1826 partim
772 1748 909 1825 prodesse
919 1751 1086 1818 ,maximus

73 1850 156 1894 orror
174 1841 229 1893 est.
244 1832 366 1893 Dicebat
381 1834 413 1893 S.
425 1834 591 1893 loannesd
607 1836 713 1909 cruce,
728 1834 756 1892 ei
770 1833 821 1910 qul
834 1834 975 1911 reprobat
989 1836 1086 1914 poeni-

74 1919 198 1992 tentias,
223 1918 337 1979 nullam
359 1918 558 2000 praestandam
581 1934 646 1977 csse
667 1916 781 1991 fidem,
806 1917 920 1977 etiamsi
943 1919 1085 1981 miracula

73 2013 267 2084 perpetrarat.
910 2004 914 2012 '

109 2094 181 2153 146.
203 2091 248 2152 ab
273 2091 359 2153 initio
380 2110 451 2172 ergo
470 2092 600 2154 director
618 2101 688 2153 ante
709 2091 809 2151 omnia
827 2089 967 2169 injungat
988 2091 1086 2168 poeni-

73 2178 164 2250 tenti,
177 2175 305 2236 ut'nihil
319 2194 453 2254 unquam
470 2177 556 2238 iaciat
578 2175 705 2248 contri,
727 2183 779 2234 ant
791 2175 855 2233 sine
866 2173 929 2250 ejus
946 2174 1087 2236 obedien·

10 2253 11 2318 f
73 2265 125 2322 tia.
141 2259 201 2333 Qui
211 2267 312 2318 contra
322 2258 519 2320 obedientiam
528 2260 716 2336 paenitentias
726 2265 835 2336 agunt,
848 2257 946 2335 inquit
956 2259 1087 2320 Sdoon·

10 2363 11 2390 ³
74 2363 124 2422 arcs
145 2345 166 2404 d
187 2343 277 2402 druco
295 2363 308 2402 a
327 2342 373 2404 112·
393 2342 491 2424 acopis
512 2341 744 2424 propredc'untor
767 2341 802 2402 in
821 2340 920 2420 citr'ab,
943 2344 1033 2425 chm
1052 2345 1087 2405 in

74 2425 245 2492 virtutibus.
261 2426 304 2486 Sit
323 2443 462 2506 quoque,
484 2437 517 2488 ut
529 2428 608 2502 dixi,
623 2428 708 2489 valde
728 2427 860 2488 retinens
878 2428 909 2487 in
923 2429 1086 2490 conceden-

10 2493 12 2580 l
76 2517 119 2576 dis
143 2511 313 2590 hujusmodi
338 2512 638 2588 mortificationibus,
663 2512 798 2592 quamvis
825 2513 855 2572 id
885 2511 1086 2593 importuniirs

77 2600 234 2679 efflagitent
250 2599 445 2676 paenitentes3
463 2599 532 2658 satis
550 2599 606 2660 erit
624 2598 662 2658 ab
684 2599 771 2658 initio
793 2597 836 2657 eis
851 2598 1010 2658 concedere
1030 2600 1085 2659 ali·

10 2729 11 2732 ,
78 2701 164 2762 quam
188 2681 390 2754 tenuem,sed
407 2701 506 2743 raram
522 2683 801 2753 mortificationem,
824 2691 857 2741 ut
879 2681 1084 2760 disciplinam,

78 2769 238 2829 catenulam
254 2767 397 2839 ferream,
417 2766 644 2852 abstinentiam,
659 2765 760 2844 potiris
776 2765 814 2825 ad
834 2765 1033 2844 ingerendum
1052 2765 1085 2824 in

10 2879 11 2906 1
79 2869 181 2912 corum
203 2851 309 2912 animis
336 2851 573 2912 mortificationis
592 2851 792 2925 desiderium',
812 2849 903 2930 quam
925 2851 963 2910 ad
985 2867 1035 2910 eos
1050 2860 1086 2908 ut

10 2931 11 3008 ζ
80 2936 234 3008 convenit,
249 2935 491 3014 mortificandos3
507 2945 537 2996 et
555 2944 655 3016 postea
672 2953 809 3016 processu
826 2936 968 3012 temporis
978 2934 1087 3012 poterit

79 3018 226 3082 liberalitas
241 3037 327 3099 agere
336 3019 421 3098 juxta
441 3039 631 3100 progressum
653 3039 742 3100 quem
764 3021 864 3080 anima
875 3019 961 3077 saciet
977 3020 1009 3078 in
1025 3019 1086 3078 vir·

79 3105 207 3183 tutibusp
220 3105 338 3183 quando
356 3105 439 3165 eninr
453 3105 503 3165 illa
522 3106 581 3166 erit
593 3106 626 3166 in
641 3107 748 3184 spiritu
769 3102 911 3174 solidata,
927 3119 987 3161 non
1003 3113 1086 3182 pote-

10 3245 11 3252 ,
80 3189 118 3248 rit
142 3188 170 3250 oi
195 3190 259 3250 sine
283 3191 422 3270 scrupulo
446 3199 629 3270 opportunas
657 3189 901 3251 mortificationes
927 3187 1084 3269 denegare.

81 3273 242 3349 Celerrim,
258 3273 407 3336 ordinarie
423 3275 591 3354 loquendo,
609 3275 777 3354 generalem
792 3272 868 3334 banc
886 3275 1018 3354 regulam
1028 3277 1085 3336 sibi

10 3373 13 3400 ¹
81 3366 243 3439 proponat,
257 3377 410 3437 nunquam
423 3362 533 3422 scilicet
549 3358 728 3421 concedendi
739 3359 979 3422 mortificationes
990 3369 1088 3420 exter·

83 3459 148 3516 nas,
168 3444 226 3504 nisi
250 3443 334 3524 priris
355 3446 535 3523 requisitus,
556 3446 626 3524 quia
648 3441 695 3502 hae
712 3461 774 3502 non
797 3443 926 3506 multllm
942 3453 1084 3524 prosunt,

10 3527 11 3542 ¹
82 3529 102 3586 si
115 3529 223 3608 absque
241 3545 346 3608 magna
360 3530 526 3608 appetentia
542 3530 746 3608 recipiantur:
762 3536 792 3590 et
805 3531 920 3608 quoties
933 3527 1086 3597 concedit,

83 3629 193 3694 sceqer
216 3613 316 3675 minus
336 3613 426 3693 quarn
447 3613 612 3692 postulatur
636 3611 794 3688 concedat,
812 3622 842 3674 ct
858 3609 976 3752 qqtids,
992 3622 1025 3670 ut
1041 3613 1088 3669 in·
