2475 3975
124 207 181 268 982
306 201 443 284 Epitoate
461 198 929 264 doctrinmaroraliaetcauoaico·

123 323 188 382 quta
200 304 260 366 sint
272 305 419 366 canonicis
437 303 636 364 sanctionibus
654 319 810 379 consonae3
828 319 937 380 exque
952 301 988 362 lit
998 347 1006 374 ,
1017 311 1052 365 ιιι
1064 301 1131 364 caint

122 391 221 451 vetitae
245 391 305 451 sint
322 390 502 469 provisiones
523 386 659 448 beneficii
689 387 828 465 resignati
848 387 930 446 Iaetoe
950 387 982 446 in
1001 387 1131 448 favorem

122 475 277 552 cilinium,
295 485 324 538 et
342 475 531 536 familiarium
548 472 683 550 Episcopi
702 517 710 544 ‚
732 472 809 531 sicut
828 472 917 531 etiam
936 472 1131 549 resignanda,

122 561 163 621 ita
188 561 277 624 etiam
310 567 484 632 censeantur
512 558 611 618 vetitae
641 558 872 636 permutationes
891 554 1131 626 beneficiorum,

122 642 191 706 ciam
212 647 316 726 aliquis
335 651 484 726 permutet
508 641 686 703 beneficium
706 659 795 702 suum
820 643 952 720 pingue,
968 650 998 700 et
1014 642 1055 701 sit
1069 641 1132 718 jana

122 731 227 793 elioete
247 731 340 792 aetatis
360 747 427 790 cum
441 731 553 800 altero,
576 728 657 807 quod
670 736 715 788 est
727 737 838 800 tenue,
855 737 887 796 et
904 727 1055 790 obtinetur
1070 730 1131 788 sive

121 813 137 874 ia
158 815 236 883 suis,
253 815 315 876 sive
333 815 370 876 ab
391 815 528 893 Episcopi
545 815 769 892 consanguineis
784 835 795 890 3
811 813 861 874 vix
886 814 967 874 enim
985 815 1066 875 credi
1079 834 1131 893 po-

122 907 178 959 test
198 899 235 960 ab
252 901 307 961 ista
327 902 546 980 permutatione
567 898 701 960 fraudem
721 900 841 971 abesse,
862 899 993 976 adeoque
1008 919 1068 960 non
1088 909 1132 960 est

120 984 206 1063 juxta
227 987 383 1048 canonicas
400 989 573 1048 sanctiones.
585 987 710 1064 DeSyn.
723 985 809 1046 dioee.
826 984 848 1045 l.
864 986 911 1045 lb.
924 1003 951 1044 c.
971 986 1020 1046 at.
1034 1004 1066 1046 n.
1081 990 1129 1046 lt).

161 1071 306 1134 Beneficia
326 1071 521 1134 obtinentesb
541 1075 571 1132 S.
586 1073 622 1132 ll.
638 1074 671 1132 u.
688 1071 890 1133 cardinalibus
904 1071 1061 1132 ordinariIs
1072 1075 1132 1133 col·

123 1159 268 1218 latoribus
281 1160 312 1219 in
324 1157 472 1218 mensibus
484 1159 514 1216 S.
527 1157 593 1216 Sedi
606 1157 761 1217 reservatis
773 1157 947 1216 valoremll
957 1156 1133 1218 ducatorum

122 1245 251 1304 Camcroe
269 1243 436 1305 excedentia
450 1250 589 1304 tenentur
604 1242 681 1302 intra
695 1241 850 1320 paronnam
870 1242 901 1302 in
925 1243 997 1320 Reg,
1014 1244 1133 1304 Cancel-
1220 1290 1224 1313 ,

122 1327 204 1388 larioe
223 1337 340 1406 tompus
353 1345 460 1386 novam
472 1325 644 1386 corumdem
658 1327 857 1406 provisionem
875 1325 893 1386 ia
906 1327 979 1386 Sede
998 1328 1131 1405 Apostol.

123 1411 281 1479 obtinere.
302 1412 461 1472 ordinariis
484 1413 700 1479 traxissemus,
722 1430 783 1472 non
810 1411 945 1474 obstante
965 1412 996 1471 in
1015 1422 1133 1473 eontra-

122 1497 199 1556 rium
223 1514 410 1573 quocumque
431 1495 627 1573 exemptionis
647 1496 813 1577 privilegio²
837 1497 934 1569 Motus
955 1513 1041 1587 prop.
1070 1499 1131 1569 Bo-

122 1576 229 1640 tredico·
235 1581 269 1640 X
268 1579 287 1642 1
292 1580 326 1638 V.
338 1579 451 1638 Hullar.

428 1747 547 1812 betta
569 1749 791 1820 cabellum..

160 1918 293 1980 Facultas
308 1936 441 1980 concessa
462 1918 493 1979 in
507 1921 590 1980 Bulla
608 1921 754 1982 Cruciutcc
773 1921 810 1982 de
828 1923 1015 1984 absolutione
1033 1924 1051 1984 b
1066 1945 1135 1989 cen-

120 2005 197 2065 suris
211 2004 390 2073 obtinenda,
417 2006 495 2064 valet
515 2005 723 2065 tantummodo
738 2024 793 2083 pro
808 2008 873 2066 loro
889 2010 1006 2067 interno
1021 2054 1030 2078 ‚
1044 2020 1081 2069 ut
1100 2032 1136 2072 ex

121 2090 337 2150 Constitutione
364 2087 478 2157 Urbani
507 2090 594 2157 VIII.
625 2089 769 2166 eruitur3
792 2109 883 2167 qnare
902 2093 1135 2156 Constitutiones

122 2175 286 2253 llispanieaa
301 2176 387 2235 aliter
403 2183 565 2245 statuentes
586 2173 753 2251 rejiciendae
775 2184 856 2246 sunt·⁴
877 2177 922 2236 De
944 2178 1024 2256 Syn„
1045 2181 1132 2243 dioec.

121 2259 175 2319 lib.
191 2260 241 2322 l2.
265 2279 292 2321 c.
317 2263 345 2331 l.¹
369 2278 401 2333 u.v
417 2259 445 2317 7.
968 2260 971 2264 ’

536 2430 725 2490 cubavere

158 2594 328 2657 lnsectlone
338 2596 512 2657 cadaverum
528 2597 683 2657 anatomia
699 2600 881 2661 addiscendae
900 2595 984 2661 caatsal
996 2648 1005 2677 ,
1019 2605 1044 2665 si
1064 2606 1132 2683 quia

119 2683 254 2744 adhibeat
276 2681 415 2742 cadavera
445 2700 505 2741 non
527 2682 814 2757 condemnatorum,
843 2687 924 2746 nulla
953 2688 1072 2749 obtenta
1093 2691 1132 2749 ab

119 2771 261 2847 Episcopo
284 2768 440 2842 facultate,
464 2776 563 2845 peceat
578 2768 697 2845 quidem
718 2772 867 2847 graviter,
886 2773 938 2831 sed
955 2792 1014 2831 non
1029 2776 1132 2834 ineur-

118 2856 159 2915 rit
171 2851 502 2913 excommunicationem
522 2850 630 2929 Bona'f.
652 2855 738 2913 VIII.
753 2856 791 2913 de
804 2855 862 2931 qud
875 2857 906 2913 in
921 2874 984 2931 cap.
999 2859 1022 2916 l.
1038 2856 1073 2916 dc
1084 2877 1131 2919 ae-

118 2938 246 3021 palturia
264 2938 298 2999 iat
315 2938 345 2997 b.
368 2933 435 2997 cum
455 2936 513 2995 illa·
536 2936 650 2998 feratur
667 2938 796 2997 tantiam
817 2942 848 2997 in
866 2956 936 3009 cos,
963 2940 1014 3014 qui
1034 2940 1132 3001 exbu-

118 3036 231 3086 mantes
256 3026 394 3085 cadavera
408 3066 415 3087 ,
428 3038 464 3081 ea
481 3021 627 3089 lacerant,
643 3029 673 3081 ct
684 3020 741 3081 alib
755 3021 920 3099 sepelienda
934 3023 1129 3091 transferunt.

118 3112 161 3168 lta
180 3129 216 3168 cx
238 3127 324 3169 sensu
344 3109 407 3181 ΠΙ).
430 3106 710 3171 instit.1tccles.tt.
728 3125 759 3165 n.
778 3110 825 3167 l0.
950 3162 954 3167 .

157 3192 187 3251 Si
198 3193 332 3253 instituti
346 3190 547 3271 processione,
562 3198 592 3253 et
605 3189 787 3269 praecedento
800 3210 904 3264 cruce,
925 3194 1129 3261 associandum

117 3276 155 3332 sit
172 3274 295 3334 cadaver
316 3277 352 3336 ad
365 3276 568 3355 sepulturam,
588 3286 618 3336 et
642 3278 782 3337 transitus
795 3277 846 3336 liat
863 3296 1057 3358 peragram,
1079 3287 1128 3343 vel

116 3358 326 3443 possessionem
343 3363 512 3435 privatam,
529 3382 589 3423 non
612 3361 680 3423 ided
696 3363 743 3422 via
766 3362 817 3422 illa
841 3364 958 3443 publica
974 3364 1100 3425 ellieitur
1117 3389 1127 3442 ς

116 3437 193 3509 leges
209 3438 423 3533 enimomnes,
439 3450 597 3525 exquibus
615 3450 645 3509 id
659 3456 756 3531 posset
775 3444 932 3527 convinci}
952 3448 1026 3514 nihil
1044 3453 1126 3513 alind

115 3516 421 3597 V⁰¹¹1¹¹lantsrqubd
451 3543 680 3595 monumentum
705 3536 834 3613 positum
864 3536 894 3595 in
919 3538 984 3595 loeo
1008 3536 1126 3613 private

114 3590 220 3649 efficiat
243 3596 342 3659 locum
363 3604 449 3665 illum
468 3629 610 3695 sacrum3
630 3620 704 3698 quia
722 3630 753 3679 et
776 3620 854 3699 leges
878 3622 937 3681 illm
955 3619 972 3679 a
990 3618 1124 3698 juncea·
1226 3661 1227 3688 r
