2475 3975
274 98 348 174 Cup.
364 97 391 154 9.
408 95 453 154 De
471 99 654 154 sacramento
674 89 787 152 ardicus
803 92 836 151 iu
855 109 968 173 perere.
1066 92 1124 158 aot

119 211 149 264 et
161 201 364 265 (diaconatum,
380 205 414 256 ut
425 197 564 273 diximus)
584 213 643 256 non
662 212 723 256 esse
741 205 940 275 sacramenta3
955 197 1023 276 quia
1044 199 1124 261 deest

5 350 6 353 Ἴ
118 289 151 347 in
171 284 231 345 illis
252 281 393 353 materia,
416 299 524 359 nempe
542 281 690 358 impositio
706 297 868 352 manuum,
885 299 973 358 quum
992 283 1037 362 (ut
1055 303 1122 346 mox

119 366 263 444 dicemus)
280 365 461 445 probabilius
481 374 526 425 cst
547 382 609 424 esse
628 365 747 424 unicum
767 365 919 424 materiam
936 367 1065 428 ordinis:
1080 370 1127 430 de-

118 463 222 532 estque
245 451 332 511 etiam
355 451 470 526 torma,
495 467 562 528 quse
583 449 730 528 exprimat
757 449 980 526 productionem
1001 454 1123 532 gratim,

118 537 191 599 ditm
205 539 236 597 in
248 535 402 596 collatione
411 534 600 613 prelatorum
611 533 751 594 ordinum
766 550 825 592 uon
838 531 873 592 tu
886 535 996 596 mentio
1007 539 1125 612 gratiae,

118 623 170 684 scd
190 619 306 682 tantiuu
321 619 474 697 potestatis
489 637 556 698 quae
576 617 715 677 traditur.
728 619 773 676 De
786 615 841 677 bae
854 620 1013 698 questione
1027 619 1127 700 sustris

118 707 231 769 dictum
248 713 292 766 est
310 705 344 763 ia
356 701 469 764 Mureti
484 701 502 762 I.
522 707 552 763 6.
567 723 600 764 a.
614 703 681 763 756.
697 711 725 762 et
736 703 804 762 757.

158 794 209 852 28.
228 825 268 835 -
287 792 387 864 Quaer.
410 791 449 850 tl.
470 808 605 867 quaenam
622 798 665 848 est
683 789 805 848 materia
826 797 856 850 et
876 790 969 852 lorma
993 794 1126 855 ordinis?

118 880 193 938 Trcs
212 884 282 937 sunt
305 875 466 935 sententiae.
487 877 512 934 1.
536 881 617 934 tenet
639 874 792 934 materiam
816 873 927 935 ordinis
951 895 1012 938 esse
1034 881 1126 940 solum

119 961 312 1023 traditionem
331 960 618 1037 instrumentorum3
632 959 683 1018 sed
703 957 766 1017 haee
788 976 848 1018 non
868 968 912 1018 est
933 963 1002 1022 sotis
1023 964 1130 1041 proba-

119 1048 201 1108 bilis.
223 1047 263 1105 ll.
287 1053 367 1106 tenet
385 1046 539 1105 materiam
561 1045 727 1123 proximam
751 1061 812 1102 esse
833 1043 981 1122 duplicem
1003 1048 1130 1126 integra·

119 1133 199 1202 lem,
217 1131 326 1191 scilicet
347 1130 538 1190 traditionem
553 1130 841 1205 instrumentorum,
862 1130 920 1205 qui
941 1129 1069 1191 traditur
1082 1149 1130 1211 po·

116 1226 206 1278 testas
218 1233 307 1293 super
323 1233 428 1292 corpus
443 1215 523 1274 reale
538 1213 608 1274 Iesu
629 1211 737 1272 Christi
752 1213 788 1271 ad
807 1213 1047 1287 sacrificandum,
1060 1234 1128 1276 cum

116 1304 216 1362 forma
232 1319 241 1357 s
257 1298 361 1378 Accipe
377 1305 567 1378 potestatem,
582 1305 657 1369 eto,
678 1306 708 1356 et
727 1297 945 1374 impositionem
968 1317 1126 1373 manuum,

117 1388 179 1467 quai
198 1385 327 1447 traditur
345 1393 472 1467 potestas
493 1402 581 1463 super
597 1401 704 1462 corpus
717 1385 876 1461 mysticum
895 1385 932 1444 ad
948 1397 1063 1466 peecata
1078 1388 1129 1448 ah-

119 1473 261 1550 solvenda
271 1515 281 1543 ‚
293 1489 362 1532 cum
374 1471 469 1530 forma
482 1490 490 1528 ε
506 1471 608 1552 Accipe
617 1467 764 1549 Spr'ritum
775 1476 932 1544 sonetum,
947 1479 1000 1532 ete.
1010 1473 1130 1534 Materia

120 1570 220 1620 autem
238 1565 353 1618 remota
369 1556 462 1635 (juxta
482 1555 558 1618 hano
570 1555 757 1632 sententiam)
771 1565 840 1616 sunt
859 1575 964 1617 manus
979 1560 1128 1639 Episcopi,

123 1655 153 1706 et
169 1646 365 1704 instrumenta
382 1661 449 1720 quae
462 1643 499 1703 ad
511 1641 692 1720 tangendum
706 1639 743 1699 ab
757 1657 791 1701 eo
808 1642 978 1703 traduntur.
993 1646 1130 1706 1161)ιό-

121 1729 249 1804 habilior
273 1734 355 1788 tenet
370 1728 525 1786 materiam
542 1726 628 1786 unici
648 1741 710 1785 esse
730 1727 950 1802 impositionem
967 1745 1129 1804 manuum3

118 1816 306 1890 formamque
327 1829 389 1870 esse
418 1813 583 1871 orationem
604 1827 695 1886 quam
718 1809 830 1886 profert
859 1813 1017 1888 Episcopus
1038 1813 1130 1889 (Quo-

119 1896 207 1959 modo
224 1897 277 1958 boe
290 1895 453 1978 probatur,
473 1893 600 1955 videndo
613 1913 680 1974 quea
693 1891 772 1954 dacto
790 1899 861 1952 sunt
871 1893 937 1956 tit.
950 1898 979 1954 6.
993 1897 1129 1975 16769.)

120 1985 259 2045 Attamen
273 1981 343 2060 quia
356 1981 395 2041 ll.
409 1979 553 2041 sententia
569 1990 613 2041 est
625 1981 713 2039 etiam
726 1978 903 2059 probabilis,
915 1996 1021 2056 nempe
1033 1979 1132 2059 dupli-

120 2086 185 2129 cem
206 2085 269 2127 esse
282 2067 437 2126 materiam
450 2067 583 2139 ordinis,
603 2067 714 2125 scilicet
735 2065 954 2143 impositionem
971 2083 1130 2139 manuum,

115 2142 151 2215 et
175 2150 365 2216 traditionem
389 2151 677 2219 instrumentorum,
704 2150 766 2225 ipsa
793 2147 916 2208 omnini}
937 2150 969 2207 in
989 2150 1073 2225 praxi
1093 2169 1132 2229 se·

119 2233 241 2318 quondo
258 2240 314 2292 est.
332 2231 417 2292 Unde
434 2232 597 2292 necessariis
610 2233 775 2309 requiritur
788 2233 819 2292 in
835 2232 1022 2293 ordinatione
1040 2240 1133 2295 tactus

119 2322 413 2390 instrumentorum,
429 2326 460 2378 et
480 2323 573 2377 tactus
587 2317 708 2396 quidem
728 2315 883 2397 physicus,
897 2316 965 2379 cium
980 2319 1133 2398 probabile

120 2405 212 2468 etiam
233 2404 273 2463 sit
292 2402 435 2462 moralem
457 2420 517 2463 non
538 2404 681 2463 sufficere.
703 2403 816 2463 Sufficit
835 2402 907 2468 verb
929 2414 1051 2485 tangere
1071 2408 1131 2466 und

115 2490 183 2558 ‚soli
208 2506 318 2562 manu,
346 2489 394 2549 vel
416 2488 509 2567 digito
526 2486 615 2567 (Ibid.
636 2508 667 2549 u.
691 2489 785 2566 715.)
803 2490 869 2552 Non
890 2500 1007 2569 oportet
1031 2502 1131 2553 autem

5 2603 7 2608 >
115 2574 171 2654 ‚(ut
185 2574 315 2635 diximus
334 2590 367 2635 a.
390 2573 434 2653 6.)
454 2582 488 2633 ut
508 2583 657 2634 contactus
677 2573 730 2633 siat
751 2572 768 2632 d
789 2573 937 2651 principio
961 2577 1133 2653 prolationis

123 2660 228 2719 formae
248 2656 395 2735 usquead
415 2657 525 2731 linem,
548 2658 600 2717 sed
621 2658 728 2718 sufficit
748 2658 773 2716 si
796 2656 847 2717 flat
868 2666 1025 2736 antequam
1040 2660 1133 2719 torma

117 2736 320 2813 terminetur,
334 2741 381 2801 vel
400 2750 555 2821 postquam
572 2744 621 2803 illa
641 2742 679 2803 sit
695 2742 820 2820 incepta.
835 2744 938 2803 Forma
953 2753 1052 2803 autem
1065 2753 1134 2804 sunt

122 2826 214 2887 verba
233 2843 299 2905 quae
314 2826 427 2903 profert
442 2827 601 2905 Episcopus
618 2826 775 2898 ordinans,
790 2825 858 2887 edm
870 2846 975 2889 manus
988 2830 1132 2905 imponit,

124 2920 156 2971 ct
172 2912 369 2970 instrumenta
383 2909 473 2971 tradit
483 2954 492 2985 ‚
503 2921 537 2971 ut
547 2909 635 2990 sopri
647 2909 760 2971 dictum
774 2917 829 2970 est.
840 2911 952 2981 Sedulo¹
967 2909 1016 2969 hle
1031 2908 1134 2971 rursus

126 2992 292 3071 notandum
312 2994 342 3054 1.
357 2994 438 3073 quod
456 2996 488 3057 in
511 2995 616 3057 ordine
635 3014 716 3055 sacro
738 2994 916 3055 conserendo
937 2994 1057 3054 materia
1076 3001 1133 3053 tra-

126 3078 225 3139 denda
245 3087 290 3139 est
312 3080 350 3139 ab
374 3081 480 3141 eodem
497 3082 664 3158 Episcopo,
685 3081 736 3158 qui
754 3080 881 3141 sormam
901 3080 1034 3157 profert,
1054 3077 1135 3139 sectis

128 3164 162 3223 in
183 3162 339 3223 collatione
356 3166 496 3225 ordinum
518 3166 670 3226 minorum
688 3186 696 3225 ι
714 3165 754 3225 ita
775 3168 816 3225 D.
838 3163 892 3225 rt.
910 3161 1026 3245 (SoppI.
1041 3184 1070 3247 q.
1087 3166 1133 3225 58.

113 3253 189 3321 leret.
200 3245 278 3307 tad
289 3247 333 3325 2.)
346 3246 450 3309 etalii.
466 3250 637 3309 Notandum
651 3253 680 3309 2.
696 3249 809 3326 quodsi
822 3249 1008 3309 conserantur
1020 3249 1136 3309 ordines

128 3332 167 3391 ab
177 3348 238 3391 uno
248 3332 390 3412 Episcopo
401 3378 409 3406 ,
422 3334 480 3393 alio
492 3344 590 3395 tamen
605 3334 942 3407 celebrantc‚ordinatio
957 3336 1012 3395 erit
1024 3333 1137 3402 valide,

126 3416 178 3476 scd
199 3416 299 3475 illicita
314 3460 323 3489 ,
341 3429 376 3478 ut
395 3418 553 3480 declaravit
566 3422 669 3487 Ionae.
687 3420 783 3478 XIII.
801 3418 1033 3497 apudBeueoIiet.
1047 3418 1139 3478 XIV.

125 3498 304 3580 (DeSyaorI.
320 3498 341 3561 t
359 3504 387 3563 8.
401 3522 422 3565 e
444 3505 492 3563 lt.
507 3522 540 3561 u.
556 3505 611 3582 7.).

934 3586 984 3641 18.
