2475 3975
338 190 384 250 De
399 186 550 251 {sinodalis
563 190 704 261 eueniret,
719 196 772 250 cte.
1025 200 1059 259 71

19 290 20 333 ³
59 299 217 359 facultatem
230 310 294 355 non
302 288 502 368 habeat,jam
517 290 604 369 supra
616 289 746 352 diximus
762 299 862 353 actum
884 310 946 357 ease
964 294 1061 361 chari.

19 374 20 381 '
60 384 134 457 tatis,
146 389 181 441 ut
192 378 387 440 confessarius
397 374 481 437 adeat
490 376 729 455 Episcopumpro
740 376 877 440 facultate
889 380 1058 445 obtinenda.

60 469 209 545 Episcopus
223 472 324 523 autem
336 461 367 521 vi
378 478 441 540 cap.
450 460 563 539 Liceat,
579 462 656 522 Sese.
669 462 719 522 EI.
734 461 902 523 Tridentini
909 463 996 544 (Vici.
1007 462 1059 527 lib.

60 553 84 611 7.
95 572 123 612 n.
136 551 202 628 75.)
218 549 374 609 absolvere
392 542 487 624 potest
506 564 609 607 omnes
628 562 710 605 casus
729 549 849 626 papales
871 550 1009 611 occultos.
1024 554 1061 614 Et

60 637 123 697 lianc
138 636 310 697 facultatem
323 638 421 710 potest
431 631 567 709 delegare
580 627 645 691 aliis
656 630 858 705 confessoris,
875 634 965 695 etiam
976 654 1061 715 gene

59 724 166 795 salites,
180 714 345 781 dummodo
361 733 410 777 eos
432 716 596 795 specialiter
608 716 732 797 deputet
746 716 782 776 ad
793 714 965 795 hujusmodi
978 738 1061 781 casus

59 804 241 867 absolvendos
262 800 353 881 (Ibid.
373 818 406 861 o.
424 800 506 881 aa),
528 801 649 879 excepti
666 798 790 875 heresi,
811 811 841 863 et
858 802 923 864 aliis
945 804 1059 866 casibus

60 891 138 951 bullae
161 892 259 953 coenae
283 884 371 965 (Ibid.
393 904 425 946 n.
451 885 535 964 8213
559 886 618 945 nisi
637 885 784 963 paeniterm
804 898 879 949 esset
898 890 1058 969 impeditus

61 975 176 1035 adeundi
192 976 338 1047 Romam3
357 980 429 1049 tunc
445 970 527 1030 enim
545 970 706 1047 Episcopus
722 970 873 1032 absolvere
898 983 994 1053 potest
1019 976 1058 1036 ab

63 1058 192 1119 omnibus
204 1056 362 1137 Papalibus
375 1099 384 1128 ,
403 1055 495 1115 etiam
516 1052 643 1134 publicis
655 1050 733 1134 (Lib.
746 1055 778 1115 7.
791 1074 824 1114 a.
837 1056 910 1133 ab),
923 1068 953 1117 et
962 1057 1059 1119 adbuc

60 1146 92 1205 ab
103 1144 224 1218 baeresi,
237 1154 268 1205 et
281 1143 346 1203 aliis
358 1141 446 1202 bullae
460 1140 556 1202 Caenea
570 1138 649 1220 (aab.
667 1140 695 1199 7.
712 1160 744 1201 n.
758 1140 833 1220 ab).
849 1142 974 1220 Insuper
990 1144 1060 1221 1th-

60 1232 131 1309 scopi
149 1232 300 1291 absolvere
314 1234 437 1305 possunt
449 1224 487 1285 ab
506 1225 811 1288 excommunicatione
834 1224 873 1290 oh
895 1228 1060 1307 percussio·

60 1332 122 1374 nem
132 1315 226 1375 levem
240 1312 339 1374 cleriei
358 1311 407 1371 vel
421 1308 577 1384 monaehi,
594 1317 626 1370 ct
642 1310 732 1371 etiam
752 1310 790 1371 ob
802 1329 942 1389 gravem,
954 1314 1059 1393 siper·

61 1399 163 1461 euticus
180 1408 225 1459 est
246 1397 377 1470 mulier,
403 1411 440 1455 ex
460 1412 486 1454 o.
503 1394 553 1453 Eo
572 1392 725 1468 noscitur,
745 1403 776 1455 et
790 1413 816 1456 o.
839 1392 1001 1470 Mulieres,
1022 1396 1065 1461 da

19 1552 20 1557 η
61 1494 127 1544 sent.
139 1502 280 1547 excomm.
297 1484 375 1543 ilem
396 1479 434 1540 ab
454 1473 757 1540 excommunicatione
778 1489 901 1560 propter
919 1481 1057 1544 abortum

59 1570 137 1629 setus
156 1567 301 1642 animati,
316 1567 429 1649 virtute
441 1562 530 1624 bullae
545 1562 681 1645 Greporc'i
691 1564 785 1624 XIII.
799 1582 865 1643 quoe
880 1564 984 1644 incipit
998 1570 1059 1629 Ilo·

60 1672 143 1713 cnosso
158 1652 244 1714 Sedes
252 1676 265 1729 ,-
278 1652 352 1713 ilem
378 1649 416 1710 ab
432 1648 739 1711 excommunicatione
754 1648 794 1709 ob
816 1652 1056 1711 communionem

19 1760 20 1769 2
60 1737 87 1797 iu
108 1738 208 1798 codem
222 1735 349 1797 crimine
361 1752 429 1795 cum
440 1731 700 1794 excommunicatis
712 1732 749 1792 ab
763 1732 873 1795 eisdem
887 1735 1055 1814 Episcopis,

61 1824 124 1883 item
138 1822 174 1881 ab
187 1818 490 1882 excommunicatione
508 1832 599 1894 quam
620 1816 780 1877 incurrunt
802 1817 907 1878 fratres
925 1819 1055 1880 minores

61 1908 237 1969 admittentes
262 1904 295 1967 in
317 1904 378 1964 suis
397 1902 531 1962 Ecclesiis
555 1900 591 1960 ad
611 1899 713 1960 divina
733 1898 828 1961 officia
847 1902 952 1963 fratres
973 1905 1055 1965 tertii

61 1995 180 2074 ordinis;
192 1994 265 2053 ilem
284 1989 322 2052 ab
337 1986 641 2050 excommunicatione
651 1984 709 2066 qual
728 1985 860 2064 ligantur
869 1988 891 2048 ii
905 1990 957 2066 qui
971 1991 1055 2050 abso·

19 2127 21 2138 ,
61 2079 109 2140 luti
127 2081 157 2140 in
179 2075 304 2138 articulo
318 2074 423 2135 mortis
434 2072 471 2132 ab
484 2073 583 2150 aliqua
601 2091 724 2133 censura
739 2073 777 2132 ab
797 2073 941 2151 Episcopo
961 2092 1055 2136 reser-

19 2159 20 2222 ζ
62 2173 134 2240 vata,
156 2181 217 2224 non
237 2177 269 2222 se
290 2167 469 2240 praesentant
488 2157 586 2218 eidem
607 2165 763 2235 postquam
781 2157 1005 2228 convaluerint,
1025 2165 1056 2214 et

63 2247 171 2310 demum
192 2247 229 2307 ab
250 2243 390 2306 omnihus
415 2242 547 2302 censuris
571 2258 645 2320 quas
665 2240 801 2318 Episcopi
816 2240 873 2299 sibl
894 2250 1054 2302 reservant.

74 2332 210 2395 labbe.
220 2333 290 2396 215.

64 2331 72 2409 ι
95 2420 138 2479 sl.
150 2331 305 2498 Regulus-e}
319 2421 418 2477 autem
432 2413 521 2475 etiam
533 2407 688 2478 absolvere.
700 2421 822 2494 possunt
835 2412 922 2478 laicos
933 2417 950 2480 i
962 2418 1053 2499 Papa-

64 2501 131 2562 libus
149 2503 269 2563 occultis
285 2497 362 2581 (Lib.
382 2502 412 2560 7.
433 2518 467 2559 o.
485 2497 559 2576 uo),
574 2500 701 2578 exceptis
717 2518 767 2559 sex
787 2501 901 2562 casibus
924 2499 1053 2567 Claman-

65 2587 96 2647 tis
111 2590 193 2650 VIII.
208 2589 236 2669 (ll
250 2585 359 2668 quibus
382 2593 482 2646 tamen
500 2583 576 2644 benc
592 2594 714 2662 possunt
727 2585 878 2646 absolvere
898 2589 1052 2668 Episcopi,

63 2673 168 2749 quando
189 2682 259 2734 sunl
271 2670 390 2750 occulti)
403 2671 513 2730 scilicet
526 2669 556 2730 l.
570 2670 769 2729 Percussionis
784 2671 894 2731 cleriei.
905 2673 934 2731 2.
943 2674 1051 2734 Duelli.

63 2759 86 2817 5.
97 2758 263 2819 violationis
279 2755 475 2817 immunitatis
488 2753 698 2829 ecclesiastieae.
708 2756 739 2820 4,
751 2757 898 2819 Fracturae
912 2756 1055 2819 clausurae

19 2903 20 2910 ,
63 2843 233 2903 monialium.
248 2843 278 2904 u.
293 2841 434 2900 Simonias
451 2841 550 2900 realis.
562 2841 592 2899 6.
607 2839 748 2901 Simonias
762 2840 985 2902 confidencialis.
1000 2845 1054 2903 ra-

63 2927 142 2986 cultas
154 2929 232 2988 enim
245 2925 343 3005 quoad
353 2943 434 2985 casus
443 2925 578 3004 praefatos
587 2933 722 3004 respectu
736 2925 773 2984 ad
783 2926 932 3006 regulares
945 2926 1055 3006 degen-

63 3018 99 3070 tes
111 3021 189 3074 extra
201 3013 348 3086 Romam,
368 3017 398 3069 et
411 3009 489 3069 intra
502 3009 615 3070 {tollam
628 3054 636 3081 ,
653 3008 824 3087 ipraedieto
846 3008 988 3070 Pontiliee
1010 3021 1054 3071 ost

65 3095 99 3154 ais
109 3095 237 3175 expresse
249 3095 344 3155 ablata
357 3091 391 3174 (l.
406 3113 431 3155 c.
445 3113 477 3156 n.
495 3094 569 3174 aab.
580 3095 723 3168 Quamvis
734 3104 835 3154 autem
847 3105 994 3171 nequeant
1005 3115 1054 3158 re·

64 3181 163 3254 gularcs
178 3181 330 3242 absolvere
343 3180 431 3240 laicos
440 3179 457 3239 ia
467 3181 581 3240 casibus
593 3180 749 3241 reservatis
762 3179 799 3244 ab
813 3177 964 3258 Episcopis
975 3182 1052 3259 (Lib.

64 3263 88 3321 7.
99 3283 127 3324 a.
136 3265 208 3345 us),
224 3275 346 3346 possunt
366 3274 466 3325 tamen
478 3283 515 3325 ex
527 3260 719 3345 probabiliori
732 3263 877 3322 sententia
902 3264 1052 3327 absolvere

65 3344 77 3405 i
90 3350 234 3429 Papalibus
245 3349 402 3412 reservatis
415 3351 564 3430 Episcopis
574 3347 610 3428 (t.
625 3368 650 3408 c.
663 3368 696 3409 aa.
714 3349 788 3425 99·b
800 3350 927 3428 exceptis
936 3369 1053 3429 semper

65 3433 123 3494 vcrb
141 3455 189 3497 sex
206 3435 321 3497 casibus
341 3431 513 3510 Clementis,
525 3444 559 3495 ut
580 3432 679 3512 suprb.
694 3434 797 3506 Quoad
813 3435 947 3496 subditos
960 3435 1051 3505 verb,

67 3530 171 3590 possunt
188 3537 238 3582 eos
258 3521 409 3582 absolvere
429 3521 467 3598 ab
485 3519 626 3581 omnibus
646 3517 760 3577 casibus
775 3521 860 3596 Papae
876 3519 1051 3587 reservatis,

66 3601 137 3664 caiam
152 3605 296 3684 publicis,
313 3603 490 3683 etiamqueb
508 3603 623 3664 casibus
634 3600 722 3661 bullae
735 3603 849 3674 Coenae,
867 3600 994 3677 exceptis
1008 3617 1053 3659 re·
