2475 3975
144 174 184 237 di
427 166 542 231 Psonis
551 165 737 247 confessarii.
751 166 824 247 cop.
835 166 865 225 s.

144 276 219 353 quin
239 270 325 333 dolor
338 270 482 331 habentur
492 268 530 329 de
543 268 639 345 ulique
652 268 685 327 in
699 264 873 345 particulari
884 272 995 343 ‚prout
1005 266 1163 329 tenuimus

145 358 203 438 (lb.
220 356 300 419 Dub.
316 356 358 436 2.)
374 364 476 417 eontrr
495 352 693 431 quorumdem
707 352 902 431 opinionem,
914 350 999 411 troile
1020 361 1162 413 metuen-

145 444 217 503 dum
232 452 276 503 est
292 438 464 519 hujusmodi
487 438 684 498 consessiones
703 435 858 513 nonroges
873 452 956 511 esse,
976 444 1029 495 nut
1052 438 1162 498 soltem

146 527 300 588 invalidus.
323 528 399 586 lline
417 524 577 601 diligenter
593 530 706 599 sotogrt
722 520 914 581 wnlersorius
926 519 964 579 od
982 538 1045 581 uon
1059 522 1162 583 ubsol-

147 612 258 672 vendos
286 606 456 672 indistinete
478 608 550 667 telus
569 606 768 685 penitentes3
785 612 860 665 tune
881 605 1019 677 etenim,
1041 606 1161 671 etiarnsi

146 695 193 755 illi
208 697 267 756 sint
282 696 315 755 in
337 695 414 755 bonu
432 688 514 764 lide,
532 700 633 750 tumen
655 707 717 750 non
732 690 844 769 poterit
862 688 881 749 l
897 690 1053 769 sacrilegio
1068 708 1161 751 exeu-

147 781 223 852 sori‚
240 780 455 839 absolutionem
474 774 674 855 impertiendo
686 776 729 834 eis
745 776 797 853 qui
817 772 856 833 od
867 773 1084 835 obsolutiouem
1095 794 1160 836 uon

147 863 217 922 sotis
225 863 357 943 dispositi
374 860 502 940 judieori
515 868 650 939 possunt.
668 862 828 939 Propterea
843 868 946 935 curet,
967 859 994 919 si
1008 860 1160 938 preniten-

149 956 208 1007 lem
229 948 293 1007 sine
311 957 429 1027 peeeeto
447 946 512 1005 vult
524 945 697 1018 absolvere,
719 953 771 1005 out
782 960 853 1005 eum
873 942 1032 1021 disponere
1048 945 1087 1005 od
1102 945 1161 1006 do·

147 1031 271 1095 lendum
283 1032 448 1111 presertim
458 1030 497 1091 de
509 1031 608 1109 ulique
625 1031 682 1090 levi
702 1031 786 1109 eulpo
796 1026 836 1101 ‚d
852 1046 912 1106 quo
926 1029 979 1087 ille
987 1030 1081 1109 magis
1091 1028 1163 1090 bor

149 1126 214 1177 rent
228 1138 238 1195 ς
250 1128 302 1179 out
321 1119 349 1177 ei
366 1118 533 1186 insinuare,
551 1124 585 1175 ut
596 1112 772 1178 confitertur
788 1113 828 1174 de
843 1110 943 1191 oliduo
955 1117 1073 1193 poeeuto
1090 1134 1163 1193 gro·

149 1201 226 1262 viori
239 1202 307 1261 viter
317 1208 456 1260 unusne
479 1206 580 1259 eontro
608 1199 729 1277 aliquod
744 1207 927 1277 prereptum
941 1198 1063 1276 (suffieit
1075 1201 1162 1259 enim

150 1295 184 1346 ut
198 1284 374 1345 confitentur
395 1284 427 1344 in
444 1284 574 1363 pennoti
592 1282 703 1361 ubsque
729 1283 868 1359 numero)
885 1291 921 1342 ut
937 1282 1044 1343 habers
1064 1291 1163 1344 mote-

150 1370 225 1429 riam
242 1378 352 1430 eertum
379 1386 468 1449 super
496 1384 554 1447 qus
589 1368 680 1427 inniti
713 1369 806 1447 possit
832 1368 1002 1441 absolutio,
1025 1368 1163 1447 alioquin

149 1454 237 1513 etium
255 1454 326 1515 huie
351 1455 506 1533 poenitenti
533 1470 587 1533 per
616 1454 737 1532 aliquod
764 1462 882 1532 ternpus
902 1452 1021 1514 differri
1042 1462 1164 1533 oportet

44 1526 49 1549 '
150 1536 308 1599 absolutio.

189 1624 237 1683 72.
250 1625 322 1683 Dico
332 1620 517 1705 perubquod
530 1622 644 1704 ternpus
651 1668 661 1699 ,
675 1620 803 1701 eoquod
815 1621 953 1684 recidivis
964 1630 1025 1683 torn
1033 1624 1164 1699 leuium,

149 1707 238 1785 quum
249 1710 384 1787 gravium
401 1710 557 1787 onlpnrum
574 1722 635 1768 non
654 1716 699 1768 ost
716 1708 913 1769 neeeseuriunr
933 1707 1054 1769 differre
1070 1709 1165 1769 obso-

150 1792 296 1853 lotionem
336 1810 369 1853 er
391 1810 506 1867 sonos,
527 1803 578 1854 eut
592 1800 729 1867 menses,
745 1803 781 1855 ut
795 1794 885 1853 nimis
902 1792 999 1871 rigide
1011 1792 1164 1854 uultlue·

150 1878 241 1939 ninus
252 1878 306 1957 (V'
328 1922 336 1937 .
351 1874 374 1939 l.
387 1881 416 1939 6.
431 1896 463 1938 n.
487 1878 588 1957 465.),·
604 1880 656 1940 sed
671 1874 848 1958 regulariter
867 1880 937 1939 sotis
952 1878 1030 1952 erit,
1047 1883 1074 1939 sl
1089 1898 1164 1959 pee-

150 1972 248 2024 entum
258 1965 391 2044 procedit
404 1980 440 2025 ex
452 1964 610 2044 srugilitdte
620 1965 794 2038 intrinseco.
807 1964 911 2026 dilutio
923 1972 990 2025 oete
1000 1965 1047 2025 vel
1055 1964 1164 2027 deeenn
1226 2002 1227 2005 =

150 2047 268 2110 dierum
281 2093 289 2122 ‚
307 2047 396 2127 prodt
411 2051 453 2110 uit
473 2049 576 2109 doetus
588 2051 700 2110 Auetor
714 2050 796 2109 libri
808 2053 910 2112 Rome
919 2050 992 2110 editi
1004 2093 1013 2121 ‚
1025 2051 1074 2112 eui
1085 2053 1165 2112 titu-

150 2133 216 2207 lus,
231 2135 398 2196 Istruzione
406 2147 460 2216 per
472 2131 497 2194 ti
511 2131 619 2194 novelli
631 2131 792 2213 confierent
802 2134 901 2214 (Part.
909 2139 924 2196 l
932 2179 940 2194 .
949 2152 977 2196 e.
989 2137 1020 2194 9.
1032 2129 1065 2196 n.
1076 2138 1164 2214 dib),-

148 2218 287 2298 idemque
306 2219 378 2280 dielt
400 2223 510 2280 Auctor
524 2221 628 2280 libelli
654 2220 768 2297 ubique
785 2221 818 2279 ln
845 2212 929 2279 ltnlio
955 2221 1087 2301 ooeepti‚
1109 2226 1162 2283 eui

149 2305 272 2374 titulus,
286 2303 454 2363 Istrueione
464 2319 519 2382 per
529 2301 554 2363 tt
565 2299 674 2364 reouetlt'
686 2302 847 2384 eonsestori
856 2303 890 2365 di
902 2313 976 2366 terre
989 2304 1165 2388 ‚feetlteqqt

149 2388 237 2468 (Cup.
251 2390 281 2444 l.
292 2385 319 2464 S.
334 2387 389 2464 tn),
404 2389 456 2447 ubi
475 2399 529 2465 pru
545 2389 599 2448 boo
618 2391 753 2469 doctrino
765 2391 837 2451 etun
850 2389 1033 2452 budoutbtett
1045 2393 1164 2456 Hubert

149 2473 200 2548 (ln
212 2469 310 2529 Praei
322 2469 430 2530 Poenr't.
446 2478 485 2530 tr.
499 2474 528 2531 t.
545 2489 576 2553 p.
597 2473 884 2554 orttnoountque
898 2486 961 2536 esse
977 2479 1161 2540 ereessivnrn

149 2564 180 2615 et
199 2552 392 2632 periculosum
402 2555 576 2618 dilutionem
594 2559 725 2631 mensis,
744 2561 814 2637 quit
827 2561 893 2638 pbst
906 2570 1025 2622 tontum
1041 2560 1163 2642 tempus

149 2638 276 2700 difficilis
298 2639 433 2702 redditur
459 2641 572 2726 reditus
596 2643 766 2722 hujusmodi
788 2644 1008 2723 penitentium.
1024 2649 1061 2706 lit
1088 2646 1163 2713 huie

146 2723 260 2800 judicio
282 2725 360 2786 tsvet
382 2725 557 2788 Benedictus
585 2727 666 2788 xlv.
700 2729 731 2789 in
757 2727 850 2790 Bulla
878 2731 1071 2811 Apennino,
1105 2733 1161 2795 ubi

149 2811 273 2888 loquens
291 2810 329 2870 de
346 2811 548 2888 consessoriis,
568 2813 618 2892 qui
639 2811 697 2874 rite
714 2815 925 2892 penitentibus
943 2816 1162 2880 obsolutionem

148 2895 313 2967 differunt,
330 2896 372 2956 sio
390 2894 497 2956 deindo
517 2913 565 2957 eos
583 2906 685 2958 monet
701 2919 710 2955 ε
726 2891 800 2958 illos
811 2899 988 2980 quentoeitlt
1010 2895 1046 2962 u't
1062 2921 1162 2963 rever-

149 2987 255 3062 tentur
268 2979 415 3053 invitent,
429 2988 465 3040 ut
478 2979 518 3042 ud
531 2980 745 3043 sacramentale
761 2982 863 3063 forum
884 2983 1010 3066 reprendi
1018 3031 1026 3060 ,
1040 2986 1162 3049 obsolu-

148 3065 238 3126 tt'ens‘s
255 3065 389 3147 benefitio
406 3065 563 3127 donentur.
582 3069 658 3128 Noto
670 3069 782 3148 uerbo,
801 3060 1042 3148 puortloeidt,set
1053 3071 1163 3135 donen-

148 3157 208 3210 tur.
222 3151 266 3211 Ad
284 3164 434 3214 summum·
448 3152 536 3230 (dieo)
548 3151 594 3213 his
607 3152 721 3214 differri
735 3161 830 3232 potest
846 3155 991 3216 obs'olutio
1003 3161 1060 3237 pe'r
1069 3162 1161 3238 quin·

147 3234 263 3306 decim,
282 3245 333 3294 out
351 3237 456 3315 viginti
474 3237 548 3296 dies.
573 3237 631 3297 Sed
645 3239 781 3316 excipere
798 3250 916 3318 oportet
931 3241 1068 3320 illosqui
1084 3253 1161 3307 tern-

146 3337 218 3399 pore
240 3321 378 3398 precepti
395 3321 536 3398 pnscbolis
553 3323 760 3401 confitentum
777 3343 834 3404 pro
858 3326 921 3387 istis
938 3327 1020 3387 enim
1037 3329 1160 3407 majoris

146 3403 288 3483 temporis
303 3406 483 3481 experientia
505 3408 694 3486 requiritur,
718 3407 787 3470 edm
809 3411 887 3487 justu
909 3413 1041 3490 suspicio·
1054 3413 1159 3476 haberi
1226 3442 1227 3487 1

146 3489 261 3562 possit,
286 3487 366 3564 qubd
392 3488 423 3547 hi
447 3491 646 3554 obstineantd
672 3495 789 3574 relopsu
818 3495 916 3573 potitis
937 3502 972 3556 ut
1001 3515 1158 3560 censorum
1226 3512 1228 3549 ³

146 3567 305 3642 effugient,
326 3569 415 3644 qu'am
434 3587 556 3635 exuero
579 3581 734 3656 proposito
758 3580 894 3640 mutendi
910 3582 1013 3640 vitum.
1032 3582 1158 3659 Oportet
1226 3652 1227 3657 ἵ
