2475 3975
150 219 211 288 508
337 215 626 302 Epitomedoetriuoe
636 212 759 279 morolzis
775 211 964 278 normico

150 340 205 384 nec
218 319 306 384 aliter
321 319 411 402 quim
422 338 459 382 ex
475 319 534 382 illis
555 318 734 380 seutentiam
757 335 841 379 suam
856 316 933 378 ierat
945 323 1007 379 tam
1026 322 1169 398 respectu

150 407 316 482 doctrina,
334 405 422 487 quim
435 423 565 468 morum.

189 493 221 554 Si
233 495 265 554 in
280 511 347 554 casu
360 491 445 552 dictoe
459 487 664 569 appellationis
676 489 837 566 Episcopus
856 493 973 547 censeat
991 487 1170 567 significan·

152 577 225 640 dutn
234 577 327 656 iudici
340 575 546 655 appellationis
564 582 708 636 secretam
726 590 868 644 anunm,
891 571 931 632 ola
949 589 1041 649 quarn
1063 583 1169 634 motus

152 662 387 725 literitadaliuur
398 660 588 738 eligendum,
602 659 712 740 poterit
721 657 777 719 sub
786 656 891 729 oecreti
901 656 965 736 lege
977 657 1061 719 illam
1068 657 1169 737 judici

152 752 241 812 etiarn
256 767 310 827 per
322 749 423 808 literas
436 747 614 826 significans.

189 832 276 908 Quod
296 832 320 893 si
342 833 486 911 Episcopo
500 838 633 910 suspecta
649 829 690 890 sit
703 829 777 890 tides
795 827 905 907 judicis
919 827 957 888 de
973 836 1092 890 secreto
1113 829 1168 892 uto

152 915 326 1002 prodendo,
339 916 434 979 literis
451 917 512 978 suis
530 914 756 978 eademdelerat
777 914 810 975 S.
824 917 933 994 Oougr.
944 915 1069 980 concilii
1086 916 1167 976 Prac-

151 1004 239 1066 secto.

191 1087 287 1150 ludex
304 1085 533 1169 appellationis,
550 1083 671 1164 quaudo
681 1085 841 1164 appellatio
858 1083 895 1146 fit
917 1083 935 1144 d
952 1083 1033 1145 malo
1048 1081 1166 1160 judicio

152 1175 309 1254 Episcopi,
321 1191 372 1234 seu
386 1173 463 1234 malt
472 1172 616 1232 relatione
625 1172 863 1234 examinatorum
874 1214 883 1241 ‚
894 1185 1069 1248 cognoscere
1075 1170 1167 1231 debet

153 1277 214 1320 non
228 1259 326 1322 saltim
344 1257 383 1320 de
399 1256 556 1330 doctrine,
568 1254 622 1316 sed
645 1255 736 1318 etiam
749 1255 789 1317 de
807 1254 923 1317 ceteris
940 1252 1062 1315 dotibus
1077 1255 1164 1317 electi

153 1344 192 1404 ab
205 1345 307 1423 Episco
329 1363 359 1408 o.
878 1396 882 1400 .

191 1431 222 1490 Si
230 1363 339 1506 judicis
350 1428 554 1510 appellationis
565 1427 710 1492 sententia
720 1426 881 1489 conformis
889 1428 928 1487 sit
936 1427 1075 1489 electioni
1086 1427 1166 1506 epis-

153 1515 267 1592 copali,
290 1525 362 1575 tuuc
377 1517 416 1576 ab
443 1515 642 1593 appellatione
659 1512 795 1574 ulteriori
813 1511 985 1572 cessandum
1003 1521 1060 1573 est.
1074 1512 1166 1574 Sectis

152 1597 224 1658 verti
236 1599 261 1657 si
275 1599 432 1668 acciderit,
446 1601 516 1660 licet
529 1599 684 1678 preelecta
705 1597 864 1675 episcopali
881 1595 1011 1659 secuudd
1025 1606 1057 1656 et
1073 1598 1167 1659 tertid

152 1683 311 1762 appellare.
326 1682 456 1746 Dauniam
467 1685 516 1746 cui
535 1685 602 1748 duae
610 1683 775 1746 conformes
783 1683 1104 1761 assistuutseuteutiae,
1115 1685 1166 1750 itte
1225 1752 1226 1759 χ

152 1766 414 1830 rictorlrabeatur'.
1225 1766 1226 1773 '

191 1853 223 1912 Si
238 1852 310 1914 verd
324 1853 502 1918 beneficium
515 1861 671 1929 curatum,
684 1852 812 1934 dignitas
823 1861 853 1917 et
863 1854 1050 1916 canonicatus
1061 1850 1079 1913 d
1091 1853 1167 1916 Sede
1225 1858 1226 1919 3

152 1939 312 2020 apostolici
327 1942 538 2005 conferendum
548 1943 605 2016 sit,
619 1949 692 2003 tunc
702 1958 861 2003 concursus
872 1957 932 2003 uon
943 1939 1094 2019 expectati
1106 1940 1166 2002 ulli

153 2024 399 2087 Pontificisvenid
410 2071 419 2099 ‚
431 2026 468 2085 ab
481 2027 624 2103 Episcopo
636 2025 796 2085 indicatur.
811 2026 882 2086 Atsi
896 2024 1168 2087 beneficiumcura·

152 2118 219 2171 tum
241 2112 299 2184 sit,
314 2119 345 2172 et
358 2117 541 2171 reservatum
568 2111 607 2171 sit
624 2108 833 2172 tantummodo
856 2111 973 2171 ratione
997 2112 1167 2186 mensium,

153 2196 314 2278 Episcopus
326 2198 415 2277 eligat
428 2196 521 2276 magis
535 2196 677 2259 idoneum
690 2241 699 2270 ,
711 2204 742 2257 et
757 2196 844 2257 illum
859 2196 985 2256 Datariae
997 2195 1166 2275 significet,

153 2284 201 2343 cui
218 2294 279 2345 acta
294 2302 472 2356 concursus,
491 2284 549 2344 uisi
560 2284 772 2361 requirantur,
783 2300 845 2343 uon
860 2290 980 2341 tenetur
992 2281 1165 2345 transferre.

153 2368 291 2429 Vicissim
312 2370 468 2428 transierat
488 2370 538 2428 ills
554 2413 562 2442 ‚
581 2379 612 2430 et
636 2368 795 2449 suspendat
817 2366 970 2428 inferendo
983 2364 1118 2445 iudicio,
1140 2370 1167 2431 si

152 2452 312 2511 reservatio
329 2469 365 2509 ex
384 2452 442 2511 alio
465 2452 570 2531 quovis
583 2454 679 2537 capite
699 2454 747 2513 sit.
763 2452 874 2516 licebit
899 2460 999 2512 tamen
1018 2451 1165 2531 Episcopo

152 2534 328 2597 denuntiare
341 2533 442 2609 illum,
465 2538 554 2615 quem
567 2537 662 2597 credit
672 2538 765 2615 magis
779 2537 920 2597 idoneum
931 2536 994 2595 lore
1006 2533 1165 2611 beneficio,

152 2623 229 2685 sicut
250 2622 319 2682 etsi
342 2621 430 2683 elicui
444 2622 557 2684 occulta
571 2623 671 2701 aliqua
699 2640 783 2682 causa
804 2622 903 2696 obsit,
922 2636 961 2681 ue
985 2618 1164 2683 beneficium

154 2705 389 2771 abrincatum.
824 2726 827 2731 ·

514 2855 807 2949 conressutuus..

191 3044 366 3107 confessarii
387 3042 499 3106 temeri
517 3043 734 3123 interrogantes
753 3044 930 3123 poeuitentes
943 3062 1011 3105 suos
1034 3041 1161 3106 desocio

152 3130 303 3206 criminis,
320 3131 453 3209 alioquin
465 3130 643 3209 denegantes
659 3129 894 3203 absolutionem,
906 3130 1105 3210 suspensionis
1123 3130 1161 3192 alr

152 3214 249 3276 officio
266 3236 420 3280 censuram
443 3217 597 3278 sententies
615 3215 744 3277 serendae
761 3217 941 3289 incurrunt,
955 3225 1077 3294 peccaut
1093 3235 1159 3294 gra·

152 3300 246 3367 viter,
264 3310 294 3359 et
308 3312 378 3361 suut
394 3300 610 3375 denuntiandi,
625 3302 649 3361 si
665 3301 782 3379 agnosci
795 3303 903 3380 possit,
922 3302 988 3361 illos
1007 3299 1084 3362 hanc
1103 3302 1158 3362 sibi

152 3382 267 3459 praxim
288 3390 441 3459 tamquam
459 3386 572 3445 licitam
591 3387 738 3445 statuisse.
756 3386 837 3445 Sicut
857 3386 946 3445 ctiam
967 3385 1157 3447 denuntiandi

150 3469 239 3531 sunt,
257 3462 308 3538 qui
325 3464 356 3522 id
377 3466 467 3526 liedre
481 3468 601 3529 docent.
616 3464 776 3530 ltaBencd.
791 3470 883 3532 XIV.
902 3470 934 3529 in
944 3471 1157 3531 Constitutione

148 3538 197 3594 Ad
214 3542 446 3615 eradicandum,
460 3558 517 3609 etc.
543 3554 587 3611 lbi
607 3554 698 3613 etium
722 3552 858 3624 additur,
877 3554 1054 3629 poenitentes
1069 3553 1155 3627 illos,

148 3626 223 3683 (1⁰⁰⁵
237 3620 275 3677 ad
298 3624 486 3698 prodendum
507 3636 631 3695 numina
649 3636 826 3713 complicum
844 3636 1035 3698 cuuloesarius
1053 3636 1155 3718 adege-
