2475 3975
272 157 856 243 s.1.1)epaa·ta‚atotasaeoataa‚ae.
1035 168 1076 231 m

70 264 124 326 liae
137 261 300 327 difficulter
311 260 414 323 habiri
425 260 551 339 potasti
570 262 671 337 pueris
679 263 730 340 qui
742 264 871 341 perlecto
883 282 938 326 usu
950 268 1075 328 rationis

71 360 174 411 carent.
187 350 225 409 lit
238 346 432 427 probabiliter
440 346 538 423 plures
546 346 720 408 Dl).dieunt
729 346 775 426 (L.
790 367 816 408 c.
828 367 861 409 n.
873 350 1074 431 dimiafioe.)

72 432 142 512 quiid
153 434 241 514 pueri
259 432 309 493 isti
323 428 414 491 dubie
441 429 575 509 dispositi
599 431 710 491 absolvi
723 440 847 509 possunt
865 432 980 511 (saitem
1007 444 1075 513 post

72 520 137 579 duos
148 522 199 583 vel
214 528 275 579 tres
287 515 414 593 menses)
428 516 484 577 sub
496 516 684 589 conditione,
697 517 765 580 licit
777 518 837 579 sola
849 520 975 580 venialia
986 520 1072 581 aller·

71 612 151 678 rent,
171 622 210 666 ne
221 610 341 665 careant
353 600 405 661 diir
417 602 511 679 gratia
526 603 730 663 sacramentali
743 647 752 674 ‚
772 614 802 664 et
818 603 897 665 sorte
908 606 998 665 ctiam
1011 623 1075 666 son·

72 690 228 763 ccidente,
251 688 276 747 si
297 685 375 747 iuste
397 686 525 764 aliquam
556 705 677 765 gravem
695 690 811 767 culpam
831 687 977 751 haberent
1003 689 1074 767 ipsis

72 774 217 833 occultam.
231 772 355 849 Oportet
368 779 467 831 autern
484 789 607 843 curare,
628 781 661 831 ut
681 770 712 832 hi
727 776 811 852 pueri
833 774 953 836 eliciant
975 783 1072 835 aetum

73 856 175 918 doloris
199 854 396 917 necessarium
420 855 458 915 ad
480 855 698 933 suscipiendam
726 858 963 930 amolitionem,
983 857 1073 919 modo

73 949 197 1019 respectu
221 942 354 1019 ipsorum
372 938 466 1016 magis
483 940 609 1016 proprio
627 982 636 1010 ,
657 942 784 1017 exempli
806 945 924 1020 gratita
946 944 1074 1003 Ameana

74 1028 160 1085 mam
172 1044 225 1107 qiu
238 1031 281 1085 est
291 1023 440 1084 Dratinus
455 1032 524 1085 taus
538 1031 601 1085 tam
613 1043 761 1103 magicus,
774 1033 803 1085 et
821 1033 885 1085 tom
898 1025 1006 1099 bonus,
1020 1024 1075 1103 qui

75 1118 97 1168 te
107 1110 230 1187 deecit,
240 1127 296 1190 pro
312 1115 338 1169 te
348 1116 392 1169 eat
409 1117 559 1185 inertum,
576 1116 648 1170 ete?
660 1112 749 1171 Hune
760 1114 857 1171 Deam
869 1117 903 1171 tu
914 1107 1072 1188 offendisti.

74 1190 519 1274 lpsetiliioem'omdorevuit‚et
531 1201 676 1276 mopere,
705 1192 1075 1277 oddpmpteraonpuinem

74 1280 139 1337 icae
151 1278 261 1340 Christi
270 1274 343 1339 Filii
354 1276 404 1338 aui
416 1275 471 1339 tibi
486 1280 629 1359 ignoscat.
711 1289 823 1361 oportet
841 1280 979 1359 penitere.
994 1275 1075 1353 Quid

75 1361 140 1423 ilicis
148 1370 164 1423 t
172 1363 291 1443 penitet
300 1370 325 1423 te
337 1380 417 1421 nunc
428 1380 494 1422 cum
506 1363 659 1442 offendisse
669 1408 677 1434 ‚
689 1372 743 1425 ele.
756 1366 828 1425 Istis
843 1362 985 1442 injuriis,
998 1379 1074 1443 quea

75 1450 132 1510 Deo
139 1449 286 1531 irrogasti,
299 1448 356 1509 eois
363 1447 441 1527 quiid
448 1446 601 1529 infernum
616 1447 905 1529 marciatiMimlieet
922 1447 976 1509 tibi
995 1439 1074 1527 qaid

76 1536 150 1615 ipses
157 1535 444 1599 commiseramus
452 1554 543 1611 meus,
554 1555 711 1617 nunquam
722 1533 852 1617 emptitia
862 1533 928 1595 volo
942 1543 967 1594 te
982 1535 1072 1615 offen·

76 1620 387 1693 dere,ete.Poeuitentia
395 1630 494 1681 autem
505 1620 551 1681 his
559 1623 659 1699 pueris
667 1621 850 1700 injungenda
860 1620 1072 1696 levissitquan·

27 1720 29 1723 ·
76 1704 211 1766 adinton
231 1714 349 1786 potest3
367 1714 397 1765 et
420 1705 585 1767 curandum
604 1749 613 1781 ‚
632 1713 668 1764 ut
688 1707 737 1765 illa
755 1706 793 1765 ab
807 1707 876 1782 ipsis
896 1700 1071 1782 quantociuis

76 1790 231 1869 impleatur,
246 1790 378 1867 alioquin
391 1801 443 1850 aut
453 1808 517 1851 eam
526 1789 754 1865 obliviscentur,
765 1799 817 1849 aut
826 1789 1072 1850 omittent.Curet

78 1875 155 1936 etiam
176 1876 368 1936 confessarius
393 1874 573 1954 magnopere
593 1876 694 1952 pueris
716 1875 866 1933 insinuare
884 1873 1071 1934 devotionem

78 1976 135 2040 erga
147 1962 319 2040 Deiparam‚
339 1970 431 2038 utque
445 1966 571 2022 recitent
581 1960 715 2039 quotidie
728 1960 903 2035 llusarium,
915 1968 945 2018 et
959 1959 1072 2017 lerdve

78 2046 152 2106 mand
163 2055 192 2107 ct
205 2045 271 2108 seri
283 2089 292 2118 ‚
306 2063 424 2124 semper
435 2045 511 2108 hunc
522 2065 640 2124 precem
653 2045 841 2125 adjungendo
855 2067 864 2104 a
879 2047 979 2106 Maur
989 2059 1069 2115 naeu,

79 2126 157 2192 lolem
167 2135 244 2193 med
259 2138 375 2212 peccato
390 2129 524 2190 mortali.

108 2217 151 2276 et.
174 2217 255 2278 Circa
271 2214 344 2276 verit
363 2225 473 2277 statum
494 2215 531 2274 ab
554 2215 655 2292 aliquo
678 2213 861 2275 adolescente
882 2209 1068 2289 eligendum,

79 2316 127 2360 non
141 2302 243 2361 audeat
269 2300 460 2362 confessarius
479 2300 564 2358 illum
583 2301 610 2358 ei
630 2299 852 2370 determinare,
875 2297 926 2357 sed
954 2294 1072 2360 tantaim

79 2387 226 2446 uindiciis
238 2395 322 2446 curet
338 2385 461 2446 suadere
480 2395 589 2446 statum
614 2385 726 2457 illum,
746 2384 783 2444 ad
800 2401 891 2462 quem
907 2381 1071 2462 prudenter

77 2468 191 2544 judicare
209 2478 307 2549 potest
327 2472 424 2550 ipsum
436 2470 452 2530 ia
466 2474 528 2531 Deo
540 2472 649 2532 vocari.
664 2472 830 2531 Praescrtim
845 2515 854 2541 ‚
872 2467 1020 2548 loquendo
1034 2466 1072 2526 de

78 2556 106 2613 iis
128 2555 176 2634 qui
197 2557 371 2634 religionem
399 2556 512 2634 ingredi
533 2557 663 2629 volunt,
685 2565 754 2616 ante
772 2555 872 2614 omnia
897 2562 980 2612 curet
999 2570 1070 2610 con·

77 2641 195 2700 [escarius
222 2639 518 2719 bene-ponderare,
549 2642 581 2700 in
604 2643 722 2719 qualem
754 2640 929 2717 religionem
953 2635 1069 2714 ingredi

78 2725 205 2802 cupiant3
227 2743 297 2785 nam
319 2728 343 2786 si
372 2744 504 2804 unquam
525 2726 699 2785 institutum
721 2723 796 2784 illud
819 2724 982 2784 relaxatum
1005 2727 1069 2792 est,

78 2807 171 2870 melida
190 2811 247 2870 erit
269 2810 356 2870 alicui
376 2809 538 2890 (ordinarie
557 2810 717 2888 loquendo)
733 2820 767 2870 ut
790 2810 823 2868 in
843 2809 949 2868 saeeulo
972 2821 1069 2865 rema-

79 2903 155 2972 neat3
173 2913 241 2956 uam
260 2895 304 2955 illi
318 2913 350 2954 se
371 2894 556 2975 aggregando
582 2895 645 2972 ipse
668 2913 699 2955 se
718 2905 801 2971 geret
815 2894 890 2953 sieut
911 2911 943 2952 sc
961 2895 1068 2968 gerunt

79 2980 136 3053 alii,
157 2990 186 3042 et
204 2999 311 3060 perum
324 2981 399 3042 illud
421 2983 490 3042 boni
506 2979 584 3059 quud
605 2980 688 3059 priris
702 2979 924 3058 exequebatur,
942 2975 980 3034 de
993 2973 1071 3034 sacili

81 3064 106 3123 in
123 3065 169 3125 tali
194 3067 340 3144 religione
366 3068 514 3146 negliget,
542 3063 705 3126 ut'miscrd
735 3065 871 3144 pluribus
896 3060 1010 3120 accidit.
1033 3061 1070 3119 Et

81 3149 207 3228 precipue
227 3167 368 3228 magnum
385 3151 558 3230 scrupulum
573 3151 629 3210 sibi
644 3151 730 3210 sociat
753 3147 967 3219 confessarius,
991 3145 1016 3205 si
1032 3143 1070 3203 ad

83 3232 292 3295 insinuationem
314 3236 550 3317 propinquorum
572 3235 692 3294 suadeat
707 3232 812 3310 juveni
831 3233 900 3304 illi,
924 3240 958 3290 ut
978 3230 1070 3290 intret

83 3315 107 3374 in
128 3319 255 3398 aliquam·
274 3319 445 3396 hujusmodi
474 3321 729 3382 inobservantium
755 3319 1011 3379 communitatum.
1037 3312 1069 3372 si

83 3406 163 3464 tumen
174 3405 278 3485 religia
290 3407 475 3467 observantia
490 3406 599 3478 floret,
616 3405 807 3465 confessarius
826 3404 1008 3465 vocationem
1022 3398 1068 3456 sui

83 3489 233 3561 penitentia
253 3490 329 3550 bend
351 3491 474 3569 probet,
498 3489 677 3569 inquirendo
689 3491 714 3550 ai
727 3490 764 3550 ad
777 3490 859 3550 illam
875 3487 981 3546 habeat
1002 3501 1066 3559 pm·

82 3572 161 3636 amns
175 3575 424 3658 impedimentum
438 3577 557 3657 aliquod
577 3573 790 3656 inhabilitatis,
811 3573 938 3634 infirmae
954 3570 1067 3630 valetu-
