2475 3975
151 184 191 249 ll
439 183 551 249 Pracis
566 180 751 263 mosanarii.
761 182 837 263 Cap.
849 181 880 243 7.

155 294 259 365 gerent
275 286 333 349 hoc
351 286 460 349 modo:
476 285 559 367 Dopi
567 281 668 345 ceorla
689 300 850 345 eommosm
871 282 913 346 ad
938 282 1018 367 empy'
1043 284 1167 365 offelli,

155 366 354 435 anancaeo
372 370 558 435 recremento
575 367 606 431 la
616 366 722 448 linquo
734 364 792 427 alle
801 364 994 430 maledizioni
1008 367 1083 432 delle
1103 389 1166 434 rose

154 454 209 535 piis
225 464 331 535 sante,·
348 456 383 519 ed
396 454 455 518 alie
466 453 541 518 nolte
555 453 584 517 si
593 455 749 515 mraicaao
767 448 841 513 delle
858 470 910 513 sae
931 454 1083 534 marcipor
1101 460 1165 537 pit·

155 547 218 602 tore
234 561 254 603 a
272 549 352 603 terra
368 539 530 623 medaylie,
545 557 560 601 e
573 536 644 601 libri
651 536 743 619 scari.
754 536 809 616 (l.)
822 538 936 600 Deinde
959 541 1051 601 relect
1069 542 1164 603 verba

154 624 286 702 ejusdem
299 627 546 697 sanctimonialis,
565 644 632 703 quse
650 640 734 683 suam
751 640 891 685 enarrans
908 642 1028 703 paenam
1049 628 1092 685 sic
1109 644 1166 687 suo

155 711 298 773 Direetori
311 712 473 773 scribebam
491 712 553 773 Coa
569 717 673 789 qaeeta
683 705 789 789 linoae
806 718 983 789 consecrata
998 715 1068 792 opni
1085 719 1167 773 mat-

155 794 221 856 tiae
238 792 291 855 alal
308 804 436 857 centollo
453 794 484 857 tlt
504 794 582 859 aaa
607 792 703 855 Crista
720 792 749 854 io
768 791 856 856 allia
874 792 927 872 poi
946 796 966 856 d
983 792 1166 857 maledicio?

154 880 199 940 mi
213 888 295 942 seam
309 881 439 955 morire,
456 879 561 945 lescle
579 876 655 960 sassi
669 897 760 940 sensa
775 888 902 959 peccato.
916 882 957 941 le
972 877 1168 943 malediziaai

154 965 281 1027 variano
298 966 419 1029 secondo
439 964 642 1035 lesalennitci,
661 961 836 1045 proferendo
850 963 1012 1026 monetatis
1021 963 1165 1043 eretimli,

155 1051 290 1132 amanda
304 1052 318 1113 i
326 1052 441 1135 mestcrj
452 1050 619 1115 sacrosanti
630 1068 671 1111 ee.
686 1050 752 1129 (2).
764 1049 846 1111 ldem
856 1050 1062 1113 dicendomde
1071 1052 1169 1113 altem

156 1140 359 1219 propositione
371 1142 419 1199 to.
443 1134 599 1199 Michaelis
619 1131 771 1210 Melinos,-
783 1152 891 1213 nempe
908 1134 990 1214 qood
1008 1136 1048 1197 sit
1066 1136 1166 1211 falso,

155 1232 187 1283 et
201 1224 322 1299 insuper
332 1223 514 1291 scandaloso,
529 1220 602 1279 dum
615 1219 673 1279 too
693 1236 752 1279 non
775 1219 908 1297 loquitor
927 1221 965 1281 de
975 1221 1164 1299 pollutione,

155 1307 205 1367 sed
220 1305 335 1367 tantdm
347 1307 440 1367 dicit:
456 1308 527 1367 Moe
546 1320 655 1385 posses
671 1320 740 1365 sata
757 1302 865 1386 absqae
881 1304 1039 1384 iniquitate
1054 1325 1168 1370 manas

155 1407 226 1451 meo
238 1435 246 1459 ,
258 1390 323 1451 cira
347 1389 482 1455 haberent
503 1388 632 1451 aeaeae
649 1388 690 1449 at
708 1392 808 1449 Deam
821 1407 927 1469 prens.
948 1388 1017 1453 loir.
1041 1392 1090 1452 ts.
1115 1393 1164 1452 ts.
1225 1431 1226 1440 .

155 1475 289 1553 Explicat
303 1474 488 1539 Malaendac
505 1474 600 1551 Qaasi
610 1472 708 1545 dicat,
723 1472 786 1537 tac
797 1482 939 1535 renerent
960 1474 1037 1537 milti
1055 1485 1167 1556 pentec·

154 1557 273 1639 catpan
286 1578 401 1623 meant.-
413 1566 449 1623 lit
460 1559 633 1623 Menochins
645 1557 741 1621 :Gelae
748 1576 858 1620 monus
869 1557 1169 1639 capptiaeeadtteaaa

155 1640 314 1717 savorem,
337 1662 514 1725 qaasneqae
531 1645 766 1725 capiemusque
784 1640 844 1705 alio
863 1642 966 1705 scelere
977 1649 1165 1707 cantamina·

155 1746 267 1791 aeram.
288 1732 421 1810 Repeto,
439 1731 512 1809 quid
529 1730 567 1791 ad
583 1728 646 1789 hec
669 1730 798 1808 pertinet
816 1729 958 1807 pollutio,
975 1738 1007 1790 et
1024 1730 1167 1791 violentia

156 1816 323 1878 doemonisl
342 1836 380 1879 eo
399 1836 489 1897 quam
502 1818 580 1877 salsae
599 1826 685 1876 erant
695 1813 762 1875 dae
774 1816 989 1894 propositiones
1003 1816 1125 1878 relatas!
1154 1869 1157 1877 .

195 1902 252 1963 Sed
264 1904 360 1981 quoad
373 1904 589 1984 propositiones
601 1902 691 1976 istas,
711 1901 863 1979 responsio
882 1902 975 1979 magis
994 1901 1116 1979 propria
1137 1910 1168 1963 et

156 1990 333 2051 convincens
346 1989 408 2051 haec
422 2000 475 2050 est.
487 1988 706 2068 Propositiones
719 1984 916 2065 proscriptas,
931 2005 1018 2047 nemo
1035 1988 1164 2065 ignorat,
1227 2062 1228 2065 Ἴ

156 2075 361 2156 intelligendas
371 2074 526 2152 essejaxtn
535 2091 653 2134 sensum
664 2072 793 2132 auctoris
803 2073 855 2149 qui
865 2090 914 2132 eas
931 2072 1068 2150 protulit.
1078 2073 1167 2145 Quae·
1227 2080 1228 2121 ἓ

156 2161 227 2222 dam
242 2158 391 2236 Qttesnelli
400 2158 613 2241 propositiones
633 2157 774 2218 ridentur
793 2158 891 2235 prima
905 2157 1014 2218 intuitu
1029 2174 1124 2234 aequee
1136 2169 1167 2220 ct

156 2258 283 2321 sanctae,
302 2259 432 2310 attamen
446 2247 530 2326 juxto
547 2245 628 2308 illius
647 2261 767 2304 sensnm
790 2249 861 2302 sont
878 2260 1033 2322 perverse.
1049 2243 1093 2303 Ex
1116 2263 1164 2324 gr.

157 2333 279 2410 Propos.
297 2336 346 2392 50.
363 2334 405 2391 sic
418 2332 508 2390 dicit:
523 2334 630 2392 oannes
642 2345 717 2410 qnos
729 2324 1167 2407 Deasaeltsalaarepercltri·

155 2423 235 2476 stam
261 2413 420 2475 salvantur
435 2411 648 2492 infallibiliter.
667 2416 734 2473 llaec
747 2411 908 2491 propositio
926 2413 960 2472 in
980 2430 1068 2474 sensu
1082 2420 1165 2473 reeta

156 2507 186 2558 et
199 2496 342 2558 catholico
359 2506 478 2558 tenetur
493 2499 531 2558 ab
544 2499 703 2568 omnibns,
726 2498 779 2575 qui
796 2505 984 2576 propugnant
1002 2516 1057 2576 pro
1069 2498 1165 2576 gratia

156 2583 264 2644 efficaci
285 2583 322 2644 nb
343 2584 501 2644 intrinseco
514 2605 523 2660 ς
537 2583 588 2644 sed
609 2584 747 2643 damnata
768 2582 867 2642 estin
888 2599 975 2644 senso
992 2579 1144 2658 Qnasttalli
1155 2625 1164 2655 ,

157 2687 264 2748 nempe
275 2668 356 2748 qudd
370 2671 448 2730 Deos
463 2670 535 2730 velit
555 2667 674 2730 tannim
686 2667 812 2729 salntem
827 2667 1114 2746 praedestinatorum.
1128 2669 1166 2728 Et

157 2755 198 2814 sie
212 2755 370 2815 dicendum
384 2754 535 2816 damnatas
549 2757 638 2814 etiam
655 2770 717 2814 esse
734 2753 950 2830 propositiones
965 2753 1072 2812 relatas
1085 2755 1126 2814 ll
1135 2761 1167 2814 et

156 2842 205 2901 ts.
221 2837 375 2902 Michaelis
388 2836 529 2902 Maliacas.
550 2842 646 2916 liujus
663 2838 747 2916 impii
765 2847 893 2916 systema
914 2837 1067 2911 hocerat,
1084 2837 1165 2919 quod

156 2927 224 2990 adm
239 2945 363 3008 persona
375 2925 542 2986 libertatem
556 2937 644 2986 suam
660 2926 721 2986 ileo
739 2923 884 2998 donaret,
907 2941 968 2986 non
989 2924 1079 2988 debet
1102 2943 1165 2985 am·

186 3133 217 3190 (l)
227 3133 257 3178 ta
264 3138 298 3179 ert
309 3149 315 3176 t
327 3133 450 3192 Postquam
468 3127 545 3188 impiis
554 3124 640 3173 mentis
649 3123 774 3171 affectibus
791 3137 843 3172 eam
859 3133 1048 3180 commoverant,
1061 3125 1164 3186 linguent

156 3197 230 3254 ipsios
247 3194 359 3244 celeriter
370 3195 493 3244 movebant
507 3193 537 3240 ed
548 3191 733 3239 maledicendum
755 3192 827 3240 rebus
846 3194 946 3238 maimo
964 3192 1037 3240 sacris
1048 3206 1077 3238 ce
1087 3207 1165 3253 qnae·

157 3263 234 3321 daque
244 3263 350 3308 manibus
365 3263 494 3309 utebantur
508 3261 537 3308 nd
557 3258 702 3320 projicienda
718 3259 857 3306 numismata
872 3260 993 3318 librosque
1007 3272 1097 3304 saeros.

185 3329 216 3385 (2)
229 3327 257 3370 te
268 3333 302 3371 est
312 3345 320 3370 .·
332 3327 379 3372 Hae
397 3331 450 3372 met
463 3327 553 3386 lingui,
565 3340 616 3386 quae
631 3323 738 3384 quotidie
755 3339 858 3386 corpore
868 3325 924 3370 lesu
940 3323 1027 3372 Christi
1044 3332 1163 3378 sacrator,

157 3388 212 3434 hnic
226 3388 368 3434 maledicere
378 3390 505 3436 debet-emi
518 3389 603 3436 Videor
616 3389 673 3436 mibi
684 3387 765 3434 subire
775 3399 889 3442 mortem,
901 3389 1005 3449 quamvis
1016 3388 1060 3434 aim
1075 3391 1165 3449 absque

157 3461 262 3510 peccato.
274 3451 451 3498 Maledictiones
468 3456 517 3500 istae
533 3455 625 3502 variant
640 3467 684 3514 pro
694 3453 842 3501 solemnitate
856 3456 964 3508 damam,
975 3455 1044 3500 modi
1055 3454 1164 3515 blasphe-

158 3517 208 3560 mie
219 3515 361 3564 latereticslet
373 3515 541 3577 proles-antur,
552 3521 619 3568 modo
629 3517 774 3569 sanctissime
786 3529 904 3580 metator
914 3520 1025 3580 mysteria
1036 3517 1147 3568 fideietc.

968 3610 1035 3658 sctit.
