2475 3975
244 186 247 192 ’
361 186 388 270 §-
403 185 626 249 llMonitoad
640 184 789 266 parochos.
1025 190 1082 252 665

78 294 163 358 6666,
180 279 363 363 precedente
385 278 483 340 debita
504 279 595 339 animi
616 279 856 358 praeparatione,
873 286 904 341 ct
920 281 1081 361 gratiarum

8 436 9 445 ,
77 377 240 440 actionibus
253 393 318 437 6666
331 373 594 473 cpnsequentibus,
609 390 664 450 per
675 372 846 433 exercitium
860 380 976 435 actuum
991 376 1080 449 fidei,

77 460 248 535 eharitatis,
265 458 354 521 ablat'
333 458 441 529 tronis,
457 466 487 517 et
507 457 679 537 petitionis,
700 472 750 519 eas
771 455 902 519 docendo
922 461 1081 550 practicam

77 548 220 619 madum,
237 563 297 623 quo
317 542 349 603 hi
371 550 452 603 aetus
472 541 537 603 lieri
559 540 697 601 debeant.

115 634 183 694 666.
195 629 332 707 invigilet
348 628 396 688 65.
411 625 487 704 sepe
506 625 630 686 reddere
645 644 712 686 suas
731 643 799 688 oves
810 645 879 707 erga
895 626 1082 689 devotionem

75 717 175 780 llinriae
187 714 321 792 Virginis
342 710 504 783 studiosas,
526 710 702 771 declarando
722 722 830 809 quanta
850 712 889 773 sit
910 712 1039 792 potentia
1052 721 1083 774 et

75 798 275 863 misericordia
295 795 384 873 hujus
399 794 508 855 divinae
521 795 651 854 lintris
641 812 674 853 66
692 796 752 853 6666
767 796 879 856 devotis
895 795 1080 872 adjuvandis.

75 884 164 963 idcdq
167 901 204 944 66
223 882 369 953 insinuet,
384 880 443 939 ut
435 898 467 940 66
481 879 633 939 communi
652 896 720 937 eum
736 878 846 937 inmitia
864 880 995 957 quotidie
1007 882 1083 942 reei-

73 978 137 1030 tent
146 904 290 1046 qquinque
308 963 430 1025 decades
449 964 584 1034 Rosarii‚
604 970 639 1021 ut
654 960 808 1023 Sabbata
796 961 951 1039 jejunent,
965 975 995 1025 ct
1007 968 1082 1027 ceie-

6 1046 7 1083 6
73 1054 163 1114 666666
181 1048 345 1113 Novenas
336 1066 367 1108 66
390 1046 598 1108 festivitatibus
626 1054 735 1105 nastrae
754 1045 907 1119 Domine,
929 1066 1002 1124 qaas
1020 1052 1084 1129 ipse

5 1166 7 1177 v
73 1138 109 1198 ab
130 1135 216 1197 altari
236 1134 414 1233 annuntiet,
432 1132 676 1210 quotiescumque
694 1130 752 1189 illae
770 1130 912 1191 incident
916 1132 1008 1192 Valde
1019 1135 1084 1194 lau-

74 1222 173 1282 dabile
192 1220 268 1292 erit,
281 1220 305 1279 si
318 1220 349 1278 in
362 1215 489 1277 Sabbata
507 1217 557 1277 6666
571 1214 795 1276 conciunculam
809 1215 916 1275 iaceret
929 1216 967 1276 de
979 1219 1084 1279 uuir-

74 1308 163 1385 gine,
181 1322 297 1382 semper
314 1301 462 1362 narranda
474 1300 595 1379 aliquod
613 1300 799 1377 exemplum,
814 1308 844 1359 66
856 1301 946 1361 semel
960 1300 991 1362 in
1003 1322 1083 1366 auno

73 1389 250 1452 celebrando
264 1392 414 1448 Novenam
427 1386 556 1463 aliquam
570 1386 731 1446 solemnem
744 1392 853 1444 nostrae
869 1387 1004 1448 Domine
1015 1408 1083 1451 eum

73 1492 229 1551 sermone,
249 1480 279 1533 66
296 1471 478 1553 expositione
493 1472 544 1530 SS.
556 1469 754 1545 Sacramenti3
767 1477 795 1528 et
809 1469 845 1528 ad
859 1469 915 1529 hoe
929 1474 1026 1551 utipo
988 1482 1084 1632 peqat

5 1622 6 1625 ,
73 1562 155 1621 66666
173 1568 292 1619 caeteros
309 1559 361 1617 illa
377 1556 455 1616 libro
465 1572 575 1634 ,quem
591 1572 646 1633 ego
656 1554 692 1614 ad
705 1552 785 1614 hune
800 1554 890 1614 linem
905 1558 1013 1641 typisd

74 1662 120 1705 eur
113 1645 255 1719 titulus,
267 1639 367 1705 Gloria
380 1639 414 1701 di
421 1640 542 1717 Morio,
562 1639 613 1700 ubi
627 1649 777 1718 congestas
790 1642 917 1719 reperiet
928 1646 1080 1721 6666666666,

5 1750 6 1753 ’
73 1738 103 1790 66
123 1729 268 1807 exempla.
288 1728 368 1787 Felix
387 1728 437 1785 ille
458 1724 625 1806 parochus,
650 1727 702 1803 qui
722 1743 792 1786 suos
810 1724 1003 1803 parochianos
1023 1730 1084 1789 ier·

72 1814 160 1875 vidos
171 1820 252 1872 tenet
265 1812 297 1870 in
310 1811 484 1870 beatissimae
501 1810 633 1888 Virginis
652 1809 861 1891 devotionem·
854 1853 863 1885 ,
879 1828 948 1870 nam
960 1812 1003 1871 illi
1015 1831 1083 1873 cum

72 1896 210 1976 ejusdem
227 1895 358 1973 Virginis
379 1894 488 1953 auxilio
508 1894 598 1952 vitam
623 1893 802 1971 morigeram
824 1892 955 1964 ducent,
971 1904 1001 1954 66
1020 1899 1083 1976 ipse
1142 1929 1148 1944 ι

5 2029 6 2032 .
73 1984 105 2043 66
124 1982 196 2042 vitae
208 1982 289 2042 exitu
313 1980 406 2058 ipsam
425 1978 543 2039 fidelem
561 1988 591 2039 66
604 1985 756 2057 potentem
770 1977 938 2039 advocatam
952 1977 1082 2042 babebit.

72 2068 211 2142 Denique
232 2067 360 2125 insinuet
381 2074 449 2125 onte
473 2065 593 2142 omnia,
614 2073 648 2124 ut
669 2072 834 2122 assuescant
849 2062 958 2141 sepitis
979 2066 1085 2126 seDeo

6 2154 7 2204 ζ
72 2149 348 2219 commendare,ab
360 2166 395 2208 66
407 2157 536 2207 sanctam
556 2147 805 2225 perseverantiam
825 2163 879 2223 per
900 2149 1084 2210 maritalesu

71 2232 188 2296 Christi
206 2241 237 2290 et
252 2233 350 2291 biariae
371 2232 563 2332 postulantes.
588 2229 700 2308 Saepiirs
723 2245 841 2306 quoque
860 2229 998 2308 praedicet
1020 2252 1087 2336 grp-

5 2359 6 2362 ,
71 2322 158 2387 6666,
186 2325 216 2376 66
240 2315 387 2394 praecipue
411 2316 634 2412 perseverantiae
660 2315 772 2374 donum
798 2333 858 2374 nan
886 2318 1006 2379 concedi
1028 2322 1085 2382 nisi

3 2477 5 2608 6

73 2399 389 2502 petentibus3Petite,
408 2408 437 2461 et
457 2399 614 2480 accipiens.
632 2401 797 2476 Notumque
814 2401 899 2460 saciet
918 2403 999 2466 illam
1016 2423 1086 2506 prp-

75 2487 249 2548 missionem
270 2485 337 2545 Jesu
357 2485 484 2555 Christi,
507 2483 684 2563 quidquidi
708 2486 794 2544 Patre
816 2487 1061 2564 postulabimus
1051 2509 1084 2551 66

4 2609 5 2638 r
76 2589 200 2633 6666666
217 2588 296 2646 eJus
313 2570 444 2630 idemne
458 2571 575 2629 Patrem
592 2569 733 2629 daturum
749 2569 856 2630 nabis
874 2570 1085 2646 Λ6666,66666

4 2691 5 2710 2
75 2656 141 2719 dico
162 2654 244 2717 vobis
256 2700 263 2728 ,
277 2655 307 2716 si·
324 2655 397 2737 quid
412 2654 555 2737 petieritis
572 2654 724 2715 Patrem·
711 2672 745 2712 66
768 2653 886 2713 nornine
906 2671 987 2728 mea,
1004 2657 1087 2719 deiru

4 2738 5 2810 6
77 2740 179 2813 codd,
200 2741 325 2818 (66666.
342 2741 389 2800 66.
413 2738 486 2818 lb).
512 2740 645 2800 insinuet
669 2739 758 2797 etiam
782 2737 924 2799 orationis
949 2744 1087 2804 mentalis

78 2843 167 2886 nsum
180 2871 188 2900 ,
202 2834 233 2885 et
245 2835 327 2886 eurct
340 2826 371 2885 in
384 2825 509 2886 Ecclesia
529 2843 596 2885 curn
615 2824 726 2902 papula
745 2823 896 2902 quotidie,
917 2837 968 2886 aut
982 2828 1085 2887 saitem

79 2911 184 2971 diebus
206 2910 333 2983 festivis,
352 2919 387 2970 ut
407 2911 456 2972 illa
480 2910 552 2988 liat,
574 2909 707 2970 docendo
728 2910 817 2968 ctiam
837 2910 980 2983 madum,
997 2928 1087 2987 quem

81 2996 161 3056 domi
187 2995 219 3055 in
236 3012 269 3054 66
283 2993 415 3055 iacienda
436 2996 539 3056 tenere
558 3003 701 3074 possunt3
719 2993 846 3072 idedque
868 2992 916 3054 bic
933 2993 1088 3072 subjungi-

81 3089 132 3140 tur
150 3095 275 3158 sequens
293 3080 447 3140 instructio
470 3081 522 3140 ubi
546 3080 705 3160 exponitur
727 3078 906 3151 necessitas,
929 3085 959 3138 et
982 3080 1087 3139 modus

81 3165 226 3243 practicus
245 3165 385 3225 orationis
404 3165 551 3226 mentalis.

248 3291 273 3374 S.
288 3295 340 3354 111.
356 3293 462 3358 Broot'a
480 3293 587 3376 procis
605 3292 752 3355 orationis
770 3287 918 3355 otcotoiis.

121 3491 189 3552 217.
205 3427 294 3554 Non
311 3499 356 3550 est
369 3455 565 3551 dubitandum
581 3490 655 3568 quin
671 3505 708 3549 ex
723 3489 963 3554 considerationis
979 3491 1088 3552 verita-

86 3580 150 3636 tum
163 3585 342 3637 aetcrnarum
354 3575 468 3636 deiectu
480 3618 489 3649 ,
503 3576 633 3636 mundus
642 3575 766 3654 peccatis
775 3585 900 3652 6666666,
911 3587 943 3638 66
953 3577 1089 3641 infernus
