2475 3975
310 125 337 205 ς.
352 125 406 187 111.
420 121 536 187 Mortuo
551 123 670 205 sprota
684 124 876 206 supparem·
1040 128 1093 188 tit

92 254 158 299 conr
181 229 272 311 igitur
290 228 323 288 in
345 235 491 287 aternum
512 225 765 304 occumbimus,
785 228 865 287 nous
887 230 990 296 meus,
1011 232 1095 286 amor
1125 293 1128 299 ,

92 336 196 390 meus,
215 322 244 376 et
262 311 371 376 omnia.

131 411 200 471 iesu
221 405 285 478 mi,
308 402 426 482 quando
447 402 600 465 osculabor
624 404 769 478 vaiacra,
792 422 860 483 qnae
882 420 939 483 pro
963 421 1012 489 me
1033 420 1096 489 sus·

90 494 209 557 tulisti?
953 486 957 491 ’

130 578 156 639 0
175 574 288 645 Mario,
305 570 492 651 quandonam
511 570 587 645 erit,
599 572 636 631 ut
653 576 704 634 me
719 572 835 633 videam
856 572 894 633 ad
915 570 1004 650 pedes
1019 570 1098 631 iilius

91 662 215 732 matris,
229 676 296 737 quae
315 654 433 719 tantirm
453 674 502 718 mc
523 654 633 719 amauit
648 701 657 729 ‚
674 666 705 719 et
722 658 862 719 auxiliata
882 661 949 718 att

130 753 183 833 Eja
203 750 291 831 ergo,
311 748 457 829 Advocato
480 756 601 821 nostra,
618 749 684 809 illos
702 758 768 812 tuos
784 749 987 811 misericordes
998 749 1098 809 oculos

91 839 129 901 ad
151 854 205 899 nee
223 840 379 905 converte,
392 842 422 893 et
438 832 539 893 iesum
561 832 749 894 benedictum
769 834 898 896 fructum
918 833 1032 895 renuis
1053 831 1098 892 tui

91 924 177 985 nobis
198 919 339 1003 posthoc
364 917 486 980 exilium
508 916 641 977 ostende.

132 1015 201 1075 562.
216 1008 427 1089 titiliacum,
449 1007 504 1091 qui
519 1005 643 1089 infirmo
661 1008 779 1091 cappas·
795 1016 922 1091 possunt
942 1008 1015 1070 dom
1033 1024 1100 1069 cru·

92 1091 427 1180 efisomdeoscotater.
770 1171 773 1175 .

131 1188 306 1252 Dulcissime
319 1188 405 1262 Jcsu,
419 1202 459 1248 ne
478 1184 616 1267 respicias
636 1184 709 1266 quid
730 1196 784 1265 ego
799 1186 893 1260 inte,
910 1184 962 1245 sed
980 1182 1052 1263 quid
1068 1190 1101 1244 tn

92 1293 150 1357 pro
171 1290 219 1335 me
239 1272 342 1332 fecisti.

133 1364 300 1428 Recordare
321 1359 402 1443 quod
423 1364 480 1425 sim
502 1380 561 1425 una
581 1379 617 1424 ex
636 1363 741 1426 oribus
760 1360 841 1435 tois,
864 1376 919 1440 pro
940 1374 999 1441 qua
1020 1378 1102 1422 mor·

93 1461 164 1515 tuus
183 1468 225 1510 es
437 1464 441 1471 ·

132 1534 273 1597 Libenter
288 1541 401 1613 prote,
416 1533 468 1611 qui
481 1550 537 1612 pro
553 1548 601 1593 me
613 1549 715 1611 passus
731 1548 762 1591 cs
771 1574 782 1608 ,
797 1530 865 1594 tem
879 1531 920 1591 mi
935 1575 943 1601 ‚
960 1531 1082 1593 morior.

133 1620 280 1696 Accepto,
300 1618 368 1679 iesu
394 1620 455 1692 mi,
480 1618 612 1679 consumi
638 1634 693 1697 pro
717 1622 768 1691 te,
792 1617 844 1695 qui
869 1625 948 1678 totus
969 1616 1102 1678 consumi

9 1774 10 1777 Ἴ
93 1703 214 1767 voluisti
235 1720 290 1781 pro
310 1718 370 1763 me.

135 1787 282 1859 Domine,
302 1784 414 1865 maiora
433 1792 467 1846 tu
489 1801 546 1865 pro
561 1802 629 1862 me,
647 1784 738 1865 qrrtm
755 1800 809 1865 ego
829 1800 885 1862 pro
896 1794 926 1848 te
937 1786 1055 1867 potior:
1070 1792 1104 1845 tu

94 1874 261 1943 innocens,
282 1884 335 1949 ego
353 1878 497 1949 peccator.

134 1964 330 2036 Deosculare‚
348 1964 439 2025 irater
460 1963 502 2024 riri
519 1958 606 2044 (dicet
622 1959 755 2024 sacerdus
773 1957 903 2040 infimo]
917 1960 1005 2040 pedes
1018 1960 1103 2037 iilos,

94 2053 151 2136 qui
167 2061 229 2113 tam
247 2049 285 2111 ad
303 2059 332 2112 te
343 2051 491 2130 perditam
503 2069 588 2111 ovem
602 2050 791 2130 quaerendam
804 2057 834 2107 et
845 2047 1010 2108 salvandam
1024 2049 1106 2109 labo-

95 2143 254 2200 raverunt.
269 2135 324 2194 Dic
343 2149 441 2212 quaeso
457 2147 466 2194 :¹
481 2132 706 2196 .Amabiiissime
726 2133 928 2210 Redemptor,
948 2133 1107 2212 amplecter

95 2220 191 2304 podes
210 2225 296 2288 tuos,
318 2228 352 2278 ut
370 2218 540 2296 Magdaicna
564 2219 697 2297 amplexa
718 2216 797 2290 fuit,
817 2216 862 2278 iac
883 2216 918 2278 ιιι
937 2217 1055 2278 audiam
1077 2226 1107 2279 te

95 2303 175 2370 mihi
196 2303 377 2382 pepercisse,
398 2312 432 2362 ut
451 2303 501 2364 illa
522 2303 646 2364 audivit.
765 2351 767 2355 .
1029 2379 1033 2386 ι

139 2399 220 2457 Deus
240 2413 341 2472 meus,
359 2393 433 2456 mihi
453 2404 575 2478 proptec
594 2414 726 2460 amorem
746 2395 814 2460 seso
829 2391 937 2458 Christi
952 2413 1058 2476 parce,
1077 2405 1108 2459 et

97 2483 163 2551 sac,
183 2487 219 2540 ut
237 2478 313 2543 bend
334 2479 455 2542 morior.
540 2543 542 2548 .

101 2573 379 2720 t·b}·³aatterdaeterne,
402 2579 434 2632 tn
458 2568 532 2636 mihi
554 2567 664 2636 Filium
683 2581 771 2636 tuum
792 2571 961 2646 tradidisti,
983 2590 1033 2634 me
1054 2590 1108 2652 ego

117 2677 126 2718 ι
150 2675 159 2715 r
187 2673 218 2715 ra
241 2675 270 2717 o.

141 2748 210 2808 Jesu
226 2747 284 2824 mi,
298 2747 426 2810 multum
440 2749 494 2811 tibi
507 2750 641 2828 ingratus
652 2749 714 2820 ini,
727 2748 867 2812 miserere
878 2748 949 2810 mci.
961 2748 1109 2810 Multoties

12 2827 13 2858 t
101 2829 253 2895 internum
271 2833 387 2909 merui3
401 2851 461 2894 non
479 2835 510 2895 in
529 2837 605 2908 alia,
627 2835 679 2895 sed
696 2835 727 2895 in
741 2833 796 2895 hac
810 2835 871 2894 vita
890 2852 939 2895 mc
958 2835 1043 2912 puni.

104 3009 125 3070 r
143 2925 175 2984 Si
198 2943 246 2985 me
266 2925 428 3006 fugientem
446 2930 628 3008 quaesivisti,
648 2947 697 2992 me
716 2938 747 2990 te
770 2935 951 3008 querentem
971 2945 1010 2989 ne
1025 2927 1109 2988 derc-

118 3025 230 3082 rnquas.
491 3079 494 3088 Ι

93 3104 98 3112 “
143 3093 213 3152 Jesu
229 3092 413 3169 dulcissime,
437 3115 475 3157 ne
494 3099 648 3177 permittas
665 3116 714 3158 me
732 3096 862 3175 separari
880 3093 897 3155 a
915 3103 956 3157 te.

145 3177 217 3251 Quis
238 3196 286 3238 me
306 3181 452 3259 separabit
468 3181 485 3244 a
505 3183 646 3244 charitate
659 3183 791 3244 Christi?

145 3261 273 3344 Domine
286 3263 355 3324 Iesu
365 3264 496 3341 Christo,
510 3269 656 3347 perillam
668 3267 912 3342 amaritudinem,
925 3285 1013 3345 quam
1026 3267 1114 3326 susti·

110 3344 377 3409 nuienobilissima
400 3352 498 3411 anima
522 3361 594 3423 tuo,
618 3351 736 3428 quando
761 3369 872 3428 egressa
897 3361 942 3411 est
965 3351 1003 3411 de
1024 3350 1114 3408 bene-

111 3431 188 3490 dicto
206 3445 329 3508 corpore
341 3439 409 3504 tuo,
423 3435 563 3496 miserere
581 3436 688 3497 anime
700 3451 774 3494 mea
787 3435 940 3512 peccatrici
953 3434 985 3491 in
999 3448 1114 3509 cgrcsm

113 3514 150 3576 de
163 3529 286 3600 corporo
302 3533 379 3578 meo.
392 3521 495 3584 amen.
