2475 3975
156 193 214 254 184
428 183 737 268 nemoascendit.
751 179 886 269 Cupil.

158 294 220 372 piat
238 291 340 353 dicens
360 309 369 350 c
391 291 473 351 Ecce
485 306 600 350 mecm
618 288 760 362 Domini,
783 285 878 368 sopite
902 294 1002 368 portes
1023 285 1169 351 adversm.

157 379 195 438 lit
216 385 328 455 moto
352 374 540 438 osculandam
564 373 715 452 prebeat,
740 372 861 433 dicensz
880 367 1057 434 &osculare
1081 373 1173 455 pedes

157 463 231 524 Iesu
248 460 364 522 Christi
373 505 383 532 ,
402 458 507 539 quiin
520 458 576 521 dot
596 477 679 520 errice
697 475 752 540 pro
772 455 867 518 solute
887 464 940 517 tua
960 465 1099 520 mortum
1115 468 1170 521 est.

195 548 265 608 285.
280 542 395 606 Deindd
409 543 509 604 diest:
525 545 557 604 in
569 545 632 604 lieo
653 545 691 604 N.
707 544 745 604 li.
758 541 851 621 igitur
867 559 949 620 spem
962 550 1044 601 tuum
1063 541 1168 620 jacta:

159 648 279 710 sperare
297 630 435 690 volumus
456 629 580 689 Mariam
609 627 628 688 i
658 629 720 688 nco
752 628 878 688 salutern
901 625 955 686 tibi
984 625 1172 691 intercedere

158 717 255 776 velle:
271 714 429 774 infirmitas
446 721 546 774 tamon
565 713 663 790 gravis
681 719 745 787 ost,
761 709 906 772 voluntati
920 710 974 771 Dei
993 719 1077 770 tuam
1099 730 1172 774 con-

157 803 267 869 forma,
276 807 311 859 ut
320 797 359 858 de
371 806 402 857 te
414 797 500 858 iaciat
515 798 596 876 quod
610 799 673 875 ipse
688 797 764 856 vult.
779 795 830 872 Eja
844 795 935 874 igitur
947 811 1065 854 mecum
1076 798 1170 859 recita

158 883 332 944 christianos
351 889 453 952 actus,
469 889 503 942 ut
516 899 586 942 cum
599 882 663 942 istis
681 880 718 940 ud
740 886 867 941 mortem
886 889 917 939 te
937 879 1098 957 disponere
1120 901 1171 941 va·

158 970 241 1040 less,
262 968 288 1028 si
311 984 368 1046 pro
388 966 467 1028 bono
491 967 598 1028 auimoe
622 975 682 1028 tue
704 965 745 1027 sio
770 967 850 1026 Deus
876 963 1084 1027 determinavit
1098 987 1109 1044 ;
1123 966 1171 1028 dic

158 1053 230 1136 (ηδ
242 1073 378 1117 meeum:

196 1145 267 1205 986.
281 1144 370 1204 Actus
380 1139 463 1219 fidei.
478 1141 557 1200 neus
576 1155 678 1214 meus,
699 1138 862 1200 infallibilis
879 1137 987 1200 veritas
997 1183 1007 1222 ,
1023 1140 1096 1218 quia
1116 1151 1170 1214 tu,

159 1229 240 1310 quod
261 1228 381 1286 credere
407 1224 555 1295 debeam,
581 1227 611 1284 S.
633 1225 767 1284 Ecclesiae
787 1225 950 1297 revelasti,
975 1225 1066 1287 oredo
1089 1227 1171 1304 quod

160 1311 341 1374 credendum
372 1309 447 1371 milri
470 1311 609 1390 proponit
637 1309 772 1371 Ecclesia.
800 1307 895 1370 Credo
923 1317 953 1370 te
981 1327 1044 1370 csse
1072 1312 1172 1373 Deum

160 1416 281 1469 mcum,
296 1396 431 1458 omnium
443 1397 613 1456 Creatorem
626 1439 635 1467 ,
649 1397 701 1474 qui
719 1401 879 1474 per'totam
899 1396 1096 1455 eternitatem
1120 1416 1173 1474 pa·

160 1483 258 1542 radiso
275 1483 369 1558 justos
393 1498 588 1551 remuneras,
612 1491 778 1557 peccatores
799 1478 871 1540 vero
894 1480 1014 1557 castigas
1037 1481 1168 1542 inferno.

159 1565 252 1630 Credo
271 1565 443 1644 llysterium
455 1565 507 1624 SS.
523 1565 695 1640 Trinitatis,
716 1565 748 1625 id
769 1574 813 1625 est
826 1566 942 1624 Patrem
958 1607 967 1639 ,
985 1565 1096 1625 Filium
1106 1612 1116 1643 ,
1140 1576 1170 1628 et

160 1649 304 1729 Spiritum
324 1655 479 1719 sanctum,
499 1656 559 1707 tres
575 1665 733 1725 personas,
755 1649 919 1708 sedunum
943 1649 1050 1707 Deum.
1075 1650 1170 1711 Credo

161 1733 319 1797 secundam
341 1748 516 1810 porsonam,
537 1731 630 1792 idest
651 1732 759 1792 Filium
781 1732 857 1803 Dei,
879 1730 1032 1792 hominem
1059 1733 1169 1794 Iactum

162 1824 195 1884 in
214 1829 302 1882 utero
329 1817 429 1879 llarias
444 1834 560 1896 semper
578 1817 720 1896 virginis,
742 1825 773 1878 et
789 1834 844 1895 pro
865 1817 950 1878 nohis
969 1820 1171 1896 peccatoribus

162 1914 315 1969 mortuum
332 1920 407 1964 esse.
427 1902 500 1963 lnde
516 1903 697 1977 resurrexit,
714 1912 745 1964 et
761 1921 842 1964 nunc
858 1902 940 1963 sedet
960 1903 998 1963 ad
1018 1903 1171 1966 dexteram

162 1993 275 2069 Patris3
297 1998 329 2052 et
354 1989 426 2050 inde
455 1998 601 2049 venturus
624 1998 669 2049 est
692 1988 825 2066 judicare
853 1990 937 2049 vivos
961 1996 992 2049 et
1023 2000 1168 2053 mortuos.

162 2078 257 2141 Credo
269 2083 383 2154 septem
401 2084 499 2133 sancta
518 2075 722 2148 Sacramenta,
741 2082 771 2133 et
792 2072 939 2151 precipue
964 2075 1168 2152 Baptismum,

162 2161 387 2232 Paenitentiam,
401 2157 613 2220 Eucharistiam
621 2203 632 2237 ,
645 2166 675 2219 et
693 2160 860 2219 Extremam
874 2159 1061 2219 Unctionem.
1074 2163 1168 2225 Credo

162 2266 265 2309 omnes
286 2263 440 2325 rmurgero
461 2244 570 2305 debere
590 2262 659 2303 cum
681 2244 853 2321 corporibus
876 2244 958 2321 suis3
978 2252 1008 2305 et
1036 2244 1167 2325 denique

161 2333 250 2394 oredo
270 2348 359 2391 omne
375 2331 428 2400 id,
447 2330 527 2407 quod
549 2329 641 2391 credit
659 2330 690 2389 S.
703 2329 828 2391 Ecclesia
846 2325 995 2393 Catholiea
1010 2330 1168 2409 Romana,

161 2417 194 2477 in
213 2431 271 2492 qua
283 2416 344 2473 sola
356 2411 444 2472 credo
456 2431 519 2473 esso
532 2430 633 2473 veram
650 2412 754 2474 fidem.

200 2503 290 2558 Actus
304 2495 377 2578 spei.
393 2498 472 2556 Deus
492 2514 599 2568 mous,
620 2498 748 2559 confisus
764 2501 824 2561 tuis
845 2501 1014 2580 promissis,
1039 2504 1110 2581 quia
1134 2510 1169 2567 tu

162 2583 275 2657 fidelis,
288 2590 411 2663 potens,
426 2590 457 2643 et
470 2581 636 2643 misericors
651 2600 698 2655 es,
717 2596 839 2663 propter
855 2588 960 2647 merita
975 2589 1043 2647 Iesu
1058 2588 1169 2653 Christi
1235 2650 1236 2659 ,

52 2722 56 2729 .
161 2681 348 2752 pcccatorum
359 2687 495 2731 meorum
512 2668 632 2732 aenium
646 2685 750 2749 spero,
764 2673 1010 2750 perseverantiam
1026 2672 1169 2752 finalem,

162 2768 193 2820 et
205 2756 329 2837 gloriam
347 2757 484 2834 paradisi.

126 2865 128 2868 ·
165 2850 168 2857 '
200 2845 290 2903 Actus
307 2840 436 2916 amoris,
459 2850 488 2904 et
504 2839 625 2910 doloris.
644 2844 723 2905 Deus
742 2860 844 2919 meus,
863 2845 933 2925 quia
950 2854 983 2909 tu
1003 2864 1034 2908 es
1053 2847 1169 2913 bonitas
1236 2910 1237 2915 ,

48 2993 52 3001 ,
116 2945 121 2951 ’
162 2928 301 3005 infinita,
317 2925 436 2987 infinito
460 2945 561 2988 amore
584 2928 713 3008 dignus,
734 2940 796 2991 toto
820 2931 908 2991 corde
931 2949 997 2993 meo
1019 2940 1049 2993 te
1077 2933 1168 3013 diligo

160 3032 251 3093 super
275 3013 386 3075 omnia.
403 3014 440 3073 nt
455 3014 589 3074 omnium
610 3024 800 3092 peccatorum
821 3032 976 3088 meorum,
996 3018 1065 3096 quia
1086 3028 1169 3085 tuam

162 3099 312 3160 infinitam
326 3098 489 3159 bonitatem
506 3097 635 3172 olicndi,
660 3100 722 3161 tott
744 3101 841 3162 animi
859 3102 924 3163 mel
949 3120 997 3163 me
1021 3104 1168 3181 pmnitet,

21 3250 25 3258 ι
162 3189 193 3239 et
204 3181 351 3259 displicet.
365 3180 464 3245 Potids
478 3185 554 3244 mori
572 3182 662 3261 quim
682 3204 800 3265 peccare
821 3204 954 3267 propono
967 3232 975 3258 ,
988 3204 1056 3247 oum
1076 3190 1169 3267 gretia
1233 3246 1236 3261 ,

70 3323 72 3326 ,
163 3271 233 3333 tua,
259 3283 349 3339 quarn
368 3276 403 3328 ut
429 3286 508 3328 nuno
534 3267 609 3328 mihi
633 3270 684 3329 des
709 3279 739 3330 et
760 3289 899 3349 semper,
935 3278 967 3331 te
988 3290 1106 3353 precor.
1132 3277 1168 3337 Et
1235 3274 1236 3314 l

121 3395 126 3400 .
162 3361 296 3421 propono
317 3360 415 3409 sancta
436 3353 622 3412 Sacramenta
645 3354 776 3431 recipere
796 3358 826 3414 in
852 3356 933 3427 vita,
950 3365 980 3417 ct
1005 3357 1037 3416 in
1059 3367 1166 3419 morte.

201 3424 387 3504 (Benedictus
402 3434 497 3492 XIII.
520 3434 657 3495 omnibus
675 3438 729 3515 qui
745 3435 833 3498 semel
847 3441 881 3499 iu
903 3437 957 3501 die
972 3438 1024 3502 Itos
1046 3439 1168 3505 eliciunt
1234 3444 1235 3463 ¹

161 3516 262 3601 octus,
275 3514 382 3585 septem
399 3529 494 3574 annos
511 3515 702 3600 indulpeotiae
714 3517 841 3601 impitus
861 3531 923 3599 ost,·
941 3532 968 3585 ct
987 3523 1017 3585 si
1025 3543 1167 3607 permen-

163 3602 222 3645 scm
234 3595 379 3667 anteprom
390 3588 486 3670 fiant,
500 3598 641 3679 confossis
652 3611 681 3663 et
691 3606 912 3669 corantunicota's
920 3650 930 3685 ,
938 3605 1033 3689 juxte
1044 3620 1166 3674 mactem
