2475 3975
309 215 312 219 ’
374 212 424 273 Ea
436 208 572 299 operidttt
581 205 732 271 Benedicti
741 208 832 270 XIV.
1046 210 1100 271 tlt

3 400 60 604 A
483 362 729 472 scurranum.

143 572 311 656 Spectacula
323 569 538 643 inverecunda,
558 568 604 641 nti
616 576 685 629 suut
696 584 878 647 puerorum,
899 573 929 629 et
943 564 1108 629 odolescen-

104 662 182 723 tium
195 658 345 722 nudorum
360 674 480 732 cursus,
500 662 530 715 et
554 655 641 714 luctoe
659 653 772 727 etiamsi
793 652 880 731 longa
899 650 1109 712 consuetudine

106 745 296 821 introductae,
311 759 350 802 ne
362 741 573 820 permittantur
583 739 620 798 ab
634 738 780 816 Episcopis
794 782 802 807 ‚
818 744 910 813 utque
922 736 1035 814 legibus
1044 735 1109 796 latis

105 828 341 908 prohibeantur,
362 823 483 885 mandat
507 824 643 897 Pontifex
668 822 699 899 in
725 820 877 900 Eurycliet
896 819 934 897 ad
954 818 1110 906 Episcopus

105 914 272 992 Campaniae
285 905 374 982 Nt'itt'i
389 906 529 1000 prcfectt.
953 924 956 931 ·

501 1076 715 1151 SPONSALIA.

146 1248 177 1309 si
193 1248 335 1309 alteruter
346 1264 383 1308 cx
398 1246 512 1327 sponsis
525 1263 557 1307 se
570 1246 608 1306 nd
633 1246 703 1306 alius
720 1254 818 1326 partos
842 1246 998 1307 transierat
1020 1243 1112 1307 inscio

108 1335 222 1406 altero,
239 1332 443 1406 admonendus
458 1340 502 1403 ast
521 1332 659 1410 superior
678 1332 907 1403 ecclesiasticus,
933 1332 984 1409 qui
999 1339 1113 1407 tempus

108 1428 211 1496 aptum
224 1418 352 1495 assignet
367 1417 498 1491 absenti,
513 1424 547 1477 ut
563 1416 680 1489 redcat,
695 1434 754 1495 quo
774 1417 871 1495 elapso
883 1415 906 1477 si
923 1433 982 1477 non
994 1422 1112 1501 pareat,

107 1504 261 1576 vinculum
273 1502 454 1561 dissolvitur.
465 1502 539 1560 inst.
554 1500 693 1560 licelid.
707 1520 739 1562 n.
755 1504 784 1563 5.

148 1586 309 1665 sponsalia.
323 1585 361 1645 de
385 1586 487 1646 futuro
505 1585 578 1643 inita
593 1585 703 1662 absque
722 1586 876 1663 praesentid
900 1582 1043 1661 parochi,
1066 1584 1113 1645 vei

108 1671 219 1747 absque
230 1668 375 1745 scripturd
390 1668 489 1728 valdre
507 1686 624 1744 semper
641 1671 843 1746 pronuntiavit
855 1672 885 1728 S.
897 1670 1089 1746 cnngrcgatio
1104 1712 1113 1741 ‚

109 1753 179 1815 cum
189 1752 397 1813 Tridentinum
413 1749 531 1824 tantiam
548 1751 708 1823 aboleverit
723 1753 909 1824 matrimonia
925 1752 1113 1811 clandestina.

109 1840 212 1900 Priora
228 1834 299 1896 verb
312 1836 457 1913 sponsalia
474 1836 564 1895 etiarn
584 1852 645 1895 non
665 1832 785 1910 jurata,
806 1835 894 1895 etiam
920 1835 983 1894 sine
1011 1835 1115 1913 copula

108 1920 275 2002 prevalent
296 1920 432 1979 secundis
449 1918 632 1998 sponsalibus
644 1962 653 1990 ‚
663 1919 751 1978 etiam
759 1918 887 1997 juratis,
901 1924 931 1979 et
944 1918 1033 1981 etiam
1047 1935 1114 1979 eum

110 2006 232 2085 copula,
251 2014 286 2065 ut
298 2023 334 2064 ex
355 2006 506 2065 communi
521 2007 585 2066 DD.
603 2006 676 2065 inst.
691 2005 798 2066 Eccles.
812 2006 861 2066 itt.
881 2022 912 2064 n.
924 2005 954 2064 8.

79 2166 83 2171 ἱ
150 2090 301 2170 sponsalia
325 2089 398 2151 inita
434 2089 536 2150 invitis
566 2089 759 2168 parentibus,
787 2097 965 2168 quamquam
990 2085 1116 2166 judicari

110 2177 225 2255 possint
237 2174 349 2252 valida,
369 2175 471 2235 illicita
484 2182 553 2234 sunt
566 2185 684 2248 nmen,
698 2183 728 2235 ct
742 2175 855 2236 detecto
867 2173 997 2236 dissensu
1011 2191 1117 2253 paren-⁴

105 2270 178 2340 ,tum
191 2259 265 2333 solvi
277 2269 420 2338 possunt,
437 2259 551 2319 etiamsi
567 2258 666 2337 jurata
687 2261 764 2332 sint,
790 2259 869 2338 quod
887 2258 995 2319 invicte
1011 2259 1118 2340 probat
1154 2285 1155 2288 ¹
1178 2313 1183 2334 ,

97 2342 353 2422 'Arcbiepiscopus
375 2343 563 2403 Rossnnensis
582 2346 624 2403 D.
650 2339 836 2405 Muscottolla
863 2343 895 2404 in
915 2343 1118 2404 dissertatione

111 2429 276 2507 legendam
291 2437 366 2493 tom.
381 2429 406 2489 l.
420 2424 652 2506 OperumZotala‘
661 2429 697 2488 ad
708 2437 817 2502 statuta
825 2429 981 2490 Fauentiae.
993 2428 1036 2489 lb.
1046 2430 1116 2489 n.8.
1197 2483 1201 2494 .

151 2513 301 2592 sponsalia
320 2513 430 2591 absquo
456 2514 574 2574 interna
596 2514 748 2574 voluntate
770 2513 932 2592 exequendi
950 2513 1116 2592 promissa,

112 2599 240 2660 dubium
259 2607 303 2658 cst
315 2616 353 2675 an
375 2599 528 2680 obligent3
542 2607 586 2677 est
606 2605 707 2674 tamen
726 2617 815 2680 quave
832 2600 1036 2679 peccatumsic
1048 2617 1117 2679 pro·
1234 2625 1235 2628 ¹

114 2683 245 2756 mittere.
261 2681 336 2742 ibid.
350 2700 382 2741 n.
400 2684 452 2743 lit.
730 2687 732 2694 '

153 2767 259 2828 Oscula
278 2767 316 2828 ob
331 2767 554 2830 delectationem
569 2769 716 2844 esrnalem
729 2776 759 2839 et
771 2769 951 2842 sensualem,
963 2765 1047 2845 juata
1060 2775 1119 2829 icr-

115 2853 212 2914 minos
229 2852 442 2942 propositionis
451 2855 491 2913 tu
504 2853 583 2913 inter
597 2854 748 2914 damnatas
763 2855 800 2915 ab
812 2851 896 2915 Alea.
911 2855 983 2914 vti.
994 2854 1033 2926 ob
1042 2853 1121 2932 pari·
1150 2890 1153 2894 ,

115 2943 208 2998 tatem
224 2935 345 3006 rationis
359 2954 455 3016 neque
469 2938 547 3009 intsr
556 2955 678 3016 sponsos
692 2938 771 3009 licita
785 2945 865 2997 sunt.
882 2937 928 2998 ib.
943 2955 974 3008 n.
992 2938 1049 2998 18.

154 3021 303 3099 Sponsus,
326 3021 378 3098 qui
400 3020 536 3099 s'ponsam
553 3021 670 3081 seduxit
695 3019 732 3100 ad
756 3022 912 3099 copulam,
936 3039 997 3098 nou
1025 3027 1121 3099 potest

115 3106 218 3187 puniri
233 3106 320 3184 poend
342 3109 436 3185 stupri
453 3106 491 3166 ob
512 3105 633 3182 aliquod
656 3104 726 3182 jus,
752 3106 832 3185 quod
855 3105 945 3166 habet
964 3107 996 3170 in
1015 3123 1121 3188 corpus

115 3192 214 3263 illius,
233 3197 268 3250 ut
280 3207 316 3250 ex
327 3189 406 3251 decr.
425 3191 455 3250 S.
467 3193 574 3269 congr.
593 3189 671 3268 apud
687 3191 762 3272 rap.
778 3190 855 3252 ibid.
871 3209 902 3251 u.
919 3193 963 3251 lt.

156 3274 316 3336 Promissio
328 3274 365 3335 de
373 3275 511 3353 praesenti
521 3274 631 3353 absque
646 3274 801 3354 praesentia
814 3273 933 3353 parochi
947 3281 977 3334 et
988 3273 1120 3346 testium,

117 3377 215 3438 neque
232 3358 310 3418 valet
336 3361 452 3419 ratione
475 3361 676 3432 matrimonii,
701 3375 798 3437 neque
814 3359 1014 3436 sponsalium,
1032 3365 1065 3434 ut
1085 3375 1122 3417 ex
1234 3421 1235 3434 p

116 3444 254 3530 pluribus
268 3442 395 3508 decretis
407 3444 437 3507 S.
449 3444 699 3525 Congregatiouis.
716 3444 790 3506 ibid.
816 3461 846 3518 n.
864 3443 913 3516 22.
