2475 3975
140 172 198 237 ttt
408 166 521 232 Prusia
533 162 717 246 confessarii.
733 164 806 245 Cap.
821 167 871 227 i0‘.

141 272 294 336 animabus
311 272 482 353 repleatur3
500 264 689 329 Desolotione
709 263 840 329 dentem
861 272 906 329 eet
926 267 1023 329 omnio
1042 275 1153 344 terro,

141 358 216 438 quio
236 355 341 419 nuilus
353 364 396 418 eat
408 353 462 436 qui
471 353 604 433 reecpitet
614 350 709 413 eorde.
725 354 834 413 laena.
848 354 897 413 te.
913 353 962 413 ii.
977 354 1013 412 ut
1025 352 1154 423 eontra,

142 445 183 505 nit
201 443 328 523 Spiritus
348 450 481 511 sanctus,
503 454 572 499 cum
591 437 644 514 qut
666 435 743 515 saepe
764 444 911 507 mortem,
929 434 1101 513 judicium,
1121 446 1157 495 et

144 528 339 587 aeternitatem
352 532 548 597 memoratur,
560 519 577 581 d
587 520 712 599 peccatis
724 520 841 580 liberari
853 541 863 579 e
874 521 1039 581 Memorare
1052 520 1157 582 nonis-

144 612 222 673 ee'tno
238 619 308 687 teto,
327 616 357 669 et
373 607 407 668 in
419 615 563 667 oetoenum
577 624 639 665 non
656 602 795 683 peooobm
809 601 899 663 aaut.
914 605 944 664 t.
958 605 1008 663 iii.
1020 604 1157 679 Quidam

144 705 246 757 auctor
266 692 356 768 dicit,
375 690 454 769 qudd
476 689 533 751 aii
556 689 703 751 damnatis
720 687 915 747 sciscitaretur
934 707 942 747 e
964 690 1097 749 Cure-os
1117 688 1158 748 ἐκ

142 776 260 857 inscenso
271 774 466 852 estietmajon
480 792 583 837 eorum
596 790 666 852 pars
676 772 866 851 responderet
877 793 884 831 ε
897 772 959 834 Nea
968 770 1015 833 ide
1027 790 1158 850 eumue,

144 864 217 943 quio
235 858 389 941 infernum
402 880 464 921 non
478 858 679 941 eoqitoeineus.
694 859 745 919 tit
758 858 790 917 S.
806 856 977 919 Vincentius
988 856 1026 915 de
1039 858 1157 930 Paula,

143 944 225 1027 quod
243 947 269 1007 si
288 956 423 1025 peccator
443 944 632 1017 missionem,
652 953 704 1003 aut
722 943 860 1003 exercitia
879 942 1042 1020 spiritualia
1064 942 1159 1002 audi·

144 1040 211 1106 ret,
233 1042 263 1093 et
283 1050 344 1093 non
364 1036 607 1101 converteretur,
630 1029 775 1089 miracuta
795 1027 827 1087 id
847 1026 1041 1087 tribuendum
1062 1036 1158 1087 essct.

144 1118 209 1178 hm
230 1119 261 1177 in
277 1117 408 1177 oratione
421 1114 540 1175 mentali
555 1113 637 1172 Deua
649 1121 695 1173 est
714 1113 764 1190 qui
785 1113 940 1190 loquitur:
955 1112 1074 1171 Ducunt
1082 1130 1162 1171 eum

145 1198 180 1261 iet
204 1196 413 1269 solitudinem,
435 1206 464 1259 et
485 1194 592 1278 inquot·
616 1194 657 1257 nd
678 1212 728 1257 ooo·
750 1195 824 1277 ajon
847 1200 929 1257 Osca
948 1198 979 1257 2.
999 1198 1048 1255 ii».
1073 1198 1161 1256 Deus

145 1285 247 1361 utiquc
259 1282 342 1343 omni
356 1282 560 1343 concionatore
577 1278 686 1343 melitis
704 1282 847 1357 loquitur.
860 1282 969 1341 Omnes
986 1281 1084 1341 Sancti
1102 1298 1162 1359 per

144 1368 310 1429 orationem
326 1369 488 1429 mentalem
502 1367 592 1427 sancti
613 1367 817 1429 recusantes
831 1365 1012 1443 experientia
1027 1365 1160 1438 scimus,

146 1449 246 1545 qupd,
268 1452 321 1529 qui
340 1454 464 1513 orationi
485 1452 606 1513 mentali
626 1451 699 1513 dant
717 1468 857 1529 operam,
869 1448 1026 1511 difficulter
1040 1450 1072 1509 iu
1084 1468 1161 1529 pec-

44 1608 49 1619 ,
143 1542 205 1596 cata
220 1536 356 1595 mortalia
373 1535 531 1608 decidant,
546 1542 576 1595 et
593 1536 617 1595 si
632 1554 699 1595 casu
718 1535 876 1613 aliquando
891 1534 923 1594 in
942 1553 975 1597 ea
990 1534 1159 1609 labuntur,

144 1619 272 1683 orationi
289 1618 471 1692 insistendo,
490 1621 589 1682 statim
602 1621 795 1697 resipiscunt,
809 1626 841 1679 et
857 1618 895 1679 ad
905 1620 1002 1679 veum
1014 1619 1161 1681 redeunt.

144 1705 245 1765 Oratio
261 1705 414 1776 mentalis,
431 1713 463 1764 et
480 1713 651 1783 peccatum,
672 1703 731 1765 und
750 1704 845 1765 simul·
861 1706 1021 1767 consistere
1040 1722 1161 1783 neque-

144 1796 210 1850 unt.
221 1787 324 1867 Aiebat
335 1788 455 1867 quidam
466 1806 570 1851 servus
578 1790 649 1861 Dei,
661 1788 739 1869 qudd
752 1790 839 1851 multi
852 1788 978 1851 recitant
986 1789 1161 1863 rosarium,

144 1873 282 1935 Officium
296 1874 427 1953 Virginis
438 1875 554 1947 Mariae,
571 1874 724 1953 jejunant,
739 1876 816 1936 etin
833 1874 957 1952 pcccatis
969 1873 1070 1938 vivero
1085 1892 1162 1953 per·

143 1968 240 2039 qamt3
255 1958 305 2020 sed
325 1960 375 2038 qui
392 1960 555 2020 orationem
572 1978 632 2022 non
649 1960 837 2032 intermittit,
850 1957 1030 2037 impossibile
1041 1967 1110 2032 est,
1122 1968 1162 2020 ut
1234 1990 1235 1997 κ

143 2046 175 2106 in
188 2045 242 2106 Dei
255 2043 364 2106 offensa
377 2045 469 2106 uitam
480 2043 675 2123 prosequatur
690 2045 815 2122 ducere3
825 2053 876 2104 aut
889 2044 970 2104 enim
987 2045 1160 2106 orationem

144 2132 280 2203 omittet,
291 2123 343 2189 aut
353 2128 370 2188 a
380 2130 503 2207 peccatis
517 2131 651 2190 cassabit.
662 2128 719 2190 Sed
731 2131 756 2190 si
768 2130 933 2192 orationem
944 2147 1007 2189 non
1016 2130 1157 2203 omittet,

144 2233 205 2276 nou
224 2214 320 2290 solium
339 2225 454 2292 peccata
472 2215 641 2293 relinquet,
657 2214 710 2275 sed
727 2213 745 2276 d
762 2214 904 2276 creaturis
916 2229 1048 2274 amorem
1063 2231 1157 2274 suum

143 2299 327 2368 removebit,
343 2309 373 2357 et
388 2300 424 2360 ad
439 2301 533 2360 Deum
544 2308 712 2360 convertet,
725 2302 766 2362 In
778 2296 970 2360 meditatione
985 2315 1052 2363 meo
1063 2314 1160 2370 exar-
1233 2318 1234 2351 t

144 2381 237 2444 deeoet
254 2380 343 2462 ipram
359 2383 396 2440 P.
414 2383 464 2442 58.
478 2385 508 2442 t.
523 2384 626 2443 Oratio
650 2394 694 2444 eat
712 2383 836 2458 ioman,
855 2381 909 2444 ubi
925 2382 1032 2444 anime
1046 2398 1159 2446 accen·
1233 2442 1234 2453 ,

143 2467 257 2528 duntur
275 2465 307 2523 in
329 2463 465 2524 divinum
487 2483 631 2526 amorem.

152 2597 159 2616 .
181 2551 251 2612 ete.
277 2547 436 2626 quuendo
463 2549 500 2613 de
524 2550 613 2620 loco,
635 2547 687 2612 ubi
710 2551 806 2612 oratio
827 2549 957 2612 iacienda
978 2550 1039 2624 sit,
1057 2557 1157 2634 tnagis

144 2633 281 2718 proprior
298 2641 342 2696 est
362 2635 510 2711 Ecclesia,
529 2635 580 2696 sed
603 2635 662 2696 iliis
682 2635 735 2713 qui
756 2635 828 2697 illinc
847 2638 892 2698 irc
904 2645 955 2699 ent
973 2635 1015 2697 ibi
1037 2642 1155 2703 morari

143 2729 317 2799 noqueunt,
333 2719 457 2797 quisque
475 2721 557 2782 loeus
580 2723 636 2784 erit
656 2723 783 2783 orationi
804 2731 891 2800 aptus
905 2766 920 2794 ,
934 2723 997 2783 siva
1019 2722 1158 2788 aintdo·

143 2823 224 2878 mus‚
237 2803 298 2864 sive
317 2803 407 2864 vittae.
427 2807 522 2866 Etiam
540 2807 621 2882 iter,
638 2816 668 2868 et
679 2807 763 2868 labor
774 2808 900 2869 orationi
919 2825 979 2869 uon
998 2807 1159 2872 disconve-

143 2893 251 2956 niunt,
275 2884 343 2952 ciem
362 2887 453 2950 etiam
478 2899 550 2950 tuna
567 2893 659 2969 possit
673 2909 757 2953 mene
774 2893 805 2954 iu
822 2894 917 2953 Deum
937 2893 1059 2953 elevari,
1071 2896 1155 2967 Quot

143 2973 310 3046 restitutae,
323 2970 439 3034 ctimeis
449 2973 523 3034 nihil
536 2977 677 3054 temporis
692 2995 746 3038 nec
760 2978 816 3038 loci
831 2978 960 3057 supersit
969 2977 1154 3053 laborando,

143 3066 173 3120 et
190 3059 248 3120 iter
268 3057 403 3137 mendo,
428 3076 512 3120 suam
531 3061 643 3122 iaciunt
668 3063 866 3126 orationem?
895 3063 1046 3136 Quaerenti
1070 3065 1158 3128 enim

143 3145 238 3201 Deum
250 3143 282 3202 in
298 3143 379 3204 omni
393 3143 519 3216 ioco,ct
532 3145 656 3206 inomni
671 3154 805 3226 tempore
816 3148 950 3208 invenire
962 3147 1013 3209 ilie
1027 3149 1152 3217 se'iacit.
1231 3176 1232 3179 ¹

180 3226 251 3283 ete.
268 3227 371 3298 Quoad
382 3238 515 3308 tempus,
528 3231 624 3309 aptius
636 3233 693 3292 erit
704 3240 820 3312 ternpus
830 3234 1020 3293 matutinum.
1033 3234 1151 3296 Bonum
1231 3232 1232 3313 f

143 3323 215 3402 non·
236 3304 387 3370 habebunt
413 3313 551 3386 exitum,
584 3331 651 3392 quaa
681 3317 713 3376 in
742 3317 790 3376 die
826 3317 929 3389 flunt,
963 3315 1040 3377 cirm÷
1062 3319 1151 3381 mand

142 3400 305 3452 orationem
334 3409 417 3454 suam
444 3398 569 3475 quisque
591 3399 686 3460 iacere
707 3402 845 3478 neglexit.
872 3400 1005 3462 Orationi
1029 3401 1151 3480 proprid

143 3473 190 3534 bis
211 3477 244 3535 in
265 3474 314 3534 die
329 3475 419 3536 vicari
436 3480 577 3556 deberet,
596 3483 705 3557 mend,
724 3495 757 3545 et
776 3487 889 3565 vesperi
905 3507 918 3562 p
932 3485 984 3544 sod
1002 3482 1071 3548 tum
1098 3505 1150 3548 re·

144 3571 229 3629 epora
258 3558 452 3620 commoditas
475 3579 535 3624 non
559 3577 626 3644 cst,
653 3570 706 3629 tint
726 3571 831 3631 saitem
853 3589 951 3632 manc.
978 3567 1087 3645 Aiebat
1113 3574 1149 3635 V.
