2475 3975
108 200 170 267 tot
299 195 590 282 Epitomedoetriuae
599 192 919 278 morclr'seteooooicce

106 304 213 367 cultile
228 300 377 364 ordinarii
393 345 403 375 ,
420 308 456 362 nt
468 318 504 361 ex
523 298 670 368 similibus
684 299 820 369 decretis,
839 298 916 375 ibid.
935 318 966 361 n.
986 302 1038 363 29.
1059 304 1123 365 Nec

107 388 227 451 tandem
240 385 363 467 obligari
378 393 500 463 possunt
520 384 596 445 bone
613 383 810 461 patrimonii,
827 381 899 444 sdcd
917 393 970 462 ut,
994 388 1019 446 si
1041 387 1123 449 sorte

108 474 237 546 accidat,
261 480 295 533 ot
318 471 453 532 debitum
474 469 648 531 solvendum
679 469 747 540 sit,
779 469 859 529 nulla
885 467 951 529 fieri
985 474 1120 533 executio

108 558 239 639 poterit,
261 556 318 619 nisi
334 575 422 634 supra
448 572 551 617 eorum
572 554 720 614 bonorum
735 563 869 630 partem,
888 573 956 633 quae
970 555 1122 617 alimentis

108 642 238 705 ordinati
253 640 419 719 superfluit.
430 642 484 701 Fas
496 648 650 701 esttamen
662 637 800 700 creditori
819 640 950 717 recipcre
966 641 1121 715 solutum,

111 748 163 789 seu
184 727 313 791 rendere
323 726 395 803 jus,
421 726 501 805 quod
527 734 739 805 postmortem
758 727 897 799 transiret
918 725 956 787 ad
977 724 1124 803 haeredes.¹
1201 802 1202 805 Ἴ

110 816 153 877 lte
175 832 212 875 cx
232 811 355 873 decretis
368 812 400 873 S.
414 814 447 873 C.
465 832 498 873 n.
512 810 572 874 50(

149 898 285 982 Denique
297 896 427 967 ordinati
438 898 475 958 ad
490 898 612 958 titulum
633 894 767 973 beneficii
779 938 792 971 ,
801 895 953 973 resignare
972 896 1054 966 illud
1070 916 1125 959 ne-

110 994 241 1067 queunt,
255 984 312 1045 nisi
326 983 401 1045 iacti
424 984 576 1045 mentione
591 981 693 1054 tituli,
711 981 764 1059 qui
783 980 926 1052 beneficio
945 984 1129 1061 resignando.

111 1071 254 1148 adjacet,
286 1076 318 1131 et
350 1068 593 1130 concludentibus
620 1064 842 1146 probationibus
870 1063 1123 1144 demonstretur,

112 1158 201 1217 aliam
214 1164 371 1235 suppetere
385 1154 546 1235 resignanti
558 1153 637 1213 viam
654 1196 662 1221 ,
681 1153 740 1230 qud
751 1149 905 1225 commode
917 1152 974 1213 sibi
987 1152 1026 1226 de
1040 1156 1124 1229 victu

113 1240 277 1323 provideat.
292 1243 336 1319 lta
348 1258 387 1318 er
395 1240 520 1308 decretis
531 1238 562 1300 8.
572 1240 606 1298 c.
619 1236 695 1299 lbid.
717 1254 749 1302 n.
764 1237 816 1309 50.

522 1418 734 1489 Pd'l'llONUS.¹

151 1593 296 1653 Patronus
318 1587 527 1647 ecclesiasticus
550 1597 669 1648 tenetur
686 1596 871 1666 praesentare
890 1588 925 1649 ad
945 1588 1127 1653 beneficium

113 1684 247 1737 curatum
261 1670 369 1744 illurn,
388 1687 478 1751 quern
491 1670 659 1748 digniorem
682 1681 768 1751 putat
789 1674 869 1734 inter
889 1674 1065 1753 approbatos
1087 1678 1125 1737 ab

113 1758 384 1834 examinatoribus,
413 1776 451 1818 en
471 1758 501 1820 vi
516 1758 682 1819 Tridentini
700 1778 727 1819 c.
740 1761 788 1821 l8.
806 1778 876 1822 sess·
901 1764 950 1821 ot.
965 1762 1124 1841 Episcopus
1208 1802 1209 1821 i

114 1867 175 1911 non
202 1846 290 1914 debet
315 1843 468 1922 inquirere
499 1860 589 1923 super
617 1844 822 1923 praeelectione
847 1846 921 1907 iacti
941 1842 958 1907 d
980 1854 1123 1924 patrono,

114 1928 1125 2010 nisifortealiqnislueritinterapprobatos‚quireclametsuperele·
1208 1948 1210 1979 ἰ

29 2064 30 2067 ,
115 2020 212 2081 ctione
234 2015 337 2087 lactet
351 2025 496 2094 patrono,
515 2016 599 2094 quasi
616 2015 739 2094 elegerit
754 2015 852 2078 mimis
875 2017 1011 2095 dignum·
1035 2019 1079 2078 lta
1092 2018 1126 2079 in

115 2101 248 2184 Epistold
260 2102 297 2163 ad
316 2098 575 2180 Archiepiscopum
600 2099 830 2173 Florentinum,
848 2099 979 2180 Reddite
989 2099 1085 2172 nobas.

154 2190 298 2256 Patronus
321 2185 412 2250 laicus
429 2193 605 2264 presentare
624 2194 749 2250 tenetur.
761 2187 927 2264 digniorem
955 2184 993 2244 ad
1014 2186 1126 2250 bened·

116 2275 196 2334 cium
214 2280 371 2345 curatum,
388 2279 422 2331 ut
438 2289 474 2334 ex
491 2271 523 2332 S.
538 2269 595 2331 Th.
615 2273 646 2332 E.
661 2273 691 2332 2.
711 2289 742 2348 q.
764 2273 813 2334 65.
828 2281 885 2331 art.
896 2273 928 2352 2.
947 2270 985 2332 ad
998 2271 1029 2331 5.
1045 2273 1126 2334 aliis-

115 2377 175 2444 que
186 2356 341 2434 Theologis
352 2354 499 2416 firmatur.
516 2356 610 2416 instit.
625 2357 733 2417 Eccles.
747 2357 776 2416 7.
785 2375 817 2416 ιι.
831 2358 902 2430 5.,8.

155 2445 298 2503 Patronus
317 2439 342 2498 si
363 2440 533 2516 promiserit
549 2441 684 2502 conferre
700 2442 787 2503 alicui
810 2441 987 2502 beneficium
1007 2460 1045 2512 er
1061 2461 1126 2504 rno-

115 2527 178 2588 tivo
191 2524 290 2603 eliqua
309 2523 492 2602 temporali,
513 2541 621 2603 nempe
643 2527 712 2604 quia
731 2526 786 2586 sibi
809 2527 849 2586 sit
866 2526 1040 2603 conjunctus
1059 2545 1125 2587 san-

116 2609 280 2692 guine,etc.
296 2606 535 2686 ,nonobligatur
547 2626 665 2674 servare
681 2610 760 2690 quod
784 2610 963 2690 spopondit,
972 2619 1042 2672 turn
1050 2630 1125 2690 prae-

116 2696 219 2758 sertim
242 2693 311 2756 edm
335 2693 469 2755 nondum
493 2693 672 2763 beneficium
693 2704 785 2758 vacat.
810 2697 854 2766 lta
877 2714 913 2757 ex
935 2697 969 2758 S·
1001 2693 1123 2759 Tbomo.

117 2782 214 2844 Instit.
225 2777 332 2840 Eccles.
346 2779 395 2843 22.
413 2795 443 2857 n.
463 2780 492 2839 8.

156 2866 186 2927 Si
203 2873 344 2944 patronus
362 2861 571 2924 ecclesiasticus
590 2865 811 2941 praesentaverit
825 2865 955 2944 aliquem
975 2872 1126 2946 tamquam

117 2951 305 3030 digniorem,
329 2956 360 3009 et
387 2946 598 3008 examinatores
629 2947 715 3008 illum
749 2957 901 3030 tamqnam
925 2949 1126 3027 probatiorem

118 3036 185 3096 aliis
197 3033 441 3096 concurrentibus
450 3030 669 3109 judicaverint,
684 3041 715 3095 et
730 3051 808 3094 unus
822 3053 857 3095 ex
871 3033 948 3112 illis,
964 3034 1016 3113 qui
1028 3033 1127 3096 mimis

119 3121 226 3199 dignus
255 3117 406 3197 judicatus
434 3126 504 3186 est,
528 3127 671 3196 queratur
692 3135 792 3180 coram
821 3121 963 3197 Episcopo
989 3119 1027 3180 de
1043 3137 1127 3180 erro-

120 3221 177 3266 neo
207 3203 446 3264 examinatorum
476 3200 614 3279 judicio,
646 3221 736 3282 seque
771 3201 937 3283 digniorem
961 3221 1023 3264 esse
1057 3221 1128 3265 con·

121 3285 267 3357 tenderit,
278 3294 349 3347 tunc
365 3288 524 3366 Episcopus
537 3297 688 3366 tamquam
698 3287 804 3365 judex,
815 3289 986 3367 priusquam
1006 3288 1127 3348 institu-

120 3370 231 3430 tionem
246 3369 404 3437 concedat,
417 3370 449 3429 in
462 3369 610 3446 judicium
624 3373 741 3452 patroni
754 3373 907 3452 inquirere
920 3373 1018 3436 debet.
1030 3373 1125 3454 Epist.

119 3449 157 3506 ad
168 3447 456 3530 erotoprtorcnt.
473 3455 506 3516 in
519 3455 599 3518 Eull.
950 3481 955 3490 ·
