2475 3975
156 200 213 263 tto
425 202 537 261 Prosit
549 198 735 280 confessarii.
753 202 825 283 Gap.
842 204 889 263 ll.

155 300 217 380 ejus
231 308 365 363 naturam
378 344 387 376 ,
402 300 532 367 indolem
544 344 553 375 ,
565 310 597 362 ct
619 302 749 365 deiectus
770 305 944 383 perquirat:
964 302 1037 365 item
1055 306 1163 384 quibus

155 385 312 449 indulserit
331 386 531 467 passionibus,
548 395 578 447 et
591 388 758 461 praesertim
778 389 803 449 sl
817 390 853 449 ad
866 390 996 467 aliquam
1015 390 1164 451 bonorum

155 472 303 533 nullarum
318 470 536 532 restitutionem
555 480 714 533 teneatur:
735 473 760 533 si
782 474 885 534 odium
903 484 953 533 aut
971 492 1093 550 pravam
1112 474 1167 535 ha·

155 554 254 617 buerit
273 557 453 628 amicitiam,
475 563 508 619 ut
534 556 674 617 omnibus
694 568 897 637 opportunum
924 558 1059 635 praebere
1074 562 1167 639 possit

155 640 331 701 remedium.
348 642 454 701 Caveat
467 658 635 701 memorare
652 641 774 702 infirmo
790 660 929 721 personas
943 642 1011 703 odio
1032 641 1164 719 habitas,

155 735 206 784 aut
220 722 336 804 impure
347 724 484 796 dilectas,
498 726 522 785 si
532 724 569 786 ad
582 724 639 793 boc
651 743 686 789 ex
696 728 934 790 necessitatenon
948 728 1164 808 obstringetur.

155 810 348 877 vulneratos,
360 816 516 891 postquam
533 810 678 891 quidquid
690 811 727 871 ad
740 813 945 873 remissionem
958 813 1088 891 pertinet
1095 832 1167 893 pro·

155 894 252 953 visum
274 894 386 972 fuerit,
405 912 444 955 ne
469 896 633 974 interroget
654 897 719 975 quis
735 896 821 968 illos,
844 916 901 975 qua
928 896 965 957 de
986 916 1073 959 causa
1085 944 1095 974 ‚
1119 900 1167 960 vel

40 1025 45 1039 .
116 1050 122 1059 ι
156 978 307 1057 quomodo
322 980 430 1041 laeserit
445 1001 454 1056 ς
467 987 497 1040 et
510 979 534 1041 si
550 982 687 1047 infirmus
707 980 744 1041 de
763 978 819 1042 boc
831 982 962 1059 loquitur
974 1026 983 1056 ,
997 1000 1169 1045 sermonem

157 1062 194 1125 ad
209 1065 290 1125 aliud
304 1064 453 1130 divertere
479 1075 572 1125 curet.
587 1066 624 1125 lit
642 1068 682 1126 ita
696 1068 807 1137 ctiam,
826 1068 850 1126 si
870 1068 1023 1128 necessitas
1041 1086 1104 1129 non
1117 1087 1169 1146 ur·

156 1158 240 1227 gent,
254 1168 307 1211 neo
328 1150 365 1209 de
380 1151 480 1209 litibus
492 1195 501 1225 ,
515 1150 584 1209 siliis
598 1192 606 1217 ,
618 1149 722 1222 bonis,
733 1150 858 1229 aliisque
872 1152 962 1212 rebus
974 1152 1168 1231 impertinen-

156 1234 236 1295 tibus
248 1234 370 1294 verbum
385 1233 506 1311 quidem
518 1234 614 1294 iaciat.

196 1318 264 1377 ast.
281 1320 334 1378 111.
349 1316 417 1378 Pbst
426 1318 516 1397 igitur
525 1316 613 1398 quiam
624 1318 763 1380 morbum
776 1319 976 1397 periculosum
988 1340 1049 1384 esse
1061 1322 1170 1403 depre-

157 1402 315 1475 henderit,
330 1406 360 1464 in
375 1404 478 1486 primis
492 1424 551 1468 non
574 1404 742 1483 alloquatur
755 1404 910 1467 infirmum
921 1408 958 1466 de
973 1408 1167 1478 consessione,

157 1487 208 1549 sed
221 1488 335 1549 tantiam
347 1508 415 1549 eum
426 1490 463 1550 de
476 1491 671 1561 infirmitate,
685 1490 858 1565 doloribus,
872 1501 900 1552 et
912 1492 1061 1569 quomodo
1072 1493 1168 1553 valeat

158 1573 284 1651 benigne
305 1576 477 1653 interroget.
497 1576 639 1635 Hortetur
663 1573 755 1649 inde,
771 1586 805 1635 ut
825 1595 857 1635 se
870 1578 924 1637 Dei
937 1578 1084 1638 voluntati
1097 1597 1168 1639 con·

158 1659 284 1728 formet,
305 1666 397 1737 utque
423 1678 490 1719 suas
508 1679 576 1719 eum
598 1660 714 1721 Christo
736 1660 768 1721 in
789 1679 876 1721 eruce
891 1662 1043 1740 languenti
1067 1680 1169 1740 poenas

158 1742 340 1822 conjungat,
357 1762 473 1805 necnon
498 1754 531 1804 ut
551 1764 598 1805 eas
622 1762 677 1824 pro
698 1754 884 1823 peccatorum
907 1746 1103 1807 satisfactione
1122 1766 1170 1823 pa·

158 1828 266 1888 tienter
277 1829 362 1893 ferat.
378 1831 415 1889 Et
428 1828 469 1889 sio
483 1830 626 1909 paulatim
642 1830 721 1909 ,qud
734 1848 788 1909 par
807 1840 851 1891 est
869 1830 1048 1910 prudentii,
1061 1831 1168 1904 illum,

158 1923 275 1993 tempus
296 1913 313 1975 d
334 1934 395 1997 quo
413 1916 559 1979 consessus
579 1917 618 1975 sit
642 1914 873 1994 interrogando,
891 1915 929 1976 ad
955 1917 1170 1977 confessionem

159 1999 289 2060 inducat.
305 2001 437 2076 bloneat,
459 2008 493 2059 ut
514 2018 633 2060 omnem
656 2018 739 2060 suam
752 2019 835 2078 spem
856 2001 888 2061 in
903 2002 965 2062 Deo
987 2009 1080 2080 ponat
1092 2045 1103 2073 ,
1115 2003 1170 2081 qui

158 2093 321 2164 potensest
338 2085 435 2172 ipsum
454 2085 485 2145 in
505 2085 678 2164 pristinam,
699 2087 724 2145 si
736 2080 830 2159 velit,
844 2087 985 2147 reducere
999 2087 1168 2148 sanitatem.

159 2174 198 2232 At
218 2172 322 2233 eodem
341 2182 472 2260 tempore
495 2171 603 2232 sensim
621 2171 748 2243 efficiat,
766 2181 800 2232 ut
816 2182 945 2250 egrotus
964 2190 1024 2232 suae
1041 2172 1172 2233 infirmi·

159 2259 226 2316 tatis
246 2259 411 2336 perieulum
425 2263 571 2336 agnoscat.
585 2258 751 2318 Praesertim
762 2256 911 2328 advertat,
926 2276 963 2318 ne
980 2257 1030 2318 ille
1044 2257 1170 2320 omnini)

158 2341 248 2400 fidem
262 2343 391 2418 praelicat
408 2343 545 2412 medicis,
566 2350 596 2401 et
609 2341 802 2421 propinquis,
820 2342 872 2421 qui
894 2341 970 2402 forti
987 2341 1086 2402 morbi
1099 2359 1170 2418 gra·

159 2426 279 2484 vitatem
291 2425 316 2482 ei
331 2425 483 2498 celabunt,
495 2443 533 2484 ne
547 2427 644 2502 ipsum
653 2445 780 2489 moerore
791 2427 928 2488 afficiant.
943 2425 1027 2486 llical
1036 2469 1045 2496 ,
1055 2427 1171 2506 sapien·

159 2510 197 2569 tis
211 2525 273 2566 esse
292 2507 454 2586 praevidere
469 2507 578 2567 lutura,
590 2509 752 2583 Hortetur‚
764 2521 800 2573 ut
813 2513 886 2572 dum
896 2528 978 2572 mens
993 2511 1089 2581 valet,
1102 2530 1171 2572 con·

158 2593 313 2655 sessionem
330 2593 484 2671 suscipiat,
501 2613 566 2672 qum
580 2597 710 2674 corporis
727 2598 813 2656 saluti
824 2596 859 2676 (si
873 2597 976 2656 animae
990 2596 1169 2676 expedierit)

159 2682 248 2742 etiam
271 2679 412 2759 proderit.
429 2676 739 2742 ReiertBelluoceosis
756 2682 794 2742 de
813 2681 942 2760 quodam
962 2679 1167 2752 moribundo,

159 2764 239 2845 qudd
255 2764 355 2824 statim
369 2781 401 2821 ae
415 2763 476 2841 ipse
495 2782 546 2823 sua
568 2764 713 2825 consessus
732 2766 823 2826 inerit
838 2775 969 2842 peccata,
986 2763 1106 2825 dstrato
1119 2765 1169 2826 in-

159 2850 283 2913 columis
296 2848 468 2907 surrexerit.
484 2849 596 2907 Pariter
611 2849 848 2930 Contiprotcnsio
867 2857 986 2909 enarrat
1005 2846 1085 2926 qudd
1099 2850 1170 2928 qui·

160 2938 228 2997 dam
244 2949 353 3012 eques,
368 2929 418 2992 ubi
437 2933 540 2990 multae
555 2949 615 2991 non
635 2937 807 3011 proluerent
825 2934 997 3005 medicinae,
1016 2933 1169 3009 consessio

161 3022 206 3082 nis
222 3022 333 3081 virtute
346 3018 444 3078 statim
458 3020 652 3080 convaluerit.

198 3107 267 3165 252.
284 3107 315 3165 Si
339 3114 437 3164 tamen
466 3115 592 3182 aegrotus
611 3105 782 3166 dilationem
804 3107 932 3184 quaerit,
954 3113 985 3167 et
1000 3101 1168 3185 periculum

161 3190 287 3258 mortis,
303 3189 449 3268 lethargi,
467 3191 514 3248 vel
539 3189 638 3252 delirii
658 3192 818 3251 imminens
833 3209 894 3250 non
923 3197 987 3260 est,
1009 3188 1120 3268 poterit
1138 3190 1168 3250 ei

162 3269 326 3346 indulgere.
353 3277 442 3335 Curet
461 3282 577 3347 iernen,
604 3284 637 3336 ut
658 3275 709 3336 ille
729 3276 908 3336 determinet
932 3272 1082 3351 tempus,
1096 3269 1169 3352 puli

155 3361 369 3431 'vesperarum
390 3359 436 3418 vel
458 3359 537 3420 diem
557 3361 735 3432 crastinum,
759 3359 931 3421 confessioni
957 3357 1121 3438 explendae.
1136 3358 1167 3417 Si

162 3451 259 3500 tamen
283 3440 447 3515 periculum
467 3445 627 3506 imminens
640 3455 703 3517 est,
722 3447 819 3524 ipsum
848 3464 917 3504 cum
941 3446 983 3504 D.
1000 3443 1168 3524 Augustino

163 3531 300 3595 moneat,
316 3521 395 3597 qubd
411 3527 489 3584 Deus
502 3547 562 3588 non
573 3531 916 3608 promiseritpeceatores
929 3539 1082 3608 expectare
1094 3570 1104 3600 ,
1115 3527 1168 3586 sed

103 3641 108 3653 .
163 3601 278 3661 tantiam
293 3620 411 3679 parcere
434 3607 476 3665 eis
497 3611 521 3668 si
543 3614 749 3688 poenitentiam
769 3622 855 3692 agant
877 3633 887 3673 a
912 3612 1087 3676 Crastinum
1107 3630 1167 3673 nou
