2475 3975
135 163 194 226 2ld
375 162 512 224 Examen
525 161 768 225 ordinandorum.
787 162 860 244 Cap.
871 161 902 222 t.

198 259 379 392 ipditenucp
388 265 601 393 {perorante
611 271 637 319 et
648 265 691 318 tto.
704 264 759 332 Qui
765 263 912 334 priventur·
918 258 1065 330 priuilegio
1076 261 1146 330 sori,

199 349 214 390 s
237 350 357 392 canones
424 375 434 392 .

174 510 272 574 tt.-
283 451 396 576 Pam
408 514 542 574 sonsum
561 522 680 574 nonest
702 513 792 580 ordo.
808 511 860 596 sed
872 511 1048 591 praepnrntlo
1060 557 1069 584 ‚
1083 513 1148 576 sive

135 593 287 675 dispositio
306 597 344 658 nd
362 597 498 672 ordines,
522 597 591 658 ctirn
607 601 724 659 nullum
742 599 873 659 otlicium
884 595 989 658 lrabeat
1001 598 1076 657 eirea
1090 599 1147 659 mi·

136 681 292 743 nisterium
307 684 427 759 ulteris,
441 684 483 744 itn
511 685 711 745 communiter
733 681 861 759 theologi
885 699 952 742 eum
968 685 1010 742 D,
1032 681 1146 743 Thomo

135 763 251 845 (Suppl.
266 785 296 847 q.
307 769 356 827 tu·
374 776 433 826 ort.
445 768 490 846 Ξ.)
501 791 510 845 3
523 778 553 829 ct
565 769 709 847 probetur
728 785 764 828 ex
776 767 911 826 Trident.
926 783 996 827 sess.
1009 769 1059 827 25.
1072 786 1098 826 e.
1111 769 1144 827 2.

135 849 186 908 ubi
198 851 338 912 Tonsuroe
352 855 484 932 sumptio
496 854 688 932 precipitur,
707 854 807 930 sicque
822 851 950 910 dicitur:
966 853 1004 911 tlt
1015 850 1146 932 quijom

134 928 263 994 elericdi
285 939 422 998 roncore
439 937 578 1020 insigniti
604 947 720 1011 essen,
739 953 794 1018 per
815 934 942 997 minores
961 935 1003 998 od
1016 936 1149 1018 ntajorcs

136 1015 362 1099 odeeendermt3
382 1023 453 1102 ergo
477 1025 608 1084 'sonsum
634 1025 713 1084 inter
745 1022 863 1082 ordines
889 1019 1013 1082 minime
1039 1038 1148 1081 nume·

136 1110 220 1164 retur
235 1104 323 1181 (Vide
340 1103 362 1166 i.
378 1109 407 1167 6.
419 1127 450 1168 n.
469 1108 560 1183 lili.
574 1108 703 1168 Clericus
731 1105 874 1186 significet
897 1105 930 1164 in
946 1111 1053 1165 eorum
1064 1123 1148 1166 oneo·

137 1193 206 1259 tus,
228 1191 337 1251 scilieet
352 1193 389 1252 nd
408 1194 523 1253 cultum
542 1195 604 1253 Deo
627 1194 837 1271 prestandum.
854 1189 1033 1252 'l'onduntur
1049 1191 1076 1252 ei
1097 1209 1148 1250 cu·-

136 1272 201 1350 pilli
217 1275 249 1333 in
272 1276 395 1337 modum
410 1294 545 1347 corones,
558 1277 595 1336 nd
608 1275 829 1354 significandam
844 1275 956 1351 regiam
970 1273 1148 1350 dignitosam

136 1371 258 1434 eorum,
277 1361 329 1437 qui
346 1361 377 1421 in
392 1371 503 1422 sortem
521 1362 641 1421 Domini
661 1357 930 1422 communiendis
947 1367 1045 1418 nutem
1061 1360 1149 1418 Cete-

137 1435 265 1500 chismus
277 1445 447 1520 Romanus,
460 1447 490 1506 S.
502 1448 623 1506 Petrum
644 1447 771 1525 primum
790 1446 953 1504 Tonsorem
970 1442 1147 1504 instituisse.

138 1522 177 1580 Ut
192 1525 258 1599 quis
275 1531 366 1603 possit
379 1531 527 1590 tonsurari
547 1531 712 1607 requiritur
733 1532 762 1590 l.
786 1536 821 1588 ut
840 1528 880 1588 sit
899 1545 982 1604 mns3
1005 1528 1035 1586 2.
1057 1536 1091 1587 ut
1106 1529 1148 1589 sit

135 1605 324 1669 confirmatus
341 1614 394 1688 35.
410 1620 444 1673 ut
460 1615 533 1672 seint
544 1615 642 1692 legere
654 1623 684 1673 et
701 1613 854 1686 scribere,
869 1631 903 1672 nc
923 1612 1026 1672 saltem
1040 1611 1148 1672 Grem-

135 1692 288 1765 mntienm,
304 1704 412 1772 proeter
430 1696 599 1758 rudimento
619 1697 686 1758 fidei
702 1699 754 1773 34.
767 1707 801 1758 ut
814 1695 921 1758 hebent
934 1697 1068 1756 nnimum
1083 1698 1148 1755 Deo

135 1774 326 1840 inserviendi.
341 1779 398 1855 Qui
417 1781 573 1842 ordiuntur
596 1783 659 1842 sine
684 1785 843 1856 Tonsurn,
867 1781 998 1861 graviter
1022 1778 1148 1857 quidem

135 1872 234 1940 peecnt
253 1874 355 1926 contre
373 1876 554 1946 preceptum
568 1867 757 1941 Tridentini,
781 1868 832 1928 sed
845 1866 942 1927 valide
968 1865 1147 1938 ordinatum

134 1944 240 2011 verum
253 1961 353 2014 menet
366 1972 523 2032 suspensus
545 1971 639 2033 usquc
654 1953 691 2014 nd
702 1953 918 2033 heneplacitum
932 1947 1078 2031 Episcopi.
1088 1949 1146 2023 Qui

134 2042 232 2094 nutem
242 2036 370 2115 aliquem
385 2038 519 2099 ordinem
529 2036 591 2115 jam
609 2040 769 2117 susceperit
783 2039 847 2097 sine
869 2037 965 2115 prims
985 2035 1145 2105 Tonsura,

135 2134 196 2179 non
210 2127 329 2183 tenetur
342 2142 408 2185 enm
425 2132 526 2204 poster
546 2124 697 2202 recipere,
714 2123 783 2203 quin
800 2138 854 2201 per
869 2120 1006 2181 ordinem
1025 2133 1147 2198 suseep-

135 2210 200 2263 tum
213 2206 276 2283 jum
289 2209 346 2269 luit
358 2210 449 2270 iaetus
463 2209 586 2270 idoneus
601 2209 639 2277 ud
658 2210 731 2269 ulios
746 2206 956 2285 suscipiendos.

175 2290 224 2351 48.
238 2324 278 2337 -
293 2293 442 2365 Eileetns,
458 2303 490 2353 ct
502 2294 655 2373 privilegis
667 2294 823 2353 Tonsurati
836 2289 899 2351 hoec
910 2298 981 2351 suut
995 2310 1004 2350 s
1023 2291 1047 2349 l.
1064 2291 1146 2351 'l'on-

134 2383 253 2433 surntus
275 2378 451 2435 transfertur
468 2377 504 2435 nd
526 2388 637 2437 statum
655 2378 837 2449 clericalem,
854 2375 934 2437 unde
947 2374 1072 2451 nequiuit
1085 2372 1148 2450 pri·

133 2458 275 2533 vilegium
287 2459 343 2517 iori
354 2502 363 2530 ,
374 2478 434 2537 quo
447 2462 589 2521 eximitur
599 2462 616 2521 t
626 2462 834 2538 jurisdictione
846 2463 902 2522 lori
915 2460 1042 2531 laicalis,
1055 2456 1146 2519 modii

133 2542 244 2603 deleret
265 2542 422 2617 hobitum,
439 2554 471 2605 et
489 2548 673 2618 lemurum,
689 2566 723 2607 sc
744 2549 832 2608 nlieui
854 2546 987 2607 Ecclesiae
1007 2544 1044 2603 de
1065 2560 1146 2603 mnu-

134 2627 203 2689 dnto
222 2630 357 2708 Episcopi
383 2631 541 2703 inserviet,
562 2641 615 2693 sut
634 2642 770 2695 versetur
793 2634 826 2693 in
844 2630 1022 2703 seminario,
1042 2628 1089 2687 vsl
1112 2628 1146 2689 in

134 2715 231 2793 ulique
241 2714 338 2775 schola
351 2716 468 2777 licentii
479 2718 612 2797 Episcopi
625 2727 676 2783 ,ut
686 2717 812 2779 habetur
824 2718 856 2778 in
864 2716 999 2777 Trident.
1010 2732 1080 2776 sens.
1091 2716 1145 2773 25.

69 2829 72 2837 ·
133 2818 161 2861 e.
181 2801 210 2859 o.
235 2800 273 2861 ll.
290 2800 426 2877 thutrit
448 2802 537 2861 etiem
558 2803 748 2881 privilegium
773 2801 911 2872 canonis,
932 2802 972 2860 ite
989 2809 1025 2859 ut
1044 2816 1149 2877 percu·

130 2886 240 2951 tientes
254 2884 348 2962 ipsum
363 2882 507 2960 injuriose
521 2886 676 2947 incurrent
695 2885 1028 2947 excommunicationem
1052 2900 1146 2944 reser-

135 2979 232 3031 votam
243 2970 345 3047 Pnpae,
365 2968 389 3028 si
407 2970 553 3047 percussio
570 2976 615 3027 est
634 2970 749 3047 grnvis3
760 2970 902 3047 Episcopo
917 2965 1007 3038 vero,
1021 2966 1045 3025 si
1058 2965 1146 3029 levis.

136 3056 188 3114 lll.
206 3058 387 3115 Tonsuretus
403 3054 439 3115 fit
450 3071 540 3133 enpnx
561 3054 695 3116 beneficii
717 3053 918 3122 ecclesiastici,
933 3048 1023 3113 modd
1037 3048 1146 3113 hubent

136 3138 175 3195 li
192 3156 295 3201 nnnos.
313 3142 364 3201 tv.
381 3140 429 3200 Fit
449 3158 540 3217 cnpnx
552 3140 645 3199 etiem
665 3140 761 3199 omnis
780 3136 992 3215 jurisdictionis
1006 3136 1143 3198 ecclesis-

134 3221 214 3279 sttcoe
231 3224 269 3282 nd
287 3224 463 3286 conterende
485 3224 650 3300 beneficio,
670 3222 804 3289 terendas
824 3240 981 3299 censuros,
998 3230 1028 3287 et
1059 3220 1144 3300 judi·

135 3302 240 3362 eundus
257 3324 355 3367 enusns
372 3310 549 3387 spirituales.

172 3386 222 3441 itt.
232 3416 271 3428 -
281 3388 377 3455 Quaer.
389 3390 454 3464 hlc,
465 3396 591 3471 qualiter
600 3402 739 3475 peccent,
752 3403 782 3457 et
792 3414 865 3477 quas
874 3395 1028 3457 incurrent
1040 3406 1144 3471 poenns

134 3466 234 3558 cleriei
245 3464 380 3530 lubitum
391 3485 443 3533 aut
452 3480 618 3541 Tonsurnm
629 3500 689 3543 non
702 3482 885 3544 deferentes?
895 3489 925 3541 et
940 3477 1057 3557 quondo
1071 3492 1142 3554 pro·

100 3589 105 3595 .
135 3552 201 3616 pter
215 3546 246 3605 id
262 3549 417 3628 privilegio
433 3557 491 3619 sori
508 3572 540 3623 et
554 3566 675 3632 cononis
691 3568 868 3649 priventur?
880 3562 984 3630 Clerici
1000 3561 1032 3625 iu
1045 3562 1142 3621 ruino-
