2475 3975
381 157 431 221 Ec
443 155 578 242 operatos
590 155 744 221 Benedicti
754 157 844 222 XIV.
1057 161 1116 223 509

109 259 173 333 rit,
191 277 253 322 non
272 257 367 321 teneri
394 259 431 319 ad
453 258 690 320 denuntiandum
712 257 831 320 cosdem
853 257 1060 333 contessartos,
1083 262 1114 322 id

109 352 228 422 agentes
241 363 276 406 cx
286 343 413 423 quddam
423 343 624 422 imprudentia
639 362 672 404 ac
681 343 888 421 simplicitate,
902 345 1011 424 quique
1018 345 1114 407 eidem

109 429 193 508 praxi
217 430 324 491 addicti
342 448 377 490 cx
390 429 619 491 circumstantiis
637 427 754 508 agnosci
775 435 836 490 non
855 430 978 508 possint.

147 524 319 586 Confessarii
335 523 512 602 poenitentes
534 541 601 584 suos
620 523 658 584 ad
676 523 775 602 turpia
793 523 984 586 sollicitantes
1000 525 1115 592 denun-

108 607 200 667 tiandi
218 619 288 670 sum
302 609 338 668 ab
355 608 459 668 eodem
478 609 662 686 poenitente,
682 627 748 686 quoe
771 607 957 670 denuntiatio
977 609 1043 676 lieri
1063 609 1116 670 de·

107 692 179 764 bct,
196 693 311 754 etiamsi
327 692 519 756 conlcssarius
542 693 582 755 sit
609 693 736 772 simplex
761 692 914 770 sacerdos,
930 702 961 755 et
975 693 1115 774 jurisdic-

106 777 188 837 tionc
201 785 296 838 careat
310 798 320 855 ς

158 871 279 934 Etiamsi
300 870 411 950 pariter
432 869 633 933 sollicitationi
656 871 720 950 ipse
740 870 887 955 poenitcns
910 889 971 933 non
991 889 1115 934 consen·

108 955 181 1016 serit
196 975 204 991 ·

127 999 268 1192 mEtiamsi
293 1055 361 1128 post
392 1047 487 1128 ipsam
507 1047 744 1113 sollicitationem
772 1055 889 1127 tempus
909 1047 1032 1128 longum
1052 1048 1116 1128 jam

108 1149 126 1194 e
159 1140 280 1191 uxerrt·

126 1175 446 1370 rdtiamsi’sollicitatio
463 1223 545 1286 tiata
563 1226 740 1289 confessario
759 1243 821 1288 non
842 1243 899 1305 pro
913 1243 965 1301 se,
984 1225 1037 1288 sed
1059 1243 1115 1304 pro

108 1327 124 1369 a
139 1327 178 1368 10.Ι
376 1333 378 1340 ·

148 1400 322 1462 Confessarii
341 1400 478 1476 caveant,
500 1419 542 1466 ne
554 1401 753 1482 poenitentes,
770 1422 846 1482 quos
857 1403 995 1491 noverint
1007 1404 1044 1465 ab
1057 1403 1117 1465 alio

107 1487 298 1558 sollicitatos,
314 1487 486 1558 absolvant,
504 1487 559 1547 nisi
574 1487 657 1568 priris
669 1533 678 1559 ,
691 1489 754 1549 sive
771 1490 1025 1555 denuntiationem
1040 1492 1118 1552 tece-

107 1575 186 1652 rint,
207 1573 255 1633 rel
267 1573 371 1634 saltem
386 1573 578 1651 promiserint
596 1591 628 1634 se
646 1573 872 1641 denuntiaturos
893 1574 1116 1657 quamprimirm

107 1667 259 1739 poterunt.
279 1660 322 1719 lta
338 1659 370 1719 in
382 1653 467 1719 bulla
489 1659 714 1720 Sacramentum
731 1661 925 1740 penitentie.

146 1759 344 1820 Confessarius
355 1767 434 1820 caret
455 1760 537 1818 omni
558 1761 774 1821 auctoritatcet
790 1761 996 1837 jurisdictione
1019 1765 1118 1826 absol·

106 1843 196 1906 vendi
208 1843 321 1906 socium
334 1843 467 1904 criminis
487 1843 582 1921 turpis
603 1844 636 1903 in
653 1843 758 1905 ordine
770 1846 807 1903 ad
825 1846 899 1905 illud
919 1851 1032 1910 crimen
1048 1870 1117 1913 cum

107 1929 161 1993 illo
182 1928 394 2005 commissum,
412 1935 443 1989 et
457 1927 482 1988 si
496 1925 692 1989 nihilominds
703 1942 791 1989 ausus
802 1929 892 1990 luerit
903 1931 1118 1997 absolutionem

106 2015 183 2077 hanc
199 2013 367 2093 impertiri,
382 2014 446 2091 ipso
459 2010 536 2097 lacto
551 2014 1026 2077 incurritexcommunicationem
1036 2020 1119 2078 Sum·

107 2118 158 2163 mo
173 2098 307 2163 Pontifici
328 2106 524 2173 reservatam,
547 2116 616 2175 quaa
632 2097 777 2159 absolutio
798 2101 869 2160 socii
891 2101 1024 2161 criminis
1043 2119 1119 2162 neve

107 2188 141 2245 in
160 2184 224 2261 ipso
244 2182 368 2247 tubilaeo
382 2224 392 2255 ,
406 2182 455 2247 vel
471 2182 628 2261 privilegio
645 2182 736 2249 bulla
751 2182 897 2248 cruente
917 2186 1051 2265 impendi
1066 2203 1119 2247 va·

107 2270 161 2332 let.
174 2264 255 2330 Ibid.
497 2275 507 2281 “

146 2374 182 2435 ln
194 2370 301 2433 mortis
315 2368 389 2433 verb
408 2369 531 2433 articulo
546 2370 572 2432 si
593 2370 671 2433 adsit
682 2373 863 2453 quicumque
875 2375 951 2437 alius
963 2375 1117 2450 sacerdos,

106 2461 159 2541 qni
173 2456 309 2537 prasenti
318 2456 483 2517 necessitati
491 2456 663 2536 provideat,
674 2466 703 2519 et
711 2456 900 2521 confessarius
909 2466 1004 2524 soclus
1016 2463 1118 2525 crimi-

107 2541 520 2621 nisnihilomindspoenitenti
531 2540 750 2623 alitsdisposno
768 2546 947 2623 impenderit
958 2548 1119 2611 absolutio·

108 2650 191 2702 nom,
203 2629 348 2695 absolutio
360 2628 481 2707 quidem
489 2630 548 2707 ipsa
557 2630 647 2702 valet,
657 2639 687 2689 at
696 2631 888 2692 confessarius
896 2631 1044 2695 lethaliter
1051 2654 1119 2714 pec·

110 2726 168 2789 cat,
179 2725 208 2777 ct
219 2715 554 2776 excommunicationem
560 2722 738 2775 reservatam
748 2716 984 2791 incurritQuare
994 2738 1053 2780 non
1064 2739 1120 2800 po·

110 2811 166 2864 test
174 2800 202 2861 id
210 2816 296 2879 agere
305 2798 497 2859 confessarius
508 2798 563 2859 nisi
571 2796 639 2859 crim
655 2802 918 2882 necessitasnrgeat
931 2808 1036 2866 mortis
1048 2805 1119 2878 ,nec

100 2885 186 2947 adsit
201 2885 276 2945 alius
299 2884 432 2943 sacerdos
453 2883 557 2943 saltem
578 2884 724 2963 simplex,
741 2888 793 2965 qui
818 2888 965 2969 impertiri
978 2891 1120 2953 'eamdem

108 2969 324 3032 absolutionem
339 2968 449 3047 possit,·
471 2968 518 3029 rel
534 2969 638 3029 saltem
652 2971 707 3030 nisi
727 2973 790 3050 ipsc
814 2990 874 3033 nnn
894 2981 991 3051 posset
1009 2974 1120 3037 abhoc

109 3063 235 3118 munera
247 3070 350 3113 vacare
371 3054 435 3116 sine
450 3054 532 3132 gravi
548 3054 647 3131 aliqud
666 3055 787 3115 iniamid
799 3057 846 3115 vel
862 3057 1008 3118 scandalo.
1024 3060 1121 3119 Tenc·

109 3150 161 3201 tur
174 3138 298 3219 proinde
311 3138 411 3199 omnia
427 3137 523 3198 media
537 3134 678 3199 adhibere
699 3139 772 3201 citra
784 3140 974 3214 scandalum,
985 3142 1033 3203 vel
1044 3145 1120 3204 inia-

110 3228 201 3287 miam
215 3242 297 3285 suam
311 3223 347 3283 ad
364 3224 438 3297 hoc,
457 3233 492 3286 nt
512 3224 574 3302 ipse
592 3242 624 3285 se
644 3224 818 3300 subtrahat,
836 3233 868 3286 et
889 3227 980 3288 aliurn
991 3272 999 3302 ,
1012 3231 1037 3290 si
1054 3230 1119 3291 lieri

110 3310 221 3392 possit,
241 3308 409 3369 substituat.
425 3312 468 3369 lta
488 3308 622 3370 Pontifex
643 3310 676 3370 in
688 3309 885 3373 declaratione
898 3313 1007 3392 prioris
1031 3314 1121 3374 bullae

111 3396 334 3455 Socrornentnnt
349 3392 534 3455 Poenitentioe
554 3394 633 3455 nord
644 3395 697 3454 sud
711 3396 792 3457 bullat
803 3395 963 3479 Apostolici
975 3396 1118 3458 monetis.

150 3487 322 3565 lnjungitur
340 3486 504 3547 Ordinariis
518 3530 526 3557 ,
541 3495 575 3545 ut
597 3486 630 3546 in
648 3486 859 3565 approbatione
877 3487 1121 3549 confessariorum

113 3572 354 3633 constitutionem
377 3568 513 3653 Greqorii
523 3569 596 3631 XV.
610 3576 640 3630 et
662 3581 838 3648 praesentem
855 3567 965 3633 Bened.
978 3570 1071 3631 XIV.
1084 3568 1121 3627 ab
