2475 3975
278 215 325 275 De
339 212 564 296 odia'potiooibes
578 212 682 275 divers.
701 220 843 276 statuum.
1026 220 1066 280 55

64 318 180 383 minatio
204 316 256 389 fit,
276 322 311 375 ut
334 332 383 375 res
406 333 466 375 non
484 314 632 375 vendatur
649 316 794 388 minoris,
810 334 870 377 non
891 324 1009 393 autem,
1030 328 1065 380 ut

63 410 217 481 proxeneta
235 398 312 461 illud
326 398 407 477 qnod
425 407 557 477 superest
574 398 631 458 sibi
645 400 772 460 retineat
783 421 793 476 3
804 399 896 479 idque
908 402 1039 480 procedit
1053 448 1062 475 ,

63 487 167 548 edamsi
181 484 336 546 adomim
352 482 443 542 luerit
454 482 535 543 loeus
548 482 730 561 designatus,
748 483 799 544 uhi
813 501 860 543 res
871 484 1062 559 venderetur,

59 580 85 633 et
98 577 280 651 proxeneta,
294 564 426 627 adhibita
440 566 481 626 ibi
495 566 594 626 debita
607 566 759 644 diligentis
772 610 781 639 ‚
793 568 826 628 in
839 567 898 628 alio
910 567 975 629 loeo
986 570 1064 630 mul-

58 655 116 717 him
131 655 255 715 distanti
281 652 376 729 pluris
398 649 507 711 deinde
524 648 724 710 vendidisset:
746 652 856 713 etenim
878 660 951 713 tune
975 655 1064 715 etiam

58 740 199 809 dicimus,
215 734 298 817 qudd
316 739 379 816 ipsa
402 737 506 813 nequit
525 752 613 795 omne
633 732 817 814 superfluum
843 738 994 811 retinere,
1012 738 1064 799 sed

57 823 165 885 tantdm
174 822 212 883 id
225 820 306 899 quod
319 820 375 900 ipsi
391 828 521 898 spectare
535 826 633 897 potest
647 820 686 880 oh
697 820 782 880 illum
796 821 1063 883 extraordinarium

56 910 199 983 laborem3
210 922 340 966 namres
359 920 477 981 semper
494 903 615 962 domino
631 901 797 963 fruetificat.
812 905 981 982 Exeipimus
1003 904 1062 984 (lh
1106 926 1116 954 ¹

8 996 10 1055 l
54 994 172 1053 rhene
189 988 355 1079 autem.)l.
370 989 401 1048 Si
422 995 583 1065 proxeneta
599 1003 665 1046 rem
684 987 838 1045 meliorem
858 989 1011 1061 reddidit,
1033 998 1063 1049 et

54 1074 114 1137 ided
129 1060 243 1155 pluris
251 1071 447 1147 vendidisset,
463 1068 553 1148 quim
571 1086 618 1129 res
633 1066 715 1147 priris
727 1068 853 1129 valebat.
866 1072 896 1131 9.
911 1070 940 1130 Si
958 1090 1065 1149 proxe-

8 1206 9 1209 ,
53 1168 114 1218 neta
136 1174 209 1218 eum
227 1156 352 1217 domino
372 1154 562 1227 convenerit,
581 1152 710 1231 amplids
729 1153 757 1213 ei
780 1171 841 1214 non
854 1152 992 1226 tradere
1008 1156 1064 1216 nisi

53 1244 178 1319 pretium
190 1244 229 1305 ab
239 1260 276 1304 eo
286 1241 540 1301 determinatum
555 1248 586 1299 et
598 1236 727 1300 hoesrve
736 1256 871 1315 expresse
882 1256 944 1300 sive
958 1238 1063 1313 tacite,

8 1325 9 1353 ³
54 1336 137 1403 prout
154 1336 234 1388 esset
256 1326 280 1386 si
300 1324 439 1384 dominus
458 1322 576 1383 nullum
596 1340 652 1403 pro
675 1321 739 1399 ejus
759 1322 861 1384 labore
882 1323 1064 1421 stipendium

8 1442 10 1497 p
54 1413 235 1499 assignasset.
257 1410 288 1470 5.
310 1410 360 1480 Si,
377 1406 458 1485 quod
476 1416 626 1485 superest,
648 1414 723 1465 esset
737 1406 820 1483 parvi
844 1408 1007 1481 momenti,
1022 1409 1063 1468 ita

55 1504 83 1554 nt
101 1494 301 1573 praesumetur
320 1492 458 1553 dominus
478 1490 655 1551 condonare.
682 1491 713 1548 d.
739 1491 768 1549 Si
791 1500 972 1567 proxeneta,
989 1492 1063 1553 faetet

54 1578 200 1640 ordinaria
214 1578 387 1655 diligentia,
408 1576 471 1653 ipsa
494 1574 613 1634 sibimet
634 1582 747 1635 emeret
760 1592 824 1634 rem
838 1576 935 1653 pretio
949 1577 986 1637 ab
998 1577 1063 1638 aliis

9 1724 10 1735 ,
53 1663 167 1734 oblato,
187 1671 219 1723 et
235 1670 337 1741 postea
357 1678 424 1719 eam
444 1658 537 1738 pluris
552 1658 705 1719 venderet.
729 1658 811 1719 ldeni
833 1658 1013 1735 dicendum,
1036 1662 1061 1721 si

9 1742 11 1825 l
53 1748 114 1823 quis
132 1748 190 1807 tibi
203 1746 387 1807 commiserit
397 1744 527 1822 aliquam
539 1760 603 1802 rem
614 1742 770 1813 emendam
786 1744 883 1822 pretio
896 1744 1061 1823 designato,

10 1838 11 1855 ¹
53 1838 79 1889 et
90 1830 261 1892 tuminoris
276 1830 410 1905 emisses3
420 1838 491 1888 tune
503 1827 584 1887 enim
600 1826 678 1886 nihil
691 1826 818 1905 amplids
831 1830 946 1907 exigere
961 1839 1062 1907 potes,

9 1977 11 2008 Ι
54 1915 104 1975 nisi
120 1914 395 1977 extraordinarium
415 1912 548 1972 laborem
562 1910 743 1970 adhibuisses
761 1920 793 1970 ut
807 1913 948 1991 impense
961 1930 1061 1992 paree-

55 2018 112 2079 res·,
126 2010 180 2062 aut
198 2003 224 2060 si
241 2017 307 2060 rem
326 1999 378 2059 tuo
399 1999 520 2058 nomine
540 1997 677 2095 emisses,
696 1997 862 2096 perieulum
881 2001 913 2058 in
932 2006 962 2058 te
981 2015 1061 2056 assu·

54 2047 178 2164 metld03
189 2084 250 2146 hoe
267 2093 367 2144 tamen
382 2082 576 2184 intelligitur,
591 2082 614 2140 si
630 2080 693 2158 jam
706 2082 899 2158 praemisisses
917 2083 1061 2141 moralem

11 2194 13 2205 ν
54 2131 254 2248 diligentiam,
274 2185 330 2228 nee
351 2168 511 2228 invenisses
532 2164 549 2225 ir
572 2181 715 2243 quorem
733 2165 860 2224 minoris
884 2181 985 2224 emere
1007 2181 1062 2241 po·

55 2253 152 2314 tuisses
161 2250 256 2333 (itio.
259 2252 282 2330 l.

87 2339 135 2398 69.
158 2335 366 2410 Duodecimd,
388 2338 413 2397 si
437 2332 550 2396 aceedit
570 2332 777 2403 barbitonsor,
801 2311 1002 2412 interrogetur
1021 2357 1059 2399 au

54 2420 120 2481 alios
140 2421 296 2482 tondeat
288 2439 320 2480 1n
343 2420 447 2480 diebus
467 2418 601 2493 festivis,
623 2427 654 2478 et
672 2418 725 2478 ubi
745 2416 916 2494 buJusmodi
938 2440 1061 2484 eonsue-

55 2507 120 2566 tudo
134 2523 197 2566 non
211 2505 312 2566 adsit?
326 2507 404 2564 Dum
419 2502 521 2565 eontrh
539 2503 616 2564 id
589 2521 616 2564 er
633 2519 694 2563 non
707 2511 752 2562 est
765 2503 911 2576 vetitum,
924 2506 975 2566 uhi
990 2527 1060 2569 eon·

54 2591 173 2651 suetudo
188 2589 256 2668 jam
276 2590 443 2651 introducta
456 2597 518 2649 est:
535 2597 586 2648 aut
601 2590 627 2648 si
648 2588 691 2648 ibi
703 2599 856 2665 nequeunt
874 2590 931 2649 viri
943 2595 1059 2653 tonderi

53 2674 104 2735 nisi
124 2677 158 2736 in
178 2676 281 2748 lestis,
298 2673 334 2736 ed
355 2673 463 2752 qubd
453 2692 486 2733 ru
502 2659 567 2733 aliis
580 2671 685 2733 diebus
705 2671 799 2732 labori
820 2690 940 2752 operam
952 2695 1061 2738 navare

10 2819 11 2833 ,
52 2758 175 2834 debent,
195 2768 231 2820 ut
247 2777 278 2820 se
298 2777 424 2838 suosque
445 2767 610 2818 sustentare
632 2757 755 2836 possint.
775 2759 942 2818 Praeterea
932 2770 1061 2824 interro·

10 2849 11 2856 ’
51 2852 152 2921 geter,
177 2861 218 2902 an
242 2859 358 2903 comam
381 2842 557 2904 mulieribus
580 2850 759 2921 componat,
781 2841 866 2923 juxta
888 2845 1060 2924 improbum

10 2937 11 2987 t
53 2945 134 2988 usum
156 2925 225 2988 hoe·
234 2926 400 3025 temporea
421 2935 504 2986 satan
524 2927 691 2988 inventum.
710 2925 867 2987 ordinarie
887 2927 1058 3004 loquendo,

9 3019 10 3022 ’
53 3019 122 3088 puto
138 3012 169 3072 id
188 3029 252 3072 esse
270 3011 341 3070 viris
362 3011 528 3089 proximam
549 3011 732 3076 oeeasionem
752 3011 891 3088 peeeandi
912 3011 1061 3073 lethaliter

53 3098 189 3175 turpibus
214 3097 477 3171 delectationibus,
501 3105 552 3157 aut
575 3097 679 3157 saltem
701 3096 875 3173 desideriis;
895 3097 975 3157 unde
993 3099 1059 3161 dieo

9 3179 10 3182 ’
53 3181 177 3242 minime
201 3180 436 3260 permittendum
458 3181 490 3242 id
509 3181 599 3241 alicui
621 3181 725 3260 quiin
746 3198 778 3240 se
800 3181 978 3243 contrariam
999 3203 1059 3245 non

55 3261 199 3327 habuisset
221 3267 444 3345 experientiam.
468 3265 554 3340 Qubd
575 3266 599 3326 si
616 3283 748 3344 unquam
768 3266 835 3343 quis
853 3285 907 3344 per
930 3270 1060 3331 notabile

56 3356 169 3428 tempus
185 3361 324 3431 expertus
343 3350 463 3425 luisset,
478 3353 510 3410 in
528 3350 699 3428 hujusmodi
720 3351 834 3410 actione
845 3371 876 3412 se
895 3353 1059 3414 immunem

55 3432 228 3510 ipsoram,
251 3433 299 3496 hie
319 3435 422 3495 reveri
443 3435 578 3495 damnari
600 3435 705 3512 nequit
727 3434 765 3494 da
784 3438 920 3512 mortali,
934 3437 985 3496 sed
1004 3435 1060 3495 hoe

58 3537 114 3578 non
128 3520 281 3593 obstante,
299 3538 359 3580 non
373 3522 489 3582 omittat
501 3521 693 3582 confessarius
710 3538 779 3580 eum
798 3522 953 3582 removere
967 3539 1059 3597 quan·

9 3675 10 3694 Χ
58 3603 117 3665 thm
135 3612 233 3684 potest
250 3606 286 3666 ah
299 3603 469 3682 hujusmodi
484 3606 597 3680 officio,
613 3604 693 3682 quod
709 3605 788 3668 eertd
801 3608 832 3668 in
848 3625 880 3666 se
894 3607 1059 3683 perieulum

9 3695 10 3718 t
497 3708 500 3714 ·
865 3693 881 3734 a
