2475 3975
368 168 420 229 aa
431 132 568 247 operihos
579 164 734 227 Benedicti
740 158 831 229 XIV.
1046 162 1099 231 h2l

92 286 127 337 n.
143 276 191 336 ld.
208 273 288 347 Quin
306 277 337 337 ct
355 269 412 332 hoc
430 276 528 349 potest
541 270 699 351 Episcopus
719 276 860 349 praestaro
879 286 935 347 pro
950 269 1056 343 libitu,
1073 281 1104 335 et

93 358 212 421 exsuli
236 358 337 437 quiete
355 357 462 416 animoa
483 372 564 426 suaa,
583 355 718 432 quamvis
740 352 815 415 nihil
838 350 943 416 haheat
962 355 1104 435 suspicio·

91 445 150 505 nis.
169 442 246 503 lhid.

131 537 161 595 Si
177 534 248 595 veri
262 533 422 612 Episcopus
437 531 511 591 relit
526 527 635 590 iterium
650 530 817 591 examinare
833 548 906 609 quos
925 532 988 609 ipsc
1001 548 1103 610 appro-

89 621 191 690 bavit,
207 619 373 696 requiritur
394 617 495 677 saltem
514 613 742 691 extrajudicialis
758 613 908 677 infamatio
924 616 961 677 dc
974 616 1099 677 inscitia.

90 703 232 779 Quamvis
252 701 308 770 hoc
334 720 395 761 non
415 700 585 777 requiratur
607 698 646 759 ab
669 698 727 769 iis,
751 717 824 776 quos
845 700 936 760 laicus
961 708 1101 777 patronus

90 788 256 850 nominavit
274 786 312 845 ud
330 784 507 847 heneficium
527 792 683 855 curatum,
699 782 766 845 eum
784 784 898 863 probati
916 803 977 867 non
990 784 1102 845 fuerint

90 875 123 934 in
148 889 312 941 concursu,
336 879 369 930 ut
397 887 433 929 ex
455 870 486 929 S.
503 868 599 942 Rota,
626 876 656 929 et
680 886 716 931 ex
738 868 885 931 Cardiuali
907 868 945 931 dc
964 869 1040 931 Luca
1066 867 1101 929 dc

90 955 212 1038 paroch.
229 954 301 1016 disc
324 954 400 1015 lhid.

131 1046 276 1110 Parochus
299 1045 451 1108 habendus
472 1052 517 1106 est
542 1044 640 1123 quoad
663 1044 775 1105 crimen
800 1044 1003 1123 coanplicitatis
1028 1046 1099 1120 ille,

91 1134 144 1213 qui
168 1138 267 1211 peccat
292 1144 360 1193 cum
386 1131 496 1191 famula
519 1131 592 1201 sud,
616 1148 684 1209 quse
708 1130 740 1191 in
766 1128 829 1209 ejus
852 1130 941 1192 domo
966 1128 1099 1204 habitat,

91 1217 227 1295 quamvis
241 1217 272 1275 in
290 1216 347 1275 alisi
364 1216 489 1294 paroecid
504 1214 609 1275 haheat
629 1223 783 1295 paternam
807 1215 941 1276 domum.
957 1216 994 1275 Et
1006 1216 1100 1293 reipsa

90 1300 211 1378 quidem
228 1310 407 1379 pracceptum
425 1298 558 1377 paschale
578 1309 697 1360 tenetur
710 1302 759 1360 illa
772 1299 897 1378 implere
909 1300 941 1361 in
953 1300 1098 1378 paroeciai,

90 1385 142 1446 ubi
162 1385 336 1446 famulatum
356 1384 457 1445 habet.
473 1387 547 1444 lust.
562 1386 639 1444 Eccl.
654 1386 704 1445 85.
721 1404 753 1445 n.
767 1387 817 1446 22.

129 1478 259 1538 'folcrari
276 1486 393 1556 potest,
408 1486 443 1537 ut
456 1475 601 1555 parochus
614 1475 721 1537 habeut
737 1478 770 1538 in
785 1476 874 1539 domo
890 1477 1029 1539 mulieres
1042 1478 1099 1540 sihi

90 1560 260 1637 conjunctas
280 1564 312 1624 in
334 1565 432 1642 primo
455 1572 485 1623 et
505 1561 635 1622 secundo
655 1562 748 1641 gradu
770 1564 1051 1643 consanguinitatis,
1069 1572 1100 1625 et

89 1647 179 1707 ctiam
195 1646 296 1706 aflines
312 1648 344 1706 in
364 1648 462 1725 primo
475 1646 568 1724 gradu
580 1662 648 1705 curn
663 1648 776 1707 ancillis
791 1664 909 1718 earum,
922 1666 989 1726 quoe
1000 1656 1099 1709 umen

87 1732 220 1793 minores
247 1748 307 1791 non
333 1732 393 1790 sint
420 1733 507 1789 annis
531 1730 736 1809 quadraginta.
764 1734 808 1791 lta
834 1733 986 1793 decretum
1013 1732 1098 1795 esth

87 1817 118 1876 S.
136 1816 245 1892 congr.
261 1810 383 1873 concilii
401 1832 456 1892 pro
473 1815 591 1875 dioecesi
603 1816 792 1875 Bononiensi.
807 1818 880 1875 lnst.
892 1816 967 1875 Eccl.
981 1820 1030 1877 72.
1045 1836 1099 1896 par

86 1908 202 1969 toturn,
226 1897 360 1976 quamvis
386 1896 443 1957 hoc
464 1897 616 1959 decretum
641 1901 777 1978 respiciat
800 1899 923 1959 famulas
947 1919 1014 1961 cum
1037 1919 1098 1962 uno

86 1982 295 2047 tantummodo
313 1982 441 2062 parocho
462 1983 683 2062 cohabitantes;
699 2005 766 2064 quae
784 1983 856 2046 vend
879 2003 987 2045 munus
1010 2005 1097 2048 suurn

87 2079 229 2149 praestant
247 2067 577 2148 propinquiscjusdcm
599 2071 720 2149 parochi
744 2070 868 2132 minoris
891 2070 981 2130 etiam
1003 2072 1097 2132 aetatis

87 2155 324 2233 permittuntur,
334 2153 497 2216 dummodo
508 2163 607 2216 umen
621 2155 823 2218 testimouium
837 2155 923 2218 bonoe
934 2155 1019 2216 famae
1036 2174 1097 2218 suos

84 2240 222 2302 habeant.

125 2339 247 2402 Parochi
265 2341 369 2402 alienae
382 2340 515 2402 diaecesis
533 2359 594 2402 non
607 2349 730 2420 possunt
748 2343 780 2402 in
801 2340 892 2402 altera
908 2340 1010 2402 audire
1026 2360 1097 2403 con-

85 2426 225 2486 fessiones
236 2428 301 2487 sine
317 2427 530 2505 approbatione
543 2427 693 2488 Ordinarii
712 2429 792 2487 illius
810 2428 884 2498 loci,
902 2427 958 2486 nisi
979 2425 1095 2487 tantrinr

84 2512 423 2657 {uopurgresubdgtorum
442 2513 486 2572 lta
505 2530 542 2573 ex
558 2513 640 2576 decr.
661 2515 692 2575 S.
710 2515 883 2592 Congregat.
898 2513 1009 2574 Concil.
1022 2515 1093 2574 lnst.

109 2613 163 2656 cc.
221 2615 279 2658 .n.
318 2640 326 2657 .
481 2621 484 2627 ·

125 2696 247 2758 Panochi
262 2715 316 2776 per
336 2706 511 2759 concursum
533 2699 645 2777 provisi
668 2705 824 2759 censentur
840 2695 939 2758 idonei
957 2695 994 2756 ud
1010 2697 1095 2758 audi·

86 2781 177 2843 endas
192 2783 385 2842 confessiones
402 2783 433 2843 in
450 2784 512 2844 tota
530 2785 669 2852 civitate,
684 2783 732 2842 vel
755 2781 884 2861 oppido,
905 2781 957 2866 uhi
975 2783 1094 2862 parochi

87 2866 328 2942 constituuntur,
350 2885 410 2929 non
429 2865 500 2928 veno
517 2870 549 2927 in
569 2870 631 2929 toti
650 2868 766 2928 dioecesi
783 2867 915 2947 Episcopi
934 2869 1097 2946 approban-

85 2953 143 3027 tis3
155 2959 190 3011 ut
203 2969 240 3012 ex
256 2951 380 3012 decretis
396 2954 426 3012 S.
439 2954 614 3032 congregat.
629 2953 705 3015 ibid.
724 2971 756 3014 n.
772 2955 871 3013 latr
883 2953 1095 3016 consuetudine

84 3043 186 3097 umen
208 3038 328 3115 parochi
349 3036 474 3098 civitatis
495 3039 692 3100 confessiones
712 3037 836 3100 audiunt
855 3039 887 3098 in
908 3038 1044 3113 diecesi,
1064 3049 1094 3102 et

83 3121 149 3183 vice
166 3121 261 3181 versi.
277 3120 353 3181 lhid.
368 3141 400 3182 n.
415 3124 464 3182 ts.

124 3213 154 3272 Si
181 3213 325 3292 parochus
349 3215 492 3278 beneficio
516 3216 690 3291 renuntiet,
717 3216 830 3296 indiget
854 3216 931 3278 nova
958 3217 1094 3280 facultate

84 3295 226 3358 audiendi
246 3300 461 3374 confessiones,
479 3308 514 3361 ut
531 3320 567 3362 cx
587 3302 737 3364 communi
753 3301 925 3364 Doctorum.
941 3303 1017 3364 lbid.

125 3389 272 3466 Parochns
288 3391 400 3453 hahens
417 3392 531 3456 reditus
547 3405 667 3470 tenues,
681 3405 711 3458 ct
725 3395 868 3474 populum
882 3404 942 3456 tarn
959 3396 1093 3472 frequen·

84 3489 165 3550 tem,
184 3486 220 3536 ut
238 3495 293 3556 per
313 3496 345 3536 sc
366 3478 499 3541 sufficere
522 3491 649 3560 nequeat
668 3480 820 3540 audiendis
842 3479 1091 3551 confessionibus,

84 3571 205 3628 tenetur
222 3563 278 3623 sibi
300 3563 460 3646 adjungere
478 3567 571 3629 alium
589 3567 768 3630 sacerdotem
786 3563 969 3643 adjutorem,
988 3563 1052 3640 cui,
1065 3564 1090 3626 si
1186 3567 1189 3574 '

129 3652 212 3712 Torta.
226 3651 288 3712 IX.
898 3651 936 3710 56
