2475 3975
352 139 397 201 Dc
415 135 565 199 iauodutis
585 140 725 207 censura,
739 144 791 198 ete.
1038 143 1076 203 tt

80 243 182 303 nudius.
193 242 254 302 Nec
264 238 371 299 suiiicit
383 239 501 317 copula,
516 246 550 297 ut
561 239 610 299 alii
625 238 744 309 dicunt,
762 240 850 300 etiam
868 241 972 301 aiicctu
984 244 1075 303 utori-

78 329 122 387 tali
142 325 255 386 habita.
274 322 352 383 Beni
373 332 470 384 tamen
496 324 565 383 sotis
587 324 647 384 erit
666 322 788 383 dicere:
806 324 949 386 Nostrum
973 325 1073 409 eonju-

78 430 151 491 paum
167 406 335 470 invalidum
351 405 413 486 suit
427 404 461 467 ob
476 406 637 488 quomdam
648 408 902 469 drcuorstootiom
915 407 998 489 (diam
1013 427 1073 471 non

79 504 114 555 est
131 493 269 572 obligatio
283 490 487 551 manifestandi
509 493 682 571 qualitatem
699 493 938 572 impedimenti),
958 511 1074 554 renoue-

77 594 134 641 tuus
144 596 326 641 moeoticum.
339 577 398 637 Aut
408 596 416 635 ι
426 575 544 657 quortdo
561 586 587 639 te
601 576 698 649 duxi,
713 597 775 639 ooo
786 577 880 641 habui
895 597 999 640 oerum
1011 597 1074 641 coo·

76 684 183 728 comm
204 665 286 743 (nam
310 679 467 723 consensus
487 664 607 732 nullus,
629 680 689 725 non
714 675 758 723 est
780 683 867 725 verns
892 664 1073 742 consensus).

77 753 148 811 dut:
164 752 228 831 Epo
244 746 367 829 dubiam
379 746 469 809 dobeo
489 746 525 811 dc
544 746 643 811 ooiore
665 751 762 811 nostri
781 750 984 827 matrimonii,
997 748 1076 811 orode

76 834 171 897 iterim
182 832 402 895 contrairemus.
416 834 489 907 Quia
500 844 572 895 tunc
582 854 741 897 consensus
751 880 760 908 ,
769 838 821 915 uui
833 847 999 917 prestatur,
1010 837 1074 916 jam

76 920 90 980 t
103 922 190 1002 priori
212 938 273 981 non
289 920 446 998 dependet.
460 920 573 980 Veniam
586 965 594 991 ,
607 921 726 999 qnando
738 922 867 1000 prudens
880 924 970 983 timor
980 932 1072 992 osset,

77 1024 110 1067 ne
128 1006 257 1086 prefatos
275 1005 378 1065 modos
394 1004 563 1065 adhibendo
586 1005 741 1084 patefieret
756 1006 889 1079 crimen,
903 1015 933 1065 et
946 1008 1075 1084 pericula

76 1091 209 1151 instarent
228 1092 384 1161 rixarum,
399 1090 544 1161 infamiae,
562 1100 613 1151 out
626 1089 774 1159 scandali,
789 1098 819 1149 et
833 1090 896 1150 vice
910 1090 992 1150 versi
1005 1109 1075 1151 eon·

76 1175 125 1250 jux
142 1174 343 1255 impedimenti
363 1176 494 1235 conscius
512 1186 573 1235 non
595 1183 694 1255 posset
712 1175 844 1236 excusari
862 1172 878 1233 a
895 1173 995 1235 debito
1009 1174 1076 1234 red·

78 1258 185 1333 dendo,
204 1268 296 1332 ttrnc,
318 1260 437 1319 executa
458 1258 522 1337 jam
546 1260 784 1337 dispensatione,
807 1258 934 1330 suffieit,
956 1268 990 1319 ut
1013 1260 1076 1339 ipsc

78 1354 169 1405 utatur
189 1346 288 1425 aliquo
312 1362 348 1405 ex
369 1346 464 1405 modis
487 1344 575 1425 snpr'a
597 1346 718 1420 relatis,
741 1346 889 1420 etiamque
912 1343 1019 1403 suiiicit
1043 1351 1077 1402 nt

79 1428 136 1503 ipse
151 1432 225 1492 solus
248 1448 423 1493 consensum
442 1439 553 1509 ponat,
574 1428 643 1491 ciam
667 1431 759 1509 possit
779 1430 811 1489 in
834 1429 884 1489 taii
906 1430 1075 1489 necessitate

79 1514 152 1591 sequi
164 1516 339 1576 sententiam
352 1559 361 1585 ,
374 1534 440 1593 quae
455 1515 542 1576 docet
554 1515 630 1577 benc
641 1513 780 1593 conjungi
799 1513 835 1573 ad
851 1514 1075 1575 matrimonium

79 1598 315 1660 convalidandum
331 1596 505 1659 eonsensum
521 1618 608 1659 suum
621 1619 689 1660 cnm
700 1615 841 1659 consensu
854 1598 892 1659 ab
904 1598 989 1659 initio
1000 1617 1076 1676 prm·

80 1681 170 1744 stituit
185 1694 270 1763 parte
287 1684 458 1761 ignorante,
477 1687 527 1763 qni
550 1702 604 1763 per
623 1684 874 1745 continuationem
888 1682 957 1743 ustis
971 1682 1075 1743 matri·

79 1768 181 1840 monii,
199 1778 251 1828 aut
268 1768 490 1829 cohabitationis
509 1770 677 1830 virtualiter
694 1775 862 1847 perseverat
879 1765 958 1845 (tt).

114 1852 159 1911 86.
172 1854 202 1913 Si
215 1863 315 1913 autem
331 1856 477 1931 poenitens
494 1852 617 1914 baberet
630 1853 875 1930 impedimentum
888 1849 1050 1931 impediens
1062 1897 1074 1929 ,

80 1936 178 2000 scilicet
188 1938 225 1998 ad
246 1956 307 2000 non
321 1938 481 2017 petendam
494 1939 631 2001 debitum
642 1984 650 2011 ,
662 1939 747 2000 causat
768 1938 882 2017 copulae
890 1936 998 1998 habitae
1007 1956 1075 1998 cunt

81 2025 282 2102 consanguinea
304 2025 476 2086 insecundo
493 2027 565 2104 grad
571 2045 588 2086 n
609 2045 671 2085 suae
684 2025 783 2085 uxoris
798 2069 807 2096 ,
824 2022 901 2083 hiet
915 2024 966 2082 tali
981 2023 1075 2099 impe·

80 2105 197 2171 dimonto
211 2110 286 2170 solvi
298 2108 405 2180 debet,
420 2112 465 2171 vel
478 2109 495 2170 b
507 2114 537 2172 S.
553 2111 773 2170 Poenitentiario
786 2153 795 2180 ,
809 2109 856 2166 vel
870 2108 907 2167 ab
921 2107 1073 2183 Episcopo,

81 2201 122 2252 aut
136 2193 171 2254 ab
194 2194 295 2272 aliquo
321 2193 497 2256 confessario
519 2195 647 2272 regulari
665 2195 718 2271 qui
743 2193 911 2251 facultatem
934 2187 1075 2250 haberti

80 2279 186 2350 praelato
197 2281 243 2338 sui
257 2279 427 2340 monasterii
439 2279 487 2357 (L.
500 2297 527 2338 c.
539 2297 571 2338 n.
581 2279 668 2337 toto.
680 2275 873 2356 ulusupen).
882 2274 939 2335 Sed
950 2275 974 2333 si
985 2276 1074 2353 poeni·

82 2369 137 2422 tous
146 2364 292 2443 ignoraret
307 2365 401 2442 legem
411 2363 635 2424 ecclesiasticam
645 2407 653 2434 ,
664 2381 731 2442 qnae
741 2361 819 2421 ultra
832 2360 962 2420 divinam
972 2358 1075 2437 hujus·

81 2446 151 2506 nodi
168 2449 314 2509 incestum
338 2447 496 2528 prohibet,
514 2459 585 2510 tnnc
602 2467 662 2509 non
685 2447 813 2508 incurrit
827 2446 1074 2525 impedimentum
1115 2490 1118 2494 -

81 2528 147 2606 (tat.
161 2535 189 2594 6.
203 2553 235 2594 o.
254 2534 355 2611 tota.)
369 2555 379 2612 5
395 2535 531 2610 quinimo
550 2534 663 2596 etiamsi
680 2533 776 2612 legem
794 2533 899 2604 sciret,
917 2532 968 2592 sed
987 2532 1075 2592 talem

80 2612 217 2689 ignoraret
230 2636 348 2696 poenam
362 2662 370 2690 ,
386 2621 530 2680 etiamcst
541 2619 714 2696 probabile,
732 2615 813 2694 qudd
824 2633 889 2675 cam
903 2634 963 2675 non
974 2616 1075 2674 incur·

80 2707 121 2758 rat
133 2698 164 2779 (i.
175 2721 201 2763 c.
215 2721 247 2762 u.
262 2701 362 2781 tota.)
370 2747 380 2780 ,
392 2705 497 2764 saltem
511 2706 535 2763 si
547 2703 712 2782 periculum
728 2709 822 2763 exstet
835 2699 1074 2770 incontinentiae,

83 2785 287 2866 relinquendus
297 2798 342 2849 est
354 2791 500 2866 praenitens
511 2790 542 2850 in
555 2807 606 2848 sna
620 2789 696 2849 bona
713 2788 784 2848 fide.

113 2872 157 2932 87.
171 2875 312 2936 Notemus
326 2871 374 2934 hic
389 2874 528 2935 formulas
543 2874 581 2934 ad
601 2874 793 2935 obtinendam
808 2871 826 2934 io
842 2867 872 2933 S.
885 2869 1076 2933 Paenitentia-

82 2954 119 3014 ria
130 2957 371 3036 dispensationem
388 2960 420 3019 in
438 2959 566 3039 praefatis
577 2959 822 3038 impedimentis,
841 2975 957 3018 necnon
978 2955 1074 3029 rotis,

84 3049 126 3100 out
141 3043 412 3121 irregularitatibus.

116 3127 190 3188 Circa
202 3131 416 3208 impedimenta
433 3131 638 3202 matrimonii,
652 3128 734 3192 intirs
755 3129 798 3190 sic
811 3127 975 3188 scribatur:
990 3127 1075 3188 Euti-

85 3211 238 3275 neatt'ssimc
256 3222 284 3274 et
296 3213 690 3278 RevereadissimeDomine.

117 3294 153 3358 N.
167 3299 207 3359 N.
227 3317 291 3360 rom
306 3297 412 3362 irubuit
429 3319 494 3360 cum
513 3298 644 3381 quodum
666 3297 810 3371 muliere,
829 3305 858 3359 et
869 3306 972 3380 posteo
986 3316 1076 3379 spon-

85 3375 307 3444 roiiocnttttuct't
322 3402 389 3444 curn
398 3384 461 3466 ejus
474 3403 583 3446 sorore.
598 3383 844 3464 incpedimcutum
856 3391 900 3444 cst
910 3379 1073 3453 occuitum,

85 3471 109 3522 ct
122 3465 148 3525 ai
163 3467 329 3549 conj-apium
359 3487 421 3530 nora
442 3468 545 3549 fieret,
565 3465 655 3548 piore
668 3468 815 3529 evenirent
832 3463 986 3556 scorrdoio3
998 3465 1076 3542 Sup-

85 3545 166 3626 porat
179 3551 242 3622 ideo·
255 3553 404 3618 Etttintat.
424 3556 461 3618 V.
479 3561 515 3614 ut
525 3551 663 3634 dignetur
678 3551 707 3613 oi
719 3550 965 3690 dispensetipnem
985 3563 1077 3605 concc-
