2475 3975
351 159 397 220 De
416 156 696 243 iuterroqutiucibcu
712 162 866 247 faciendis.
1069 176 1109 239 25

100 256 264 337 aliquando
278 257 430 319 tenebitur
445 268 497 319 aut
508 279 539 322 se
552 270 734 338 retractare,
749 273 801 325 unt
814 266 958 331 dominam
974 270 1106 335 relicere.

97 348 130 408 2.
145 348 312 424 interroget
330 344 368 405 de
390 345 480 406 modo
497 364 557 425 qno
574 348 707 427 juravit,
722 353 747 412 si
764 370 821 432 pec
835 355 931 435 Deum
945 399 952 425 ,
964 358 1107 435 perdone

99 438 182 493 ctos.
201 446 256 510 per
276 430 432 506 cremone,-
451 431 475 489 si
497 434 577 492 cuim
597 432 711 509 juravit
733 453 788 514 per
806 439 1033 514 conscientiam,
1055 450 1108 505 out

95 534 152 595 per
166 512 274 593 fidem,
295 515 368 592 quin
388 515 535 576 addiderit
552 516 643 596 fiduu
660 528 795 582 cunctum
812 531 865 583 aut
885 522 1014 600 ebriati,
1036 546 1105 605 pro·

94 596 280 659 babillssimie
297 607 393 675 potest
412 602 542 661 excusari
558 601 573 661 b
588 603 724 680 perjurio
743 601 776 683 (t
790 608 820 667 d.
834 625 867 667 u.
886 608 981 687 lid).
996 610 1107 671 Advec-

95 692 181 743 tatur
190 678 254 753 hic,
267 682 376 741 multos
386 682 475 743 rudes
487 702 548 745 non
562 686 784 764 apprehendere
794 699 827 751 ut
837 701 987 770 peccatum
1000 712 1105 773 gaure,

95 768 233 846 pejerare
250 785 303 845 per
319 768 460 839 Sanctos,
476 768 544 830 crim
562 771 686 833 alterius
698 774 841 835 damnum
855 793 917 837 non
932 777 1103 843 intervenit.

96 856 132 913 Et
141 851 337 932 plerumque,
354 850 464 913 crimin
476 854 555 915 filios
567 899 575 927 ,
587 866 639 916 aut
650 858 795 929 famulos,
814 861 970 923 irascentes
981 862 1102 943 dicunt,

93 956 149 1018 pcc
163 940 277 1014 Deum,
292 955 346 1018 per
355 938 476 999 Suuetos
489 981 497 1008 ‚
509 956 563 1019 per
577 938 727 1002 Christum
746 951 772 1003 te
787 943 931 1016 occidam,
949 946 978 1012 ti
997 946 1105 1010 iterum

96 1019 149 1083 boc
175 1020 288 1100 (acies,
313 1039 373 1082 non
395 1023 568 1101 intelligunt
594 1032 667 1085 tunc
691 1024 843 1104 pejerare,
868 1029 981 1089 etiamsi
1002 1032 1104 1094 reveri

94 1106 193 1165 minas
211 1106 315 1182 exequi
336 1125 398 1167 non
423 1108 596 1185 intendant;
615 1110 720 1170 saltem
740 1129 802 1172 non
819 1112 989 1173 advertunt.

132 1191 296 1265 25.Quoad
306 1202 373 1251 vota
391 1192 464 1251 iacta
479 1194 589 1271 puriter
601 1196 793 1257 confessarius
804 1196 1106 1279 diligenterquuirnt

91 1275 109 1337 d
130 1276 312 1354 poenitente,
327 1277 352 1349 si
372 1276 447 1335 illud
468 1278 548 1355 quod
569 1279 692 1354 emisit,
709 1281 872 1341 silueram
890 1292 1013 1357 votum,
1034 1286 1103 1363 quia

92 1361 202 1438 vulgus
221 1378 296 1438 saepe
314 1361 468 1422 confundit
491 1362 657 1435 desideria,
678 1372 730 1425 aut
754 1365 903 1444 proposita
927 1386 994 1428 cum
1013 1371 1101 1432 votis.

90 1446 138 1507 Ad
160 1444 223 1505 hacc
245 1446 453 1526 distinguenda
476 1446 583 1525 pamm
602 1446 721 1525 jurabit
745 1467 814 1510 cum
837 1451 1041 1532 interrogare,
1069 1463 1103 1518 ut

89 1530 230 1591 nonnulli
253 1531 368 1603 solent,
389 1548 427 1591 an
450 1549 583 1609 unquam
603 1531 741 1594 habuerit
761 1536 958 1597 intentionem
980 1554 1013 1598 sc
1031 1548 1102 1601 voto

89 1616 299 1694 obstringendi
321 1614 377 1674 sub
396 1617 479 1693 gravi
498 1622 641 1694 peccato?
660 1619 813 1697 Siquidem
838 1619 927 1679 rudes
946 1621 989 1682 sic
1009 1623 1103 1684 inter·

87 1704 187 1783 rogati
203 1701 285 1763 facile
307 1710 432 1779 negant3
456 1704 546 1764 satius
563 1706 622 1764 crit
645 1705 848 1784 interrogare,
872 1707 898 1766 si
915 1715 1005 1781 tunc,
1031 1708 1101 1772 cirm

87 1800 197 1851 votum
215 1788 328 1863 omisit,
351 1788 536 1847 existimabat
547 1806 578 1848 se
593 1791 721 1873 graviter
738 1796 926 1869 peccaturum
943 1792 1049 1865 inisse,
1062 1812 1102 1855 on

89 1895 176 1949 non,
199 1878 223 1936 si
242 1882 342 1954 postea
365 1889 426 1933 non
447 1873 694 1950 satisfecisset3ct
711 1876 751 1935 itu
770 1874 876 1935 melius
891 1889 1100 1955 cognoscetur,

89 1978 128 2022 an
141 1960 198 2021 sub
210 1960 310 2040 gravi,
328 1958 374 2018 vel
387 1957 444 2018 levi
456 1974 487 2018 se
500 1966 570 2019 voto
584 1958 767 2040 obligaverit.
778 1960 883 2028 Certus
895 1961 933 2023 de
942 1960 998 2024 hoc
1009 1962 1101 2026 factm

89 2047 283 2108 confessarius
307 2044 363 2105 boe
384 2044 473 2104 luisse
495 2061 598 2108 rerum
620 2054 743 2119 votum,
768 2049 926 2124 exquiret,
949 2067 989 2110 an
1012 2050 1036 2108 si
1061 2051 1100 2112 ob

88 2133 263 2193 dilationem
283 2131 433 2210 putaverit
447 2147 567 2208 peccare
587 2132 772 2201 mortaliter,
786 2138 838 2190 out
851 2128 1002 2206 judicabat
1018 2151 1050 2192 sc
1062 2134 1100 2196 ab

88 2217 147 2278 hoc
170 2220 324 2293 excusari,
351 2216 419 2294 quin
442 2215 498 2276 sibi
522 2223 587 2276 erut
609 2216 797 2294 propositum
817 2213 895 2275 illud
919 2214 1099 2294 adimplendi

87 2301 287 2381 inposterum.

131 2388 180 2447 ld.
202 2385 256 2447 llio
274 2385 360 2464 juvat
378 2395 521 2450 annotare
534 2387 633 2466 aliqua
652 2387 729 2448 circa
748 2393 888 2449 votorum
907 2384 1099 2467 dispensatio·

89 2489 181 2544 nem,
201 2479 232 2531 ct
248 2475 524 2534 commutationem.
541 2473 606 2534 iam
625 2474 761 2534 sciuntur
772 2473 905 2552 quinque
924 2485 991 2534 vota
1005 2491 1101 2536 reser-

88 2564 175 2630 vata,
194 2556 347 2634 religionis
364 2575 489 2637 nempe,
509 2559 652 2617 castitatis
672 2565 821 2636 perpetum
833 2601 842 2629 ,
855 2566 886 2616 ct
906 2558 997 2617 trium
1015 2577 1099 2635 pere-

87 2643 316 2722 grinationum,
337 2644 482 2716 Romam,
505 2643 689 2713 Jerusalem,
713 2651 744 2702 et
763 2640 801 2702 ad
823 2641 1013 2702 s.Jacobu1n
1032 2645 1099 2704 Gal·

88 2727 197 2800 laeciae,
213 2745 274 2787 non
286 2743 370 2804 posse
380 2727 436 2786 nisi
449 2725 465 2787 l
476 2729 554 2805 Papa
566 2726 749 2805 dispensari,
761 2723 924 2787 dummodo
940 2726 1000 2785 sint
1013 2726 1099 2789 abso-

1 2841 3 2850 =
87 2813 150 2873 luto
164 2856 174 2886 ,
195 2829 257 2872 non
277 2821 377 2871 nutem
398 2812 523 2890 poenalia
536 2854 544 2885 ,
558 2820 589 2871 et
610 2810 808 2871 conditionata
822 2809 899 2889 (nit.
913 2812 943 2870 l.
957 2830 990 2871 u.
1004 2812 1097 2891 Qut).

89 2897 141 2957 llis
162 2896 239 2957 adde
256 2906 360 2956 votum
381 2897 606 2973 perseverantiae
625 2896 657 2955 in
677 2895 775 2973 eliqua
795 2896 1099 2973 congregationum}

1 3027 2 3032 1
87 2981 304 3042 communitate
326 2981 446 3040 solitum
470 2981 565 3041 emitti
590 2978 693 3058 (prout
711 2979 747 3040 lit
769 2980 800 3038 in
825 2977 1099 3055 congregationibus

89 3065 341 3125 Eissionariorum
356 3065 385 3124 S.
397 3065 544 3125 vincentii
562 3063 579 3124 ir
593 3065 700 3135 Paulo,
712 3072 743 3124 et
756 3064 787 3122 in
801 3070 901 3122 nostra
914 3063 963 3120 SS.
975 3061 1098 3124 Redem-

1 3188 2 3205 i
89 3150 195 3231 proris)
207 3150 287 3229 quod
299 3149 475 3213 Benedictus
483 3153 573 3214 XIV.
587 3152 619 3211 in
631 3152 714 3211 Bulla
734 3145 906 3211 Convocatis
915 3193 923 3220 ‚
933 3149 988 3211 sub
1004 3150 1098 3212 dicut

89 3235 268 3298 Novembris
282 3235 370 3295 1749.
381 3235 409 3316 §.
418 3237 466 3296 52.
479 3235 535 3296 sibi
548 3235 711 3296 reservavit
727 3231 760 3314 (i.
774 3251 798 3292 c.
810 3252 842 3292 u.
853 3232 946 3312 255).
957 3235 1021 3295 Alia
1031 3246 1099 3297 voto

90 3329 212 3400 possunt
238 3319 414 3380 commutari
440 3329 491 3381 aut
513 3319 677 3399 dispensari
703 3317 741 3378 ab
759 3316 931 3395 Episcopis,
955 3319 1006 3397 qui
1031 3337 1099 3398 pos-

91 3413 161 3464 sunt
178 3401 256 3462 bane
276 3403 443 3464 fucultatem
461 3405 527 3465 aliis
539 3405 675 3480 delegare
691 3400 724 3482 (ἱ.
739 3419 764 3462 e.
779 3421 812 3462 u.
829 3400 989 3480 tenuant
1001 3401 1018 3462 a
1028 3420 1099 3462 con·

92 3489 218 3552 tessariis
235 3490 420 3568 regularibus
435 3487 468 3569 ti.
483 3507 508 3551 c.
526 3508 558 3550 u.
574 3489 644 3550 257.
657 3507 685 3548 u.
700 3489 825 3567 locuti),
837 3497 888 3549 aut
901 3489 938 3548 ab
949 3488 1015 3548 aliis
1029 3506 1100 3550 con·

92 3577 220 3638 ioesariis
237 3595 292 3655 pcr
309 3577 493 3654 facultatem,
506 3575 642 3656 jubilaei,
661 3583 713 3637 cut
730 3575 852 3638 alterius
871 3573 1019 3654 privilegii
1043 3573 1098 3635 sibi

135 3663 218 3723 Teuc.
234 3662 294 3722 IX.
925 3659 945 3716 5
