2475 3975
130 189 188 252 stt
332 184 471 268 Epitome
479 179 618 246 doelrtiaoe
629 179 751 244 morulas
761 188 789 242 et
800 179 948 244 canonieus

129 289 242 352 rtuiiam
257 283 368 350 babent
389 287 556 348 facultatem
573 282 754 346 absolvendi.
770 284 851 344 Sicut
870 301 924 342 nee
941 281 1053 343 babent
1071 283 1141 352 iiii,

128 376 180 454 qui
198 376 235 438 ab
249 373 408 436 ordinario
428 373 484 436 ioci
497 373 586 432 semel
608 371 730 450 quidem
757 369 837 430 iilam
861 367 1056 429 obtinuerunt
1069 391 1079 444 3
1093 371 1146 429 sed

128 460 218 523 inodd
241 459 373 522 cessavit.
398 460 442 519 Ita
473 458 674 536 expluribus
700 456 780 516 decr.
814 455 892 514 Scor.
921 455 1014 530 Cong.
1045 457 1145 515 instit.

130 546 238 606 liedes.
250 547 298 606 st.
313 563 344 606 n.
357 544 406 605 27.
421 543 477 604 Ubi
500 551 598 603 tamen
616 561 653 603 ex
662 560 749 602 sensu
762 540 893 617 ejusdcm
899 540 1147 618 congregationis

129 629 265 702 additur,
282 627 381 690 fideles
400 628 442 688 sic
458 627 535 690 boni
557 627 616 688 [ide
636 627 673 686 ab
690 624 836 704 ejusmodi
859 623 1041 686 mniessariis
1056 625 1146 687 abso«

129 709 207 778 tutos
226 729 286 776 non
304 729 366 774 esso
381 712 599 791 inquietandos.
614 710 690 774 ibid.
701 730 734 773 n.
748 711 799 772 27.

574 892 705 952 JUDAEI.

173 1055 204 1116 si
228 1053 347 1117 iudaeus
368 1053 540 1134 conjugatus
562 1053 599 1114 ad
623 1051 712 1113 iidem
725 1053 862 1126 venerit,
883 1055 1020 1115 uxorein
1037 1055 1146 1118 infide·

132 1141 215 1204 litate
227 1150 453 1221 perseverante,
465 1157 526 1200 non
545 1146 640 1217 potest
656 1138 699 1198 illi
714 1137 850 1198 libellum
864 1139 981 1218 repudii
1002 1142 1146 1215 mittere,

132 1227 224 1289 ctiam
246 1235 327 1288 extra
351 1225 522 1287 ludaeorum
534 1222 744 1296 domicilium,
774 1231 805 1284 et
828 1241 927 1285 coram
944 1225 1083 1299 notario,
1103 1238 1148 1288 te·

132 1311 285 1391 stibusque
306 1309 483 1372 christianis.
496 1307 646 1370 Sanctioni
663 1305 734 1367 huic
752 1309 1007 1371 contravenientes
1023 1312 1047 1370 si
1071 1311 1149 1372 sorti:

133 1397 292 1474 repudium
311 1395 491 1458 coniecerint
502 1395 580 1456 intra
593 1390 765 1453 tudaorum
777 1391 980 1467 domicilium,
998 1404 1029 1456 et
1040 1394 1150 1458 ritibus

134 1481 353 1558 superstitionis
375 1479 538 1552 adhibitis,
562 1474 714 1554 subjacent
742 1476 853 1538 eisdem
880 1479 974 1556 poenis
996 1498 1031 1540 ae
1046 1479 1150 1558 judai·

132 1573 250 1634 nantes,
278 1562 449 1623 mitioribus
469 1571 567 1621 umen
593 1560 763 1638 puniendus
786 1570 832 1622 est
858 1561 962 1641 quiid
992 1565 1150 1626 coniecerit

133 1654 214 1707 ostra
242 1645 414 1706 ludaeorum
440 1643 637 1704 domicilium.
662 1645 833 1708 Puniuntur
859 1648 946 1726 poend
979 1650 1150 1727 pecuniarii

134 1731 241 1791 notarii
262 1729 436 1810 christiani,
450 1730 491 1792 itu
515 1729 548 1790 in
568 1729 780 1796 constitutione
789 1728 951 1811 apostolici
964 1733 1147 1806 nainisterii,

134 1815 185 1877 ubi
202 1815 327 1877 edicitur
340 1817 456 1893 etiam,
478 1833 515 1876 nc
538 1833 613 1878 uxor
635 1813 761 1884 haebraeo
779 1815 817 1876 ad
841 1816 931 1878 iidem
951 1835 1091 1880 conversa
1114 1821 1150 1880 li·
1216 1834 1217 1841 ¹

135 1899 245 1962 bollum
260 1901 378 1981 repudii
392 1902 494 1962 mittat
510 1901 576 1962 viro
598 1899 630 1960 in
649 1899 796 1977 judaismo
811 1903 1019 1978 perseveranti.

174 1985 347 2050 Christianis
375 1985 500 2049 vetitum
519 1993 563 2047 est
577 1985 634 2045 sub
659 1985 985 2071 excommunicatione,
1006 2010 1076 2054 cum
1092 1995 1149 2054 He.

136 2075 223 2137 braeis
237 2072 428 2147 cohabitare,
442 2090 478 2135 ex
490 2090 554 2150 cap.
573 2072 602 2131 5.
616 2068 651 2131 de
665 2068 791 2133 Judoeis.
804 2073 848 2131 De
863 2073 936 2151 Syn.
949 2072 1035 2136 dioee.
1048 2077 1103 2139 lib.
1118 2081 1147 2138 e.

136 2178 200 2238 cap.
218 2162 247 2219 i.
267 2178 298 2223 u.
314 2161 344 2219 i.
367 2160 443 2220 sicut
465 2175 519 2219 nec
540 2156 658 2235 accepts
674 2156 811 2218 mercede
826 2158 985 2221 servitium
1002 2160 1062 2222 illis
1079 2163 1151 2225 assi·

135 2244 228 2305 duum
247 2245 429 2323 impendere.
443 2242 521 2306 ibid.

174 2328 289 2389 Hebraei
303 2328 339 2389 ad
362 2329 452 2389 fidem
465 2329 597 2389 conversi
622 2328 683 2389 suis
707 2327 793 2390 bouis
813 2328 950 2407 privandi
973 2348 1033 2391 nou
1059 2344 1150 2406 sunt,

137 2411 222 2474 need
247 2412 450 2485 successione,
471 2422 502 2471 et
523 2422 683 2492 parentum
701 2412 874 2476 haereditate
895 2415 1098 2493 excludendi,
1118 2429 1151 2480 ut

137 2513 173 2557 ex
193 2494 274 2557 bulld
292 2492 447 2557 Clementis
460 2496 494 2557 X
496 2498 521 2556 1.
542 2496 763 2578 Propopondae.
782 2496 859 2561 ibid.

175 2582 390 2643 Descendentes
409 2580 571 2655 iludaeis,
591 2582 647 2643 nisi
669 2585 754 2645 aliter
774 2595 893 2647 cautum
911 2587 1047 2648 fueritin
1065 2588 1152 2649 bene

136 2666 273 2728 netarum
298 2666 491 2742 fundatione,
518 2668 565 2731 vel
592 2668 649 2730 nisi
674 2670 760 2729 aliter
781 2670 921 2732 Sumrnus
944 2673 1078 2733 Pontifex
1092 2682 1152 2733 sta·

137 2752 246 2823 tuerit,
266 2750 360 2811 arceri
386 2770 447 2813 non
466 2761 588 2831 possunt
604 2752 695 2815 ctiam
713 2772 750 2815 ex
770 2754 1032 2822 constitutionibus
1052 2758 1152 2837 priva·
1215 2813 1216 2820 ,

139 2846 236 2897 tarum
248 2835 440 2895 Ecclesiarum
455 2881 463 2909 ,
476 2837 493 2897 ia
504 2839 714 2900 consecutione
729 2837 963 2913 beneficiorum,
985 2850 1020 2902 nt
1032 2858 1068 2900 ex
1085 2860 1148 2921 cap.
1214 2880 1215 2884 =

138 2924 217 2983 Eone
239 2927 286 2990 ta,
304 2918 338 2981 de
351 2918 512 3002 rescriptis.
536 2921 617 2982 idem
642 2924 753 3003 pariter
769 2923 929 2986 dicendum
948 2924 987 2985 de
1011 2925 1085 2999 iilis,
1098 2928 1151 3006 qui

138 3023 174 3065 cx
194 3004 363 3067 infidelibus
384 3004 577 3067 descendunt.
600 3007 646 3068 De
663 3008 773 3085 Synod.
795 3007 881 3071 dioec.
896 3009 949 3070 lib.
969 3012 1018 3071 ta.
1038 3016 1148 3089 capt.

139 3106 171 3147 n.
186 3088 216 3147 d.
235 3099 265 3149 et
284 3092 313 3151 5.
328 3090 409 3151 idcnr
421 3092 510 3152 ctiam
522 3090 680 3153 dicendum
690 3091 727 3153 de
740 3093 1056 3156 ordinibussacris.1b.
1068 3114 1100 3156 n.
1117 3098 1147 3159 5.

446 3270 597 3331 JUDICES
616 3270 855 3334 SYNODALES.

137 3504 144 3517 ο
176 3428 335 3503 synodales
352 3432 487 3508 judices,
509 3438 618 3514 quibus
633 3436 650 3498 ia
663 3439 795 3500 Romani
808 3440 896 3503 Curii
919 3444 1150 3511 committuntur
1214 3453 1215 3526 t

48 3554 55 3561 .
132 3506 300 3575 judicandae
323 3530 415 3572 caussa
435 3516 466 3574 in
480 3522 644 3593 partibusl
663 3523 752 3582 Curii
773 3526 914 3597 remotis,
937 3527 1086 3603 designari
1098 3532 1149 3590 de·

135 3580 205 3639 beot
219 3603 351 3658 personae
364 3595 395 3652 in
409 3599 599 3662 ecelesiastici
617 3604 761 3682 dignitate
785 3610 972 3685 constitutae,
992 3631 1059 3691 quae
1083 3617 1144 3677 sivo
