2475 3975
131 162 170 225 tt
404 163 515 223 Proars
532 155 719 239 eorrsessorir'.
733 160 807 238 Cap.
823 159 854 218 ι.

132 270 275 343 erogent,
297 271 348 325 out
369 263 471 325 missas
490 260 640 322 eelebrare
657 248 833 321 facientia
850 277 887 321 eo
904 278 973 322 ersa
988 278 1044 341 eqo
1063 261 1142 325 done

132 346 249 409 delendi
265 349 441 409 sententiam
453 345 531 424 (tlt.
546 348 577 405 4.
595 363 629 404 ιι.
650 346 719 406 704.
737 363 767 405 a.
784 343 865 421 Quid
876 344 932 422 ιιι),
945 348 1143 424 poenitentem

132 430 243 495 iterirm
259 432 355 493 teneri
373 431 412 492 ad
427 429 647 491 restituendum
658 474 666 502 ‚
678 430 805 509 quiedrr
816 431 849 491 in
861 431 1002 491 omnibus
1012 432 1142 503 omibus,

132 517 221 578 etiam
248 518 398 589 fortuitis,
426 516 514 576 debet
535 515 663 575 reddere
684 515 842 577 dominum
871 516 1059 591 indemnem,
1085 536 1145 579 neo

130 604 314 680 acquiescere
332 601 416 681 potui
438 602 572 680 opinioni
594 600 733 661 adversae.
759 602 825 661 Dixi
846 601 991 663 dunmxat
1008 601 1084 680 (tet.
1106 607 1140 665 4.

130 704 214 747 num.
226 689 294 748 554.
310 686 367 762 Qu.
382 685 442 763 ΙΙ.)
458 682 539 764 qudd
554 686 579 745 si
599 686 679 745 turta
696 694 793 746 esserm
813 687 948 759 minuto,
959 686 1030 749 lieet
1048 689 1141 749 simui

132 772 213 830 unita
234 772 271 831 ad
290 788 429 851 magnum
452 786 600 832 summam
618 769 815 844 advenerint,
838 779 869 832 et
887 773 1004 834 etiamsi
1023 771 1139 833 domini

131 863 226 915 essem
246 855 339 925 certi,
358 854 409 916 sed
433 854 564 927 diversi,
589 863 662 915 tuae
686 856 893 918 exeosdromi
914 859 1139 937 peceatogrevi

130 956 199 1001 eam
211 941 265 1019 qqi
280 940 369 1001 vellet
391 940 550 1002 restituere
567 941 769 1019 pauperibus,
790 950 913 1021 propter
929 942 1076 1004 rationem
1094 941 1140 1002 ibi

130 1026 266 1103 allatam,
288 1034 318 1087 et
343 1026 432 1087 etiam
452 1024 610 1100 dvonisii,
631 1027 657 1086 ei
685 1027 872 1087 rationabilis
891 1027 985 1088 marsa
1002 1028 1139 1098 adesset,

130 1120 219 1190 prout
240 1112 265 1171 si
282 1111 429 1173 restitutio
447 1110 512 1169 iieri
533 1127 593 1170 non
615 1118 714 1188 posset
732 1110 861 1173 dominis
879 1111 1078 1174 sinenotebili
1090 1112 1140 1172 in·

130 1194 304 1265 commodo,
318 1201 370 1254 aut
382 1194 406 1253 si
423 1194 514 1271 aliqui
536 1210 680 1273 pauperes
697 1196 728 1256 in
740 1214 775 1257 ea
788 1206 884 1257 essent
896 1198 1088 1267 nenessitate,
1105 1204 1141 1255 ut

130 1290 380 1358 praesumerentur
401 1279 517 1340 domini
537 1282 724 1353 consentire,
745 1288 781 1342 at
802 1282 862 1342 iilis
877 1282 970 1343 ‘tieret
988 1282 1139 1343 restitutio

130 1361 163 1445 (l.
177 1383 200 1424 o.
213 1382 296 1426 num.
310 1365 378 1425 505.
392 1364 426 1424 in
436 1362 519 1444 fita).
534 1364 564 1423 Si
587 1365 655 1443 quis
665 1365 800 1427 fraudem
819 1367 923 1427 multis
935 1366 1068 1439 ciuibus,
1085 1366 1139 1426 sed

130 1453 251 1513 incertis
264 1451 366 1513 ieeerit
382 1468 436 1529 per
453 1450 532 1511 furta
548 1451 665 1511 minute
676 1496 686 1524 ‚
697 1468 744 1513 ex.
766 1465 813 1533 gr.
831 1452 1139 1524 vendendevinom,

129 1538 227 1599 oleum
250 1544 319 1613 ete,
342 1535 478 1596 mensuri
494 1534 643 1609 detraetd,
664 1546 716 1597 aut
732 1537 864 1619 pondere
886 1534 1067 1612 imminuto,
1082 1549 1140 1615 ego

128 1622 245 1683 delendi
259 1620 353 1682 teneri
366 1620 402 1681 ad
415 1620 632 1681 restituendam
652 1622 787 1701 ipsismet
798 1623 912 1683 civibus
926 1623 990 1701 (aut
1005 1622 1139 1701 pretium

129 1706 311 1779 minuendo,
326 1712 377 1764 aut
398 1706 512 1785 pondus
523 1706 570 1765 vel
582 1724 751 1767 mensurum
764 1706 931 1786 eugendo),
947 1715 978 1767 et
995 1704 1138 1781 uoniam

129 1790 308 1872 pauperibus
332 1792 387 1851 loei
403 1835 411 1863 ,
426 1798 460 1852 ιιι
477 1791 528 1851 alii
540 1792 741 1869 permittunt;
757 1792 826 1852 lieet
838 1837 846 1865 ‚
855 1792 919 1872 jam
941 1790 1030 1871 sopri
1051 1790 1136 1863 dixi,

128 1879 151 1937 si
165 1876 344 1956 pauperihus
355 1874 456 1949 daret,
470 1894 531 1937 non
548 1886 682 1956 peccaret
705 1879 853 1956 graviter,
877 1885 908 1938 et
926 1893 966 1937 ne
982 1875 1138 1936 venialiter

128 1964 248 2042 quidem
263 2007 271 2035 ,
285 1962 309 2022 si
318 1960 488 2040 justamusa
498 1962 647 2023 aedederet
657 1962 749 2042 (Birt.
761 1981 794 2024 rr.
806 1963 900 2043 505.)
911 1964 943 2024 ’4.
955 1960 1134 2034 ilotondam,

101 2091 102 2094 ,
127 2047 207 2128 qudd
221 2049 244 2107 si
255 2049 396 2128 quierem
412 2048 540 2107 alienam
557 2050 735 2125 sumpserit,
750 2055 802 2110 aut
819 2049 963 2109 retineret
975 2060 1044 2106 eum
1058 2060 1136 2124 pree-

125 2135 312 2212 sumptione,
331 2131 412 2211 qudd
432 2133 456 2192 si
481 2131 498 2192 d
521 2131 644 2192 domino
660 2151 725 2193 eam
747 2139 882 2213 peteret,
907 2132 1011 2193 libenti
1034 2132 1136 2192 animo

125 2239 190 2280 eam
204 2222 258 2298 ipsi
273 2221 414 2293 donaret,
429 2221 454 2280 is
467 2236 527 2281 non
542 2219 630 2280 debet
642 2220 765 2299 obligari
775 2215 812 2280 nd
826 2219 1044 2280 restitutionem
1055 2217 1132 2296 (Lib.

125 2308 155 2366 4.
167 2325 199 2365 o.
214 2307 283 2365 700.
295 2323 325 2364 u.
341 2307 439 2380 Quor.
459 2304 517 2384 leia.
536 2307 588 2383 l.).
603 2308 636 2366 5.
651 2309 754 2383 Neque
764 2307 852 2367 debet
861 2306 986 2384 obligari
999 2305 1036 2364 ad
1048 2306 1135 2364 resti·

126 2391 291 2462 tutionem,
312 2390 362 2466 qui
383 2391 541 2449 immeinor
566 2390 658 2450 debiti
678 2409 734 2451 suo
753 2393 892 2452 creditori
912 2392 1026 2450 donum
1051 2389 1134 2450 merd

124 2476 286 2554 gratuitum
307 2474 434 2554 praebuit
446 2469 479 2554 (i.
494 2491 520 2534 e.
533 2475 568 2534 ιι.
580 2476 649 2534 700.
665 2494 694 2536 o.
714 2477 900 2554 eroer.·ti.).
917 2479 949 2537 0.
964 2476 1132 2536 ιιιιιιιιιιι·

124 2563 196 2621 dum
209 2559 289 2638 qudd
314 2568 348 2618 ut
366 2559 512 2636 poenitens
536 2568 675 2620 ¹tenentur
689 2560 727 2619 ad
745 2559 962 2622 restitutionem
972 2559 1031 2620 sub
1047 2561 1132 2638 eulpa

122 2644 205 2724 gravi
218 2689 226 2716 ‚
238 2641 305 2703 edm
322 2661 369 2702 res
382 2642 476 2704 ableto
490 2642 553 2719 jam
574 2651 748 2722 consumpto
762 2654 824 2717 est,
841 2654 871 2707 et
890 2647 942 2709 itte
958 2645 1049 2705 ditior
1062 2660 1131 2703 nou

123 2738 167 2792 est
187 2730 301 2801 foetus,
324 2745 398 2806 opus
414 2736 458 2788 est
470 2728 588 2807 primd,
604 2739 639 2789 ut
654 2731 851 2792 intercesserit
872 2732 958 2811 eulpa
970 2732 1067 2808 pavis
1084 2731 1131 2790 in-

123 2827 206 2878 terna
224 2821 327 2872 eontra
349 2812 496 2890 justitiam
509 2815 842 2894 commutativamtdr‘ir.
856 2818 931 2877 4.·ιι.
949 2816 1041 2894 550.)
1054 2818 1133 2877 Prae·

23 2963 37 2976 ,
121 2911 201 2962 terea
221 2898 385 2976 requiritur
405 2915 441 2958 ex
452 2915 504 2958 sua
521 2908 623 2977 parte,
641 2905 675 2961 ιιι
687 2901 762 2959 detio
778 2910 897 2962 externa
909 2933 918 2972 ,
929 2903 991 2961 sive
1001 2899 1131 2960 influxus

120 2988 158 3048 sit
170 2985 269 3046 damni
284 2989 368 3044 eausa
382 2983 481 3044 efficax
495 2980 528 3063 (l.
540 2993 613 3044 e.'o.
629 2985 723 3062 584),
737 2994 767 3046 et
780 2986 902 3064 insuper
911 2991 971 3059 ,ιιι
984 2983 1031 3044 irie
1040 2983 1131 3044 influ-

120 3087 174 3132 xus
192 3073 231 3128 sit
243 3069 407 3146 completus
425 3069 488 3128 sire
505 3069 637 3147 'graviter
655 3069 785 3146 injustus
800 3067 877 3149 (att,
891 3073 921 3131 4.
933 3067 1086 3146 ostiti),
1101 3081 1132 3129 et

121 3163 153 3215 ιιι
168 3150 451 3213 habeaturmoratis
473 3153 621 3226 certitudo
639 3153 872 3232 qudd‘iiletelis
887 3155 976 3215 suerit
995 3149 1030 3232 (l.
1048 3173 1074 3213 o.
1095 3172 1126 3215 n.

120 3238 213 3314 tae).
227 3239 287 3298 lios
301 3246 344 3300 est
360 3239 390 3299 id
405 3240 485 3318 quod
509 3239 546 3299 ad
558 3243 759 3320 acceptionem
777 3241 917 3321 pertinet.
929 3242 1013 3302 cirea
1023 3249 1128 3302 auum

116 3322 313 3386 retentionem
342 3323 407 3396 rei,
432 3323 501 3386 edm
520 3327 667 3403 poenitens
692 3344 748 3404 pro
775 3345 808 3388 se
829 3324 1128 3405 trahet-probabilem

119 3408 289 3485 opinionem
300 3425 370 3468 eum
391 3407 523 3486 legitima
540 3412 741 3488 possessione,
755 3431 816 3472 non
831 3418 927 3491 potest
947 3409 964 3471 d
984 3411 1129 3472 contessa·

118 3493 164 3556 rio
178 3489 301 3564 obligari
315 3491 352 3548 ad
364 3495 580 3554 restitutionem
594 3494 670 3572 (Lib.
685 3498 715 3555 i.
729 3515 765 3556 ιι.
777 3497 860 3574 aot,-
871 3495 931 3556 imd
943 3496 996 3574 qui
1006 3495 1128 3575 ineoepit

117 3570 265 3646 possidere
281 3571 402 3630 inbono
417 3575 476 3633 fide
496 3577 625 3654 aliquam
643 3583 725 3652 rem,
740 3589 805 3658 post
818 3582 1003 3661 diligentiam
1018 3580 1124 3642 luctam
