2475 3975
140 126 199 191 ’596
332 126 469 207 Epitonae
485 123 625 187 doctrinar
642 120 763 187 moralia
776 125 957 187 etcanonicoe

141 230 231 308 copis.
245 226 547 289 Animadvertendum
560 236 605 287 cst
619 236 736 299 tamen,
753 225 850 289 valere
867 228 929 289 baec
943 244 997 306 pro
1016 228 1135 288 oratori
1139 228 1162 286 is

140 312 321 393 Episcopiin
334 312 564 385 suis'domibus,
590 310 742 389 inquibus
757 320 855 371 certus
868 310 1004 389 fixusque
1015 310 1104 372 locus
1116 320 1163 371 est

141 399 313 477 assignatus.
327 395 402 457 lbid.
415 396 437 458 l.
451 399 481 458 5.
496 414 561 474 cap.
573 396 602 455 6.
622 414 654 457 ιι.
665 398 695 457 6.

179 482 210 543 si
229 484 316 543 missa
336 480 457 542 omnino
475 479 651 541 celebranda
674 480 734 552 sit,
755 498 812 540 nec
832 478 928 559 possit
947 479 979 539 in
1007 482 1159 560 templis,

140 568 188 629 nel
211 567 300 628 ctiam
321 564 353 623 in
373 565 509 626 oratoriis
528 564 673 641 privatis,
691 564 760 626 licet
774 565 858 625 illam
873 563 1025 638 ·celebrare
1039 566 1071 626 in
1089 566 1159 626 loco

140 669 201 715 nou
224 648 387 719 indecenti,
412 648 594 725 quicumque
609 648 731 709 tandem
756 648 886 723 illusit,
911 655 945 707 ut
974 649 1105 731 planum¹
1121 650 1158 710 lit

106 794 110 804 ,
140 734 274 811 exemplo
292 732 511 811 capellanorum
545 734 578 793 iu
610 733 736 809 castris3
758 750 862 793 eorum
886 733 994 805 etiam,
1018 734 1072 813 qui
1100 753 1157 813 per

139 821 303 883 infidelium
319 820 455 897 regiones
477 821 535 880 iter
562 819 695 892 iaciunt,
719 827 749 879 et
774 820 864 879 etiam
887 818 920 878 iu
937 819 1039 880 littore
1058 823 1157 883 maris

139 913 272 983 respectu
288 905 508 984 navigantium,
521 906 567 965 De
583 922 657 964 sacr.
672 905 753 965 miss.
764 905 786 966 l.
802 904 832 964 5.
848 922 876 963 e.
891 904 919 963 6.
934 922 964 963 n.
980 905 1010 963 7.

175 992 217 1052 {lt
233 990 398 1053 celebretur
418 991 506 1051 missa
526 991 557 1049 iu
578 990 654 1050 mari
671 989 819 1066 peculiare
839 989 1027 1067 privilegium
1048 993 1155 1069 requi-

138 1075 237 1149 ritur,
259 1092 313 1135 uec
334 1073 442 1135 sufficit
462 1074 589 1136 clausula
603 1075 770 1151 generalis,
789 1072 848 1151 qud
873 1071 994 1133 facultas
1016 1072 1052 1135 fit
1072 1078 1153 1135 cele·

140 1160 248 1223 mandi
265 1160 299 1222 ιἰι
313 1156 374 1221 loro
388 1157 508 1220 iconesto
522 1177 556 1219 oc
582 1166 658 1221 tuto.
674 1161 741 1219 lion
764 1158 935 1221 conceditur
950 1168 1069 1231 autem,
1092 1162 1152 1223 nisi

138 1264 206 1309 eum
222 1245 406 1315 conditione,
419 1253 454 1305 ut
467 1252 564 1305 tutum
573 1244 611 1303 sit
624 1244 793 1321 navigium,
815 1241 901 1319 longe
915 1242 1017 1304 absita
1032 1244 1149 1317 littore,

139 1333 334 1411 tranquillum
351 1330 389 1391 sit
402 1347 502 1403 mare,
515 1349 548 1389 ac
560 1328 679 1391 tandem
692 1330 804 1389 assistat
815 1328 974 1389 celebranti
988 1328 1081 1405 alter,
1099 1330 1150 1391 vel

137 1417 287 1487 sacerdos,
300 1415 347 1475 vel
363 1414 513 1476 diaconus.
524 1414 601 1475 lbid.

177 1502 317 1561 Sacerdos
330 1503 449 1561 missam
460 1498 709 1571 celebransetiam
721 1500 754 1561 in
762 1498 933 1561 necessitato
940 1498 1028 1560 dandi
1037 1500 1147 1560 Viatici

137 1584 258 1645 infirmo
271 1584 380 1660 absque
394 1584 487 1643 unae
507 1584 596 1642 saeris
616 1584 820 1657 indumentis,
842 1594 939 1663 peccat
959 1583 1092 1661 graviter
1110 1604 1147 1644 cn
1217 1636 1218 1639 ,

137 1665 352 1745 irreverentid3
374 1684 472 1744 neque
491 1667 573 1727 enim
593 1676 682 1745 urget
694 1668 802 1729 viatici
826 1677 1025 1747 preceptum,
1042 1670 1069 1729 sl
1088 1670 1147 1731 mi·
1217 1742 1218 1745 Ἴ

136 1752 256 1814 nistrari
266 1770 327 1811 non
336 1746 430 1831 possit
439 1769 477 1813 eo
491 1751 823 1828 modo,qu0decct.1b.
836 1753 889 1813 lib.
899 1754 927 1813 5.
938 1770 1003 1831 cap.
1017 1753 1047 1813 7.
1059 1772 1091 1814 ιι.
1103 1756 1133 1814 l.
1217 1750 1218 1799 ἐ

175 1838 256 1899 ldcm
267 1836 364 1910 dicus,
381 1838 405 1897 si
424 1836 536 1915 absque
548 1836 733 1911 luminibus,
749 1856 816 1915 quac
829 1837 889 1897 sint
900 1845 1017 1915 oportet
1030 1838 1093 1914 sive
1107 1856 1145 1899 ex

137 1924 203 1984 ccrd
221 1923 302 1996 ,sive
323 1940 359 1982 ex
372 1922 455 1996 oleo,
469 1921 534 1981 etsi
545 1920 660 1993 desint,
681 1922 713 1979 iu
724 1923 893 1982 necessitate
905 1920 1039 1983 saltemd
1055 1917 1145 1999 sebo;

136 2009 243 2069 sufficit
258 2016 379 2079 nmen,
402 2008 427 2066 si
451 2006 606 2068 necessitas
632 2014 755 2082 urgeat,
780 2007 900 2068 unicum
927 2006 1145 2069 tomentacia

135 2094 236 2167 dicas,
262 2094 286 2152 si
306 2093 434 2156 celebret
455 2095 564 2174 absque
583 2091 692 2151 blissali
716 2091 817 2166 libro,
836 2092 867 2152 iu
888 2109 948 2170 quo
975 2092 1013 2154 sit
1037 2091 1143 2152 saltem

136 2180 248 2240 Canon.
263 2178 330 2237 llaec
343 2195 379 2238 ex
389 2178 452 2238 DD.
468 2175 544 2237 lbid.
557 2195 590 2236 u.
606 2173 637 2236 2.

175 2266 276 2324 Peccat
295 2264 384 2324 etiam
400 2261 533 2322 sacerdos
549 2262 699 2322 celebrans
719 2262 782 2323 sine
799 2261 955 2336 ministro,
978 2269 1013 2322 ut
1026 2263 1144 2322 eruitur

135 2367 172 2410 ex
197 2365 261 2422 cap.
285 2346 464 2425 Proponite,
488 2345 525 2406 de
549 2343 625 2424 filiis
650 2345 891 2426 presbyterorum.
919 2347 949 2406 Si
977 2356 1078 2406 tamen
1105 2349 1144 2406 sit

136 2428 366 2493 ministrandum
375 2430 539 2501 viaticum,
554 2439 651 2508 potest
661 2431 793 2490 sacerdos
805 2431 868 2491 sine
880 2431 1016 2493 ministro
1024 2431 1143 2492 missam

135 2515 283 2578 celebrare
292 2520 346 2587 ,et
358 2513 413 2574 sibi
426 2514 482 2591 ipsi
499 2513 688 2592 respondere.
706 2515 783 2577 Ali'as
793 2524 911 2596 praestat
922 2516 1059 2576 omittere
1072 2517 1143 2576 mis·
1217 2587 1218 2596 ἵ

134 2620 219 2673 sam,
233 2601 408 2679 quamvissi
429 2597 486 2661 hoe
503 2607 589 2680 agat,
612 2609 682 2662 suut
700 2603 751 2680 qui
772 2601 984 2680 argentillam
1008 2619 1140 2680 peccare.
1217 2599 1218 2680 l

135 2687 356 2748 inienuus.
1217 2705 1218 2748 t

173 2775 208 2833 lu
227 2771 338 2848 templo
350 2771 463 2848 polluto
475 2772 625 2833 celebrans
640 2773 791 2848 sacerdos,
810 2773 943 2853 quamvis
963 2781 1061 2850 peccet
1074 2792 1143 2853 gra·
1217 2755 1218 2840 l

133 2859 210 2919 viter
221 2899 231 2928 ,
243 2860 277 2915 ut
286 2871 321 2914 er
335 2874 397 2935 cap.
411 2858 444 2916 Ie
457 2855 511 2934 qui
521 2855 656 2928 ‚desem
670 2877 808 2919 excomm.
822 2859 855 2919 ia
864 2861 894 2918 6.
911 2858 1023 2920 nullam
1039 2867 1138 2922 tamen

134 2939 408 3022 poenam-incurrit,
426 2939 493 3000 edm
517 2941 598 2999 nulla
617 2941 656 3000 sit
676 2941 793 3018 injure
813 2959 968 3021 cupressa3
989 2944 1064 3020 quia
1087 2963 1141 3004 nec

134 3027 264 3100 desunt,
284 3026 336 3103 qui
353 3024 474 3086 credaut
494 3043 566 3086 eum
585 3024 709 3086 minime
730 3043 851 3111 peccare
872 3026 896 3087 si
915 3026 991 3087 adsit
1006 3027 1140 3108 Episcopi
1217 3031 1218 3098 l

135 3127 302 3170 consensus.
1217 3121 1218 3174 l

132 3221 145 3227 -
170 3195 307 3256 Vicissim
321 3203 420 3258 autem
439 3197 686 3275 irregularitatem
712 3197 836 3258 Summo
853 3197 989 3260 Pontifici
1011 3215 1138 3260 reserva·

133 3286 194 3338 tam
213 3279 358 3352 incurrit,
372 3283 424 3358 qui
447 3284 478 3342 in
496 3283 560 3343 loco
577 3281 735 3343 interdicto
752 3283 897 3360 celebrat,
923 3291 957 3346 ut
978 3301 1014 3346 ex
1034 3283 1137 3346 eodem
1217 3271 1218 3312 ³

134 3363 245 3436 capla
261 3361 324 3440 qui.
342 3364 418 3424 lbid.
433 3385 463 3426 u.
474 3369 505 3426 d.

167 3442 307 3502 Sacerdos
327 3448 441 3506 ratione
465 3447 599 3511 beneficii
622 3451 778 3514 obstrictus
802 3453 849 3515 bis
874 3456 921 3517 rel
946 3463 993 3516 ter
1016 3455 1138 3536 siugulis

130 3511 364 3587 hebdomadibus
396 3530 566 3608 celebrare,
590 3543 687 3613 potest
720 3539 882 3616 anticipare
914 3550 1054 3622 tempus,
1083 3545 1136 3603 uisi
