2475 3975
409 149 757 235 §.tenementum
1041 157 1076 219 81

82 256 258 338 paratiquod
279 252 436 317 definitum
462 262 597 333 tempus,
622 252 765 316 nimiriun
784 252 803 317 i
824 253 1008 319 solemnitate
1025 257 1080 319 aii·

81 344 154 420 cujus
168 345 234 405 sesti
258 342 296 402 ad
318 340 405 400 aliam
425 339 556 400 alterius.

113 431 157 489 94.
172 426 300 489 Domum
315 424 413 504 quoad
429 423 625 485 adolescentes
639 423 704 487 illos
716 426 768 503 qui
779 425 887 487 volunt
904 434 956 486 aut
972 425 1080 487 debent

82 512 178 574 ducere
199 528 325 574 uxorem
350 508 428 588 (dico
450 508 576 585 dehent,
599 518 690 588 prout
711 510 871 588 probatum
892 520 938 571 est
956 511 986 569 in
1002 511 1080 572 libro

81 596 146 676 (tit.
163 602 191 660 a.
206 617 239 657 n.
255 595 337 673 att),
360 595 509 671 loquendo
524 594 561 653 de
588 595 625 655 iis
644 596 696 673 qui
715 604 810 656 essent
836 596 1078 666 incontinentes,

81 690 105 741 ct
128 685 239 743 nollent
251 680 393 741 adhibere
408 679 464 739 alia
478 678 572 739 media
593 689 760 757 opportuna
776 680 814 741 ad
832 698 864 741 se
874 678 1079 757 continendos)

81 766 303 836 advertendum,
327 764 406 843 quod
425 765 502 823 sicut
520 773 675 841 peccarent
693 776 830 842 parentes
844 767 895 844 qui
915 766 979 825 sinc
999 764 1077 842 justa

83 872 156 913 causa
170 856 211 913 cis
222 856 380 912 honestum
395 850 621 910 matrimonium
640 850 820 926 impedirent
831 848 864 928 (l.
876 869 901 911 c.
916 870 949 910 a.
962 852 1031 912 899.
1047 869 1075 910 o.

83 937 285 1014 turisendum),
306 936 346 995 ita
365 932 466 997 contria
489 942 643 1010 peccarent
668 933 722 993 iiiii
740 934 782 1011 (et
802 934 868 995 ided
888 935 1078 995 confessarius

80 1030 186 1081 tenetur
206 1022 265 1082 iilis
284 1019 339 1079 hoc
359 1016 550 1098 prohibere),
576 1017 628 1095 qui
651 1018 762 1078 velient
781 1036 850 1077 cum
872 1018 1014 1078 dedecore
1034 1021 1078 1079 ta·

80 1108 160 1167 miliae
175 1105 398 1167 matrimonium
413 1104 507 1179 inire3
520 1109 573 1161 aut
585 1104 720 1179 quamvis
738 1103 909 1183 conjugium
928 1121 987 1164 non
1002 1111 1077 1164 esset

80 1190 258 1264 indecorum,
281 1189 393 1253 vellent
416 1197 516 1249 tamen
535 1186 609 1249 iliud
634 1192 833 1258 contrahere,
849 1189 951 1249 invitis
972 1208 1078 1268 poren-

80 1274 171 1347 tibus‚
189 1284 219 1336 ct
239 1292 308 1337 eum
331 1292 436 1335 eorum
457 1272 614 1343 scandalo,
635 1274 708 1350 quin
727 1274 781 1351 ipsi
805 1273 860 1333 tilii
875 1272 986 1349 justam
1007 1293 1076 1335 cuu-
1157 1292 1163 1301 ·

79 1358 301 1432 sambaticam,
322 1360 361 1421 ob
384 1377 475 1437 quam
502 1367 691 1419 excusentur.
714 1360 845 1421 Observa
868 1360 1019 1437 quomodo
1042 1362 1075 1423 in

79 1440 158 1505 Libro
169 1445 199 1506 id
214 1446 394 1508 elucidatum
403 1445 442 1505 sit
456 1439 489 1523 (d.
503 1460 527 1504 e.
539 1461 571 1504 co.
586 1442 669 1521 849.)

155 1626 180 1709 S.
196 1625 235 1727 ii.
251 1625 402 1706 Quomodo
416 1642 446 1687 se
460 1644 556 1705 perere
569 1623 670 1689 debeat
689 1644 756 1688 cum
775 1626 982 1710 scrupulosis?

110 1868 154 1927 at.
168 1805 342 1933 Douronns
368 1866 468 1946 piures
492 1864 642 1943 assignant
662 1866 779 1944 regulas
798 1886 854 1945 pro
873 1870 1072 1949 scrupulosis;

80 1948 121 2011 sed
131 1960 239 2014 eertum
259 1961 305 2014 est
320 1950 433 2031 preliis
449 1958 515 2030 post
532 1950 715 2023 orationem,
728 1953 892 2014 remedium
911 1956 1073 2020 maximum

79 2053 110 2094 nc
128 2036 217 2098 dicam
237 2039 378 2106 unicum,
396 2036 441 2116 (ut
456 2035 534 2096 recti
549 2037 590 2096 ait
605 2037 644 2096 P.
664 2037 795 2118 Sequere]
814 2040 851 2098 nd
865 2057 914 2099 eos
930 2043 1073 2102 curandos

80 2130 116 2179 cst
134 2123 294 2184 obedientia
321 2140 375 2183 suo
403 2122 554 2184 directuri.
586 2122 662 2181 Hinc
698 2133 768 2182 ante
793 2125 894 2183 omnia
921 2126 1073 2187 incumbat

80 2205 255 2270 confessarius
265 2252 273 2278 ‚
285 2214 315 2268 et
327 2206 447 2268 suadeat
459 2205 614 2284 poenitenti
629 2203 800 2282 hujusmodi
814 2206 886 2266 duas
899 2209 1073 2287 principatcs

80 2291 200 2366 regulas:
217 2294 369 2363 Primam,
392 2300 426 2352 ut
444 2291 509 2369 ipse
526 2289 589 2348 tutd
610 2307 709 2348 coram
723 2290 785 2350 Deo
803 2290 918 2354 incedat
933 2294 978 2353 rii
994 2296 1071 2355 Patri

80 2372 208 2448 spirituali
226 2375 409 2452 obediendo,
430 2374 481 2435 ubi
503 2373 656 2434 evidenter
678 2385 828 2453 peccatum
847 2396 907 2438 non
927 2390 1071 2460 apparct;
1122 2381 1125 2387 '

80 2464 141 2516 tunc
157 2461 234 2520 onim
247 2480 308 2521 non
327 2459 443 2520 homini
469 2459 590 2532 obedit,
605 2459 657 2519 sed
674 2460 728 2538 ipsi
743 2462 805 2522 Deo
828 2465 880 2540 qui
896 2465 991 2526 dixit:
1012 2468 1073 2542 Qui

80 2543 228 2623 cnsuadet,
242 2563 288 2605 ure
301 2543 454 2605 uadit.Sic
465 2545 572 2604 docent
582 2562 684 2604 omnes
697 2546 837 2606 Doctores
849 2591 857 2618 ,
867 2551 1071 2626 etspirituaics

81 2623 193 2704 Magistri
203 2647 269 2689 cum
282 2631 314 2688 S.
325 2628 491 2702 Berunrdo‚
503 2630 534 2689 S.
549 2627 700 2688 Antonino
708 2672 717 2703 ,
725 2630 757 2688 S.
773 2631 928 2693 Franciaco
940 2633 1068 2712 Soleaio,

80 2708 105 2766 S.
115 2709 246 2798 Picid'ppo
253 2715 345 2774 Nerio
356 2758 363 2784 ‚
374 2715 406 2774 S.
419 2711 557 2774 Therasia
571 2757 578 2785 ‚
592 2713 625 2772 S.
635 2715 775 2774 Jouuued
785 2716 891 2791 cruce,
907 2720 938 2780 S.
952 2720 1072 2799 Ipuutio

80 2789 242 2876 deiopeia,
261 2803 302 2860 B.
318 2799 463 2880 Dionysio
481 2798 693 2873 carthusiano,
707 2803 747 2860 B.
758 2802 930 2878 Humderto,
949 2798 1068 2868 tonse.

80 2877 347 2964 t!.dvttu‚aucpco
359 2887 504 2960 Gersoae,
528 2894 585 2944 ete.
604 2887 736 2946 Alteram
757 2889 911 2965 regulam,
928 2899 961 2950 ot
987 2893 1070 2952 nulio

82 2961 130 3022 aiio
158 2970 293 3048 scrupulo
321 2969 426 3030 debeat
448 2972 515 3049 angi
544 2969 676 3048 quamsi
702 2991 762 3034 nun
783 2973 924 3044 obediat,
948 2985 1070 3053 propter

80 3063 202 3126 magnum
223 3054 389 3130 periculum
411 3055 463 3124 cui
488 3073 518 3114 sc
534 3056 657 3132 exponit
674 3057 852 3127 amitt-endi,
874 3075 935 3118 non
954 3057 1070 3122 tautum

81 3145 185 3207 pacem,
206 3137 412 3212 devotionem,
427 3151 456 3200 ct
477 3141 509 3200 in
523 3141 683 3202 virtutibus
694 3161 900 3220 progressum,
919 3146 1070 3207 sedetiam
1093 3138 1095 3141 ’

81 3227 193 3280 ruentem
200 3267 210 3297 ‚
224 3227 381 3286 sanitatem
397 3268 405 3297 ‚
420 3234 449 3286 et
460 3227 581 3304 insuper
596 3227 744 3302 animam3
764 3245 834 3287 uam
855 3241 971 3306 possent
989 3242 1071 3291 seru·-

82 3300 131 3372 puli
150 3304 182 3365 cd
200 3309 360 3387 progredi,
389 3318 423 3370 ut
454 3329 521 3371 eum
548 3310 583 3368 ad
606 3309 841 3388 desperationem
868 3316 1068 3388 reducerent,

81 3395 189 3448 mortem
203 3391 259 3452 sibi
273 3393 428 3454 inserendo
444 3394 546 3474 (prout
561 3394 697 3472 pluribus
716 3397 852 3476 accidit),
873 3401 921 3459 uel
942 3399 1071 3457 hatbcnes

80 3464 107 3524 ad
119 3470 170 3532 vita
184 3477 353 3538 relaxando.
369 3481 512 3540 Praeterea
526 3479 718 3538 confessarius
730 3479 899 3557 hujusmodi
915 3482 1070 3560 poenitenti

80 3557 231 3633 scriapuloso
249 3561 382 3624 insinuet
395 3607 404 3637 ,
419 3572 508 3641 prout
526 3560 605 3622 recti
623 3560 695 3623 dicit
706 3563 809 3626 doctus
826 3566 938 3624 Auctor
960 3562 1071 3620 iustru-
