<?xml version="1.0" encoding="UTF-8"?>
<!DOCTYPE html PUBLIC "-//W3C//DTD XHTML 1.0 Transitional//EN"
    "http://www.w3.org/TR/xhtml1/DTD/xhtml1-transitional.dtd">
<html xmlns="http://www.w3.org/1999/xhtml" xml:lang="en" lang="en">
 <head>
  <title>
</title>
<meta http-equiv="Content-Type" content="text/html;charset=utf-8" />
  <meta name='ocr-system' content='tesseract 3.04.00' />
  <meta name='ocr-capabilities' content='ocr_page ocr_carea ocr_par ocr_line ocrx_word'/>
</head>
<body>
  <div class='ocr_page' id='page_1' title='image "./theologiamorali04heilgoog_0312.png"; bbox 0 0 2475 3975; ppageno 0'>
   <div class='ocr_carea' id='block_1_1' title="bbox 139 157 961 245">
    <p class='ocr_par' dir='ltr' id='par_1_1' title="bbox 139 157 961 245">
     <span class='ocr_line' id='line_1_1' title="bbox 139 157 961 245; baseline -0.011 -18"><span class='ocrx_word' id='word_1_1' title='bbox 139 165 197 228; x_wconf 68' lang='lat'>285</span> <span class='ocrx_word' id='word_1_2' title='bbox 324 162 462 245; x_wconf 82' lang='lat' dir='ltr'>Epitourc</span> <span class='ocrx_word' id='word_1_3' title='bbox 478 159 618 224; x_wconf 73' lang='lat' dir='ltr'>doctrinae</span> <span class='ocrx_word' id='word_1_4' title='bbox 634 157 756 220; x_wconf 78' lang='lat' dir='ltr'>raroroiia</span> <span class='ocrx_word' id='word_1_5' title='bbox 771 168 799 220; x_wconf 84' lang='lat' dir='ltr'>et</span> <span class='ocrx_word' id='word_1_6' title='bbox 816 159 961 220; x_wconf 79' lang='lat' dir='ltr'>rouoarictc</span> 
     </span>
    </p>
   </div>
   <div class='ocr_carea' id='block_1_2' title="bbox 69 258 1151 2449">
    <p class='ocr_par' dir='ltr' id='par_1_2' title="bbox 138 258 1149 432">
     <span class='ocr_line' id='line_1_2' title="bbox 138 258 1149 344; baseline 0.001 -20"><span class='ocrx_word' id='word_1_7' title='bbox 138 265 264 340; x_wconf 69' lang='lat' dir='ltr'>elaustro</span> <span class='ocrx_word' id='word_1_8' title='bbox 282 265 434 344; x_wconf 89' lang='lat' dir='ltr'>religionis</span> <span class='ocrx_word' id='word_1_9' title='bbox 452 282 512 324; x_wconf 83' lang='lat' dir='ltr'>suae</span> <span class='ocrx_word' id='word_1_10' title='bbox 530 261 668 322; x_wconf 86' lang='lat' dir='ltr'>exeundi.</span> <span class='ocrx_word' id='word_1_11' title='bbox 684 261 717 322; x_wconf 93' lang='lat' dir='ltr'>ld</span> <span class='ocrx_word' id='word_1_12' title='bbox 738 259 809 322; x_wconf 81' lang='lat' dir='ltr'>vcro</span> <span class='ocrx_word' id='word_1_13' title='bbox 829 261 910 339; x_wconf 92' lang='lat' dir='ltr'>quod</span> <span class='ocrx_word' id='word_1_14' title='bbox 932 258 980 320; x_wconf 88' lang='lat' dir='ltr'>hle</span> <span class='ocrx_word' id='word_1_15' title='bbox 1002 267 1149 325; x_wconf 84' lang='lat' dir='ltr'>statutum</span> 
     </span>
     <span class='ocr_line' id='line_1_3' title="bbox 138 346 898 432; baseline -0.005 -22"><span class='ocrx_word' id='word_1_16' title='bbox 138 359 200 419; x_wconf 83' lang='lat' dir='ltr'>cst,</span> <span class='ocrx_word' id='word_1_17' title='bbox 220 351 399 432; x_wconf 78' lang='lat' dir='ltr'>intelligitur</span> <span class='ocrx_word' id='word_1_18' title='bbox 415 349 524 428; x_wconf 86' lang='lat' dir='ltr'>pariter</span> <span class='ocrx_word' id='word_1_19' title='bbox 540 348 578 408; x_wconf 88' lang='lat' dir='ltr'>de</span> <span class='ocrx_word' id='word_1_20' title='bbox 594 347 741 408; x_wconf 88' lang='lat' dir='ltr'>canonicis</span> <span class='ocrx_word' id='word_1_21' title='bbox 755 348 805 406; x_wconf 89' lang='lat' dir='ltr'>SS.</span> <span class='ocrx_word' id='word_1_22' title='bbox 819 346 898 406; x_wconf 82' lang='lat' dir='ltr'>Salv.</span> 
     </span>
    </p>

    <p class='ocr_par' dir='ltr' id='par_1_3' title="bbox 137 429 1151 1013">
     <span class='ocr_line' id='line_1_4' title="bbox 177 429 1150 515; baseline -0.004 -19"><span class='ocrx_word' id='word_1_23' title='bbox 177 437 208 496; x_wconf 90' lang='lat' dir='ltr'>Si</span> <span class='ocrx_word' id='word_1_24' title='bbox 228 438 294 515; x_wconf 88' lang='lat' dir='ltr'>quis</span> <span class='ocrx_word' id='word_1_25' title='bbox 310 435 381 498; x_wconf 81' lang='lat' dir='ltr'>rerd</span> <span class='ocrx_word' id='word_1_26' title='bbox 402 453 438 494; x_wconf 87' lang='lat' dir='ltr'>ex</span> <span class='ocrx_word' id='word_1_27' title='bbox 459 434 518 492; x_wconf 90' lang='lat' dir='ltr'>illis</span> <span class='ocrx_word' id='word_1_28' title='bbox 539 441 622 494; x_wconf 83' lang='lat' dir='ltr'>extra</span> <span class='ocrx_word' id='word_1_29' title='bbox 640 450 816 492; x_wconf 86' lang='lat' dir='ltr'>coneursum</span> <span class='ocrx_word' id='word_1_30' title='bbox 835 429 853 490; x_wconf 80' lang='lat' dir='ltr'>ia</span> <span class='ocrx_word' id='word_1_31' title='bbox 873 441 999 509; x_wconf 88' lang='lat' dir='ltr'>patrono</span> <span class='ocrx_word' id='word_1_32' title='bbox 1013 431 1150 511; x_wconf 82' lang='lat' dir='ltr'>beneficii</span> 
     </span>
     <span class='ocr_line' id='line_1_5' title="bbox 138 516 1151 598; baseline -0.002 -16"><span class='ocrx_word' id='word_1_33' title='bbox 138 521 342 592; x_wconf 83' lang='lat' dir='ltr'>ecelesiastici,</span> <span class='ocrx_word' id='word_1_34' title='bbox 355 519 434 598; x_wconf 92' lang='lat' dir='ltr'>quod</span> <span class='ocrx_word' id='word_1_35' title='bbox 450 516 557 578; x_wconf 74' lang='lat' dir='ltr'>haltrat</span> <span class='ocrx_word' id='word_1_36' title='bbox 575 531 677 577; x_wconf 87' lang='lat' dir='ltr'>curam</span> <span class='ocrx_word' id='word_1_37' title='bbox 694 518 862 576; x_wconf 86' lang='lat' dir='ltr'>animarum</span> <span class='ocrx_word' id='word_1_38' title='bbox 873 534 1037 585; x_wconf 80' lang='lat' dir='ltr'>annexam.</span> <span class='ocrx_word' id='word_1_39' title='bbox 1052 522 1151 580; x_wconf 91' lang='lat' dir='ltr'>uomi-</span> 
     </span>
     <span class='ocr_line' id='line_1_6' title="bbox 139 601 1151 682; baseline -0.003 -15"><span class='ocrx_word' id='word_1_40' title='bbox 139 615 225 668; x_wconf 83' lang='lat' dir='ltr'>natua</span> <span class='ocrx_word' id='word_1_41' title='bbox 242 607 351 675; x_wconf 88' lang='lat' dir='ltr'>suerit,</span> <span class='ocrx_word' id='word_1_42' title='bbox 370 603 431 664; x_wconf 89' lang='lat' dir='ltr'>hacc</span> <span class='ocrx_word' id='word_1_43' title='bbox 453 603 619 662; x_wconf 86' lang='lat' dir='ltr'>nominatio</span> <span class='ocrx_word' id='word_1_44' title='bbox 639 602 706 661; x_wconf 82' lang='lat' dir='ltr'>fieri</span> <span class='ocrx_word' id='word_1_45' title='bbox 725 601 814 664; x_wconf 85' lang='lat' dir='ltr'>debet</span> <span class='ocrx_word' id='word_1_46' title='bbox 833 619 902 662; x_wconf 91' lang='lat' dir='ltr'>cum</span> <span class='ocrx_word' id='word_1_47' title='bbox 918 604 1053 682; x_wconf 76' lang='lat' dir='ltr'>expressa</span> <span class='ocrx_word' id='word_1_48' title='bbox 1071 622 1151 682; x_wconf 78' lang='lat' dir='ltr'>prae-</span> 
     </span>
     <span class='ocr_line' id='line_1_7' title="bbox 138 685 1150 768; baseline 0 -18"><span class='ocrx_word' id='word_1_49' title='bbox 138 692 302 752; x_wconf 79' lang='lat' dir='ltr'>servatione</span> <span class='ocrx_word' id='word_1_50' title='bbox 321 688 496 768; x_wconf 75' lang='lat' dir='ltr'>beneplaciti</span> <span class='ocrx_word' id='word_1_51' title='bbox 510 687 680 766; x_wconf 83' lang='lat' dir='ltr'>Apostolici.</span> <span class='ocrx_word' id='word_1_52' title='bbox 696 685 778 746; x_wconf 77' lang='lat' dir='ltr'>Ultrl</span> <span class='ocrx_word' id='word_1_53' title='bbox 797 685 878 764; x_wconf 81' lang='lat' dir='ltr'>qtrdd</span> <span class='ocrx_word' id='word_1_54' title='bbox 896 685 913 747; x_wconf 77' lang='lat' dir='ltr'>i</span> <span class='ocrx_word' id='word_1_55' title='bbox 928 689 1081 748; x_wconf 90' lang='lat' dir='ltr'>nominato</span> <span class='ocrx_word' id='word_1_56' title='bbox 1097 689 1150 750; x_wconf 90' lang='lat' dir='ltr'>de-</span> 
     </span>
     <span class='ocr_line' id='line_1_8' title="bbox 138 771 1151 851; baseline 0 -17"><span class='ocrx_word' id='word_1_57' title='bbox 138 775 206 834; x_wconf 90' lang='lat' dir='ltr'>beat</span> <span class='ocrx_word' id='word_1_58' title='bbox 228 775 369 851; x_wconf 86' lang='lat' dir='ltr'>acceptari</span> <span class='ocrx_word' id='word_1_59' title='bbox 391 773 557 834; x_wconf 91' lang='lat' dir='ltr'>nominatio</span> <span class='ocrx_word' id='word_1_60' title='bbox 576 781 646 834; x_wconf 85' lang='lat' dir='ltr'>eum</span> <span class='ocrx_word' id='word_1_61' title='bbox 670 771 801 831; x_wconf 81' lang='lat' dir='ltr'>ctansuta</span> <span class='ocrx_word' id='word_1_62' title='bbox 821 771 859 830; x_wconf 90' lang='lat' dir='ltr'>de</span> <span class='ocrx_word' id='word_1_63' title='bbox 880 771 1041 834; x_wconf 88' lang='lat' dir='ltr'>obtinendo</span> <span class='ocrx_word' id='word_1_64' title='bbox 1058 774 1151 834; x_wconf 90' lang='lat' dir='ltr'>hene·</span> 
     </span>
     <span class='ocr_line' id='line_1_9' title="bbox 137 857 1149 938; baseline 0.005 -22"><span class='ocrx_word' id='word_1_65' title='bbox 137 859 244 934; x_wconf 89' lang='lat' dir='ltr'>placito</span> <span class='ocrx_word' id='word_1_66' title='bbox 263 859 424 938; x_wconf 86' lang='lat' dir='ltr'>superioris</span> <span class='ocrx_word' id='word_1_67' title='bbox 445 858 591 938; x_wconf 86' lang='lat' dir='ltr'>generalis</span> <span class='ocrx_word' id='word_1_68' title='bbox 612 858 658 917; x_wconf 90' lang='lat' dir='ltr'>sui</span> <span class='ocrx_word' id='word_1_69' title='bbox 677 857 801 916; x_wconf 84' lang='lat' dir='ltr'>ordinis.</span> <span class='ocrx_word' id='word_1_70' title='bbox 819 857 898 928; x_wconf 89' lang='lat' dir='ltr'>Quid</span> <span class='ocrx_word' id='word_1_71' title='bbox 919 857 989 918; x_wconf 84' lang='lat' dir='ltr'>uerd</span> <span class='ocrx_word' id='word_1_72' title='bbox 1012 871 1149 936; x_wconf 81' lang='lat' dir='ltr'>respectu</span> 
     </span>
     <span class='ocr_line' id='line_1_10' title="bbox 137 942 1109 1013; baseline 0.003 -12"><span class='ocrx_word' id='word_1_73' title='bbox 137 942 259 1004; x_wconf 89' lang='lat' dir='ltr'>illorum</span> <span class='ocrx_word' id='word_1_74' title='bbox 278 943 457 1006; x_wconf 81' lang='lat' dir='ltr'>servandum</span> <span class='ocrx_word' id='word_1_75' title='bbox 475 944 531 1013; x_wconf 87' lang='lat' dir='ltr'>sit,</span> <span class='ocrx_word' id='word_1_76' title='bbox 546 945 578 1004; x_wconf 94' lang='lat' dir='ltr'>in</span> <span class='ocrx_word' id='word_1_77' title='bbox 592 961 663 1002; x_wconf 87' lang='lat' dir='ltr'>voce</span> <span class='ocrx_word' id='word_1_78' title='bbox 681 943 846 1003; x_wconf 75' lang='lat' dir='ltr'>Concursus</span> <span class='ocrx_word' id='word_1_79' title='bbox 862 943 1011 1001; x_wconf 79' lang='lat' dir='ltr'>annotavi.</span> <span class='ocrx_word' id='word_1_80' title='bbox 1030 944 1109 1004; x_wconf 92' lang='lat' dir='ltr'>lbid.</span> 
     </span>
    </p>

    <p class='ocr_par' dir='ltr' id='par_1_4' title="bbox 69 1023 1151 2449">
     <span class='ocr_line' id='line_1_11' title="bbox 178 1023 1151 1102; baseline -0.002 -10"><span class='ocrx_word' id='word_1_81' title='bbox 178 1031 211 1092; x_wconf 91' lang='lat' dir='ltr'>lu</span> <span class='ocrx_word' id='word_1_82' title='bbox 233 1029 336 1096; x_wconf 78' lang='lat' dir='ltr'>eidem</span> <span class='ocrx_word' id='word_1_83' title='bbox 356 1031 440 1090; x_wconf 75' lang='lat' dir='ltr'>Bulla</span> <span class='ocrx_word' id='word_1_84' title='bbox 456 1029 585 1090; x_wconf 81' lang='lat' dir='ltr'>declarat</span> <span class='ocrx_word' id='word_1_85' title='bbox 606 1023 805 1102; x_wconf 69' lang='lat' dir='ltr'>Benedictus,</span> <span class='ocrx_word' id='word_1_86' title='bbox 823 1027 979 1086; x_wconf 80' lang='lat' dir='ltr'>canonicos</span> <span class='ocrx_word' id='word_1_87' title='bbox 1000 1028 1087 1097; x_wconf 85' lang='lat' dir='ltr'>illos,</span> <span class='ocrx_word' id='word_1_88' title='bbox 1108 1033 1151 1094; x_wconf 86' lang='lat' dir='ltr'>sie</span> 
     </span>
     <span class='ocr_line' id='line_1_12' title="bbox 139 1112 1151 1193; baseline 0.001 -20"><span class='ocrx_word' id='word_1_89' title='bbox 139 1117 272 1192; x_wconf 75' lang='lat' dir='ltr'>provisos</span> <span class='ocrx_word' id='word_1_90' title='bbox 289 1115 327 1178; x_wconf 91' lang='lat' dir='ltr'>de</span> <span class='ocrx_word' id='word_1_91' title='bbox 348 1116 492 1177; x_wconf 85' lang='lat' dir='ltr'>beneficio</span> <span class='ocrx_word' id='word_1_92' title='bbox 512 1114 717 1182; x_wconf 87' lang='lat' dir='ltr'>residentiali‚</span> <span class='ocrx_word' id='word_1_93' title='bbox 737 1113 884 1172; x_wconf 89' lang='lat' dir='ltr'>absolutos</span> <span class='ocrx_word' id='word_1_94' title='bbox 905 1130 967 1172; x_wconf 84' lang='lat' dir='ltr'>esse</span> <span class='ocrx_word' id='word_1_95' title='bbox 985 1112 1023 1172; x_wconf 87' lang='lat' dir='ltr'>ab</span> <span class='ocrx_word' id='word_1_96' title='bbox 1037 1114 1151 1193; x_wconf 82' lang='lat' dir='ltr'>obliga-</span> 
     </span>
     <span class='ocr_line' id='line_1_13' title="bbox 139 1198 1150 1266; baseline 0 -4"><span class='ocrx_word' id='word_1_97' title='bbox 139 1202 222 1262; x_wconf 85' lang='lat' dir='ltr'>tione</span> <span class='ocrx_word' id='word_1_98' title='bbox 241 1201 391 1266; x_wconf 88' lang='lat' dir='ltr'>deiereudi</span> <span class='ocrx_word' id='word_1_99' title='bbox 414 1209 525 1262; x_wconf 85' lang='lat' dir='ltr'>vestem</span> <span class='ocrx_word' id='word_1_100' title='bbox 546 1201 592 1258; x_wconf 88' lang='lat' dir='ltr'>sui</span> <span class='ocrx_word' id='word_1_101' title='bbox 614 1198 738 1259; x_wconf 85' lang='lat' dir='ltr'>ordinis.</span> <span class='ocrx_word' id='word_1_102' title='bbox 760 1199 860 1257; x_wconf 82' lang='lat' dir='ltr'>Monet</span> <span class='ocrx_word' id='word_1_103' title='bbox 880 1205 978 1256; x_wconf 91' lang='lat' dir='ltr'>tamen</span> <span class='ocrx_word' id='word_1_104' title='bbox 1000 1217 1061 1259; x_wconf 90' lang='lat' dir='ltr'>non</span> <span class='ocrx_word' id='word_1_105' title='bbox 1082 1200 1150 1263; x_wconf 88' lang='lat' dir='ltr'>idcd</span> 
     </span>
     <span class='ocr_line' id='line_1_14' title="bbox 137 1283 1148 1366; baseline 0.003 -22"><span class='ocrx_word' id='word_1_106' title='bbox 137 1297 288 1366; x_wconf 87' lang='lat' dir='ltr'>exemptos</span> <span class='ocrx_word' id='word_1_107' title='bbox 307 1305 368 1347; x_wconf 86' lang='lat' dir='ltr'>esse</span> <span class='ocrx_word' id='word_1_108' title='bbox 389 1286 534 1346; x_wconf 88' lang='lat' dir='ltr'>abunere</span> <span class='ocrx_word' id='word_1_109' title='bbox 553 1283 689 1344; x_wconf 83' lang='lat' dir='ltr'>seruandi</span> <span class='ocrx_word' id='word_1_110' title='bbox 709 1292 777 1342; x_wconf 88' lang='lat' dir='ltr'>vota</span> <span class='ocrx_word' id='word_1_111' title='bbox 797 1285 828 1343; x_wconf 92' lang='lat' dir='ltr'>in</span> <span class='ocrx_word' id='word_1_112' title='bbox 850 1283 904 1355; x_wconf 85' lang='lat' dir='ltr'>iis,</span> <span class='ocrx_word' id='word_1_113' title='bbox 925 1300 991 1362; x_wconf 83' lang='lat' dir='ltr'>quae</span> <span class='ocrx_word' id='word_1_114' title='bbox 1008 1283 1148 1365; x_wconf 84' lang='lat' dir='ltr'>conjungi</span> 
     </span>
     <span class='ocr_line' id='line_1_15' title="bbox 138 1367 1149 1448; baseline 0.001 -18"><span class='ocrx_word' id='word_1_115' title='bbox 138 1382 261 1448; x_wconf 85' lang='lat' dir='ltr'>possunt</span> <span class='ocrx_word' id='word_1_116' title='bbox 283 1391 351 1433; x_wconf 92' lang='lat' dir='ltr'>cum</span> <span class='ocrx_word' id='word_1_117' title='bbox 375 1389 453 1438; x_wconf 80' lang='lat' dir='ltr'>novo</span> <span class='ocrx_word' id='word_1_118' title='bbox 475 1388 529 1440; x_wconf 86' lang='lat' dir='ltr'>suo</span> <span class='ocrx_word' id='word_1_119' title='bbox 552 1379 643 1428; x_wconf 91' lang='lat' dir='ltr'>statu.</span> <span class='ocrx_word' id='word_1_120' title='bbox 661 1368 736 1429; x_wconf 82' lang='lat' dir='ltr'>Ciam</span> <span class='ocrx_word' id='word_1_121' title='bbox 759 1367 830 1430; x_wconf 79' lang='lat' dir='ltr'>veri)</span> <span class='ocrx_word' id='word_1_122' title='bbox 853 1387 923 1429; x_wconf 89' lang='lat' dir='ltr'>cura</span> <span class='ocrx_word' id='word_1_123' title='bbox 945 1371 1097 1446; x_wconf 87' lang='lat' dir='ltr'>pastoralis</span> <span class='ocrx_word' id='word_1_124' title='bbox 1118 1381 1149 1431; x_wconf 88' lang='lat' dir='ltr'>et</span> 
     </span>
     <span class='ocr_line' id='line_1_16' title="bbox 138 1454 1149 1534; baseline 0.001 -20"><span class='ocrx_word' id='word_1_125' title='bbox 138 1458 324 1517; x_wconf 85' lang='lat' dir='ltr'>canonicatus</span> <span class='ocrx_word' id='word_1_126' title='bbox 343 1459 382 1517; x_wconf 90' lang='lat' dir='ltr'>sit</span> <span class='ocrx_word' id='word_1_127' title='bbox 405 1455 650 1534; x_wconf 87' lang='lat' dir='ltr'>incompassibilis</span> <span class='ocrx_word' id='word_1_128' title='bbox 673 1473 741 1514; x_wconf 92' lang='lat' dir='ltr'>cum</span> <span class='ocrx_word' id='word_1_129' title='bbox 765 1454 870 1514; x_wconf 91' lang='lat' dir='ltr'>actuali</span> <span class='ocrx_word' id='word_1_130' title='bbox 889 1454 1054 1514; x_wconf 77' lang='lat' dir='ltr'>obedientia</span> <span class='ocrx_word' id='word_1_131' title='bbox 1073 1474 1149 1534; x_wconf 75' lang='lat' dir='ltr'>prcc-</span> 
     </span>
     <span class='ocr_line' id='line_1_17' title="bbox 136 1538 1147 1618; baseline 0.002 -20"><span class='ocrx_word' id='word_1_132' title='bbox 136 1541 239 1600; x_wconf 74' lang='lat' dir='ltr'>stando</span> <span class='ocrx_word' id='word_1_133' title='bbox 262 1541 409 1618; x_wconf 87' lang='lat' dir='ltr'>superiori</span> <span class='ocrx_word' id='word_1_134' title='bbox 430 1540 581 1616; x_wconf 87' lang='lat' dir='ltr'>regulari,</span> <span class='ocrx_word' id='word_1_135' title='bbox 606 1539 674 1598; x_wconf 88' lang='lat' dir='ltr'>ided</span> <span class='ocrx_word' id='word_1_136' title='bbox 694 1538 822 1599; x_wconf 83' lang='lat' dir='ltr'>declarat</span> <span class='ocrx_word' id='word_1_137' title='bbox 847 1558 879 1607; x_wconf 86' lang='lat' dir='ltr'>n,</span> <span class='ocrx_word' id='word_1_138' title='bbox 904 1540 952 1599; x_wconf 75' lang='lat'>27.</span> <span class='ocrx_word' id='word_1_139' title='bbox 978 1559 1037 1599; x_wconf 94' lang='lat' dir='ltr'>non</span> <span class='ocrx_word' id='word_1_140' title='bbox 1062 1559 1147 1618; x_wconf 91' lang='lat' dir='ltr'>posse</span> 
     </span>
     <span class='ocr_line' id='line_1_18' title="bbox 136 1623 1147 1702; baseline 0.002 -19"><span class='ocrx_word' id='word_1_141' title='bbox 136 1625 200 1698; x_wconf 84' lang='lat' dir='ltr'>cogi</span> <span class='ocrx_word' id='word_1_142' title='bbox 220 1624 257 1682; x_wconf 90' lang='lat' dir='ltr'>ab</span> <span class='ocrx_word' id='word_1_143' title='bbox 278 1623 381 1681; x_wconf 89' lang='lat' dir='ltr'>iisdem</span> <span class='ocrx_word' id='word_1_144' title='bbox 402 1623 603 1700; x_wconf 85' lang='lat' dir='ltr'>superioribus</span> <span class='ocrx_word' id='word_1_145' title='bbox 625 1630 660 1682; x_wconf 87' lang='lat' dir='ltr'>ut</span> <span class='ocrx_word' id='word_1_146' title='bbox 677 1624 715 1682; x_wconf 87' lang='lat' dir='ltr'>ad</span> <span class='ocrx_word' id='word_1_147' title='bbox 736 1624 889 1702; x_wconf 80' lang='lat' dir='ltr'>religionis</span> <span class='ocrx_word' id='word_1_148' title='bbox 913 1627 1037 1702; x_wconf 84' lang='lat' dir='ltr'>claustra</span> <span class='ocrx_word' id='word_1_149' title='bbox 1061 1627 1147 1685; x_wconf 87' lang='lat' dir='ltr'>rode-</span> 
     </span>
     <span class='ocr_line' id='line_1_19' title="bbox 135 1708 1146 1788; baseline 0.009 -23"><span class='ocrx_word' id='word_1_150' title='bbox 135 1717 210 1766; x_wconf 85' lang='lat' dir='ltr'>ant:</span> <span class='ocrx_word' id='word_1_151' title='bbox 227 1726 310 1786; x_wconf 81' lang='lat' dir='ltr'>posse</span> <span class='ocrx_word' id='word_1_152' title='bbox 324 1717 423 1768; x_wconf 87' lang='lat' dir='ltr'>tamon</span> <span class='ocrx_word' id='word_1_153' title='bbox 438 1708 633 1786; x_wconf 83' lang='lat' dir='ltr'>Episcopum,</span> <span class='ocrx_word' id='word_1_154' title='bbox 652 1710 701 1772; x_wconf 91' lang='lat' dir='ltr'>eui</span> <span class='ocrx_word' id='word_1_155' title='bbox 720 1710 951 1785; x_wconf 90' lang='lat' dir='ltr'>submittuntur,</span> <span class='ocrx_word' id='word_1_156' title='bbox 966 1711 1096 1788; x_wconf 82' lang='lat' dir='ltr'>legitimi</span> <span class='ocrx_word' id='word_1_157' title='bbox 1110 1730 1146 1775; x_wconf 79' lang='lat' dir='ltr'>ex</span> 
     </span>
     <span class='ocr_line' id='line_1_20' title="bbox 135 1793 1146 1872; baseline 0.005 -20"><span class='ocrx_word' id='word_1_158' title='bbox 135 1794 220 1852; x_wconf 76' lang='lat' dir='ltr'>rausi</span> <span class='ocrx_word' id='word_1_159' title='bbox 234 1793 354 1871; x_wconf 86' lang='lat' dir='ltr'>privare</span> <span class='ocrx_word' id='word_1_160' title='bbox 375 1793 441 1854; x_wconf 90' lang='lat' dir='ltr'>illos</span> <span class='ocrx_word' id='word_1_161' title='bbox 459 1811 513 1872; x_wconf 90' lang='lat' dir='ltr'>per</span> <span class='ocrx_word' id='word_1_162' title='bbox 529 1794 707 1856; x_wconf 86' lang='lat' dir='ltr'>seutentiam</span> <span class='ocrx_word' id='word_1_163' title='bbox 727 1795 780 1854; x_wconf 92' lang='lat' dir='ltr'>illo</span> <span class='ocrx_word' id='word_1_164' title='bbox 802 1793 964 1864; x_wconf 81' lang='lat' dir='ltr'>beneficio,</span> <span class='ocrx_word' id='word_1_165' title='bbox 977 1814 1030 1855; x_wconf 87' lang='lat' dir='ltr'>seu</span> <span class='ocrx_word' id='word_1_166' title='bbox 1049 1797 1146 1856; x_wconf 88' lang='lat' dir='ltr'>decla·</span> 
     </span>
     <span class='ocr_line' id='line_1_21' title="bbox 136 1878 1146 1959; baseline 0.004 -23"><span class='ocrx_word' id='word_1_167' title='bbox 136 1895 203 1938; x_wconf 87' lang='lat' dir='ltr'>rare</span> <span class='ocrx_word' id='word_1_168' title='bbox 218 1878 360 1958; x_wconf 75' lang='lat' dir='ltr'>perpetui</span> <span class='ocrx_word' id='word_1_169' title='bbox 379 1897 533 1959; x_wconf 89' lang='lat' dir='ltr'>suspensos</span> <span class='ocrx_word' id='word_1_170' title='bbox 547 1897 584 1938; x_wconf 88' lang='lat' dir='ltr'>ex</span> <span class='ocrx_word' id='word_1_171' title='bbox 603 1878 800 1951; x_wconf 84' lang='lat' dir='ltr'>inhabilitate.</span> <span class='ocrx_word' id='word_1_172' title='bbox 810 1880 893 1938; x_wconf 84' lang='lat' dir='ltr'>Tarne</span> <span class='ocrx_word' id='word_1_173' title='bbox 904 1887 1004 1940; x_wconf 90' lang='lat' dir='ltr'>autem</span> <span class='ocrx_word' id='word_1_174' title='bbox 1017 1881 1146 1942; x_wconf 84' lang='lat' dir='ltr'>declarat</span> 
     </span>
     <span class='ocr_line' id='line_1_22' title="bbox 134 1963 1144 2035; baseline 0.004 -12"><span class='ocrx_word' id='word_1_175' title='bbox 134 1963 231 2025; x_wconf 67' lang='lat' dir='ltr'>teneri</span> <span class='ocrx_word' id='word_1_176' title='bbox 249 1983 298 2027; x_wconf 92' lang='lat' dir='ltr'>eos</span> <span class='ocrx_word' id='word_1_177' title='bbox 315 1963 351 2025; x_wconf 89' lang='lat' dir='ltr'>ad</span> <span class='ocrx_word' id='word_1_178' title='bbox 370 1965 495 2025; x_wconf 85' lang='lat' dir='ltr'>claustra</span> <span class='ocrx_word' id='word_1_179' title='bbox 515 1964 633 2035; x_wconf 82' lang='lat' dir='ltr'>redire,</span> <span class='ocrx_word' id='word_1_180' title='bbox 649 1965 732 2025; x_wconf 87' lang='lat' dir='ltr'>sicut</span> <span class='ocrx_word' id='word_1_181' title='bbox 750 1972 780 2024; x_wconf 90' lang='lat' dir='ltr'>ct</span> <span class='ocrx_word' id='word_1_182' title='bbox 799 1982 827 2023; x_wconf 90' lang='lat' dir='ltr'>n.</span> <span class='ocrx_word' id='word_1_183' title='bbox 840 1965 888 2024; x_wconf 71' lang='lat'>28.</span> <span class='ocrx_word' id='word_1_184' title='bbox 906 1963 943 2023; x_wconf 87' lang='lat' dir='ltr'>ad</span> <span class='ocrx_word' id='word_1_185' title='bbox 960 1965 1144 2028; x_wconf 84' lang='lat' dir='ltr'>redeundum</span> 
     </span>
     <span class='ocr_line' id='line_1_23' title="bbox 137 2048 1146 2129; baseline 0.007 -22"><span class='ocrx_word' id='word_1_186' title='bbox 137 2049 248 2129; x_wconf 87' lang='lat' dir='ltr'>obligat</span> <span class='ocrx_word' id='word_1_187' title='bbox 261 2050 379 2111; x_wconf 87' lang='lat' dir='ltr'>eosdem</span> <span class='ocrx_word' id='word_1_188' title='bbox 394 2048 597 2109; x_wconf 85' lang='lat' dir='ltr'>beneficiarios</span> <span class='ocrx_word' id='word_1_189' title='bbox 610 2049 634 2108; x_wconf 90' lang='lat' dir='ltr'>si</span> <span class='ocrx_word' id='word_1_190' title='bbox 651 2048 793 2111; x_wconf 80' lang='lat' dir='ltr'>beneficio</span> <span class='ocrx_word' id='word_1_191' title='bbox 809 2048 990 2109; x_wconf 87' lang='lat' dir='ltr'>renuntient.</span> <span class='ocrx_word' id='word_1_192' title='bbox 1000 2051 1146 2113; x_wconf 73' lang='lat' dir='ltr'>casterium</span> 
     </span>
     <span class='ocr_line' id='line_1_24' title="bbox 137 2133 1148 2215; baseline 0.007 -24"><span class='ocrx_word' id='word_1_193' title='bbox 137 2152 168 2191; x_wconf 91' lang='lat' dir='ltr'>n.</span> <span class='ocrx_word' id='word_1_194' title='bbox 180 2134 229 2195; x_wconf 71' lang='lat'>28.</span> <span class='ocrx_word' id='word_1_195' title='bbox 246 2135 360 2197; x_wconf 86' lang='lat' dir='ltr'>etiamsi</span> <span class='ocrx_word' id='word_1_196' title='bbox 378 2133 505 2202; x_wconf 87' lang='lat' dir='ltr'>habeant</span> <span class='ocrx_word' id='word_1_197' title='bbox 523 2133 742 2212; x_wconf 86' lang='lat' dir='ltr'>coadjutorem,</span> <span class='ocrx_word' id='word_1_198' title='bbox 761 2134 808 2193; x_wconf 86' lang='lat' dir='ltr'>rel</span> <span class='ocrx_word' id='word_1_199' title='bbox 829 2134 1054 2211; x_wconf 79' lang='lat' dir='ltr'>impetraverint</span> <span class='ocrx_word' id='word_1_200' title='bbox 1065 2136 1148 2215; x_wconf 78' lang='lat' dir='ltr'>jubi-</span> 
     </span>
     <span class='ocr_line' id='line_1_25' title="bbox 69 2220 1147 2299; baseline 0.006 -22"><span class='ocrx_word' id='word_1_201' title='bbox 69 2284 73 2293; x_wconf 43' lang='grc'><strong>,</strong></span> <span class='ocrx_word' id='word_1_202' title='bbox 135 2220 294 2292; x_wconf 82' lang='lat' dir='ltr'>lationem,</span> <span class='ocrx_word' id='word_1_203' title='bbox 311 2220 377 2283; x_wconf 87' lang='lat' dir='ltr'>erim</span> <span class='ocrx_word' id='word_1_204' title='bbox 393 2231 463 2281; x_wconf 90' lang='lat' dir='ltr'>tune</span> <span class='ocrx_word' id='word_1_205' title='bbox 479 2229 637 2281; x_wconf 87' lang='lat' dir='ltr'>teneantur</span> <span class='ocrx_word' id='word_1_206' title='bbox 653 2220 784 2281; x_wconf 76' lang='lat' dir='ltr'>residere</span> <span class='ocrx_word' id='word_1_207' title='bbox 802 2220 836 2281; x_wconf 90' lang='lat' dir='ltr'>in</span> <span class='ocrx_word' id='word_1_208' title='bbox 853 2220 918 2280; x_wconf 92' lang='lat' dir='ltr'>loco</span> <span class='ocrx_word' id='word_1_209' title='bbox 936 2220 1082 2299; x_wconf 79' lang='lat' dir='ltr'>parochiae</span> <span class='ocrx_word' id='word_1_210' title='bbox 1095 2234 1147 2284; x_wconf 89' lang='lat' dir='ltr'>aut</span> 
     </span>
     <span class='ocr_line' id='line_1_26' title="bbox 135 2304 1147 2387; baseline 0.004 -26"><span class='ocrx_word' id='word_1_211' title='bbox 135 2304 343 2380; x_wconf 75' lang='lat' dir='ltr'>canonicatis,</span> <span class='ocrx_word' id='word_1_212' title='bbox 362 2305 431 2367; x_wconf 88' lang='lat' dir='ltr'>idcd</span> <span class='ocrx_word' id='word_1_213' title='bbox 448 2304 484 2366; x_wconf 86' lang='lat' dir='ltr'>ad</span> <span class='ocrx_word' id='word_1_214' title='bbox 503 2306 629 2372; x_wconf 63' lang='lat' dir='ltr'>claustra,</span> <span class='ocrx_word' id='word_1_215' title='bbox 648 2305 747 2376; x_wconf 85' lang='lat' dir='ltr'>redire</span> <span class='ocrx_word' id='word_1_216' title='bbox 765 2306 796 2366; x_wconf 89' lang='lat' dir='ltr'>in</span> <span class='ocrx_word' id='word_1_217' title='bbox 814 2323 850 2372; x_wconf 73' lang='lat' dir='ltr'>‚co</span> <span class='ocrx_word' id='word_1_218' title='bbox 871 2322 938 2371; x_wconf 73' lang='lat' dir='ltr'>,casu</span> <span class='ocrx_word' id='word_1_219' title='bbox 960 2323 1147 2387; x_wconf 84' lang='lat' dir='ltr'>nequaquam</span> 
     </span>
     <span class='ocr_line' id='line_1_27' title="bbox 135 2396 285 2449; baseline 0.027 -4"><span class='ocrx_word' id='word_1_220' title='bbox 135 2396 285 2449; x_wconf 84' lang='lat' dir='ltr'>tenentur.</span> 
     </span>
    </p>
   </div>
   <div class='ocr_carea' id='block_1_3' title="bbox 544 2522 734 2592">
    <p class='ocr_par' dir='ltr' id='par_1_5' title="bbox 544 2522 734 2592">
     <span class='ocr_line' id='line_1_28' title="bbox 544 2522 734 2592; baseline 0.011 -13"><span class='ocrx_word' id='word_1_221' title='bbox 544 2522 734 2592; x_wconf 71' lang='lat' dir='ltr'>cruentet.</span> 
     </span>
    </p>
   </div>
   <div class='ocr_carea' id='block_1_4' title="bbox 133 2726 1147 2895">
    <p class='ocr_par' dir='ltr' id='par_1_6' title="bbox 133 2726 1147 2895">
     <span class='ocr_line' id='line_1_29' title="bbox 172 2726 1146 2811; baseline 0.008 -24"><span class='ocrx_word' id='word_1_222' title='bbox 172 2728 308 2789; x_wconf 87' lang='lat' dir='ltr'>canonici</span> <span class='ocrx_word' id='word_1_223' title='bbox 332 2726 505 2787; x_wconf 84' lang='lat' dir='ltr'>cathedralis</span> <span class='ocrx_word' id='word_1_224' title='bbox 526 2746 586 2789; x_wconf 91' lang='lat' dir='ltr'>uon</span> <span class='ocrx_word' id='word_1_225' title='bbox 606 2729 775 2792; x_wconf 87' lang='lat' dir='ltr'>emittentes</span> <span class='ocrx_word' id='word_1_226' title='bbox 797 2734 1006 2811; x_wconf 77' lang='lat' dir='ltr'>professionem</span> <span class='ocrx_word' id='word_1_227' title='bbox 1022 2733 1091 2794; x_wconf 78' lang='lat' dir='ltr'>fidei</span> <span class='ocrx_word' id='word_1_228' title='bbox 1107 2753 1146 2795; x_wconf 85' lang='lat' dir='ltr'>cx</span> 
     </span>
     <span class='ocr_line' id='line_1_30' title="bbox 133 2812 1147 2895; baseline 0.006 -22"><span class='ocrx_word' id='word_1_229' title='bbox 133 2812 303 2891; x_wconf 85' lang='lat' dir='ltr'>praescripto</span> <span class='ocrx_word' id='word_1_230' title='bbox 319 2812 349 2871; x_wconf 89' lang='lat' dir='ltr'>S.</span> <span class='ocrx_word' id='word_1_231' title='bbox 365 2814 454 2873; x_wconf 88' lang='lat' dir='ltr'>Cono.</span> <span class='ocrx_word' id='word_1_232' title='bbox 472 2812 556 2872; x_wconf 86' lang='lat' dir='ltr'>Trid.</span> <span class='ocrx_word' id='word_1_233' title='bbox 581 2832 642 2873; x_wconf 79' lang='lat' dir='ltr'>uon</span> <span class='ocrx_word' id='word_1_234' title='bbox 659 2813 777 2893; x_wconf 75' lang='lat' dir='ltr'>sociarat</span> <span class='ocrx_word' id='word_1_235' title='bbox 796 2815 913 2895; x_wconf 68' lang='lat' dir='ltr'>[tuctus</span> <span class='ocrx_word' id='word_1_236' title='bbox 932 2834 1018 2888; x_wconf 78' lang='lat' dir='ltr'>auos,</span> <span class='ocrx_word' id='word_1_237' title='bbox 1031 2820 1147 2879; x_wconf 77' lang='lat' dir='ltr'>intactus</span> 
     </span>
    </p>
   </div>
   <div class='ocr_carea' id='block_1_5' title="bbox 133 2895 1226 2977">
    <p class='ocr_par' dir='ltr' id='par_1_7' title="bbox 133 2895 1226 2977">
     <span class='ocr_line' id='line_1_31' title="bbox 133 2895 1226 2977; baseline 0.006 -20"><span class='ocrx_word' id='word_1_238' title='bbox 133 2895 1148 2977; x_wconf 76' lang='lat' dir='ltr'>canenpraebenda.nonverodtsuttuuonam‚utt&#39;saeperespondtt</span> <span class='ocrx_word' id='word_1_239' title='bbox 1225 2901 1226 2920; x_wconf 60' lang='lat'>³</span> 
     </span>
    </p>
   </div>
   <div class='ocr_carea' id='block_1_6' title="bbox 131 2982 1147 3222">
    <p class='ocr_par' dir='ltr' id='par_1_8' title="bbox 131 2982 1147 3222">
     <span class='ocr_line' id='line_1_32' title="bbox 133 2982 1147 3062; baseline 0.004 -19"><span class='ocrx_word' id='word_1_240' title='bbox 133 2986 164 3043; x_wconf 90' lang='lat' dir='ltr'>S.</span> <span class='ocrx_word' id='word_1_241' title='bbox 180 2984 288 3062; x_wconf 80' lang='lat' dir='ltr'>Congu.</span> <span class='ocrx_word' id='word_1_242' title='bbox 311 2984 381 3041; x_wconf 91' lang='lat' dir='ltr'>lust.</span> <span class='ocrx_word' id='word_1_243' title='bbox 403 2982 480 3043; x_wconf 84' lang='lat' dir='ltr'>Eccl.</span> <span class='ocrx_word' id='word_1_244' title='bbox 503 2984 551 3047; x_wconf 81' lang='lat'>60.</span> <span class='ocrx_word' id='word_1_245' title='bbox 577 3002 609 3051; x_wconf 85' lang='lat' dir='ltr'>n.</span> <span class='ocrx_word' id='word_1_246' title='bbox 630 2986 678 3043; x_wconf 85' lang='lat' dir='ltr'>ll.</span> <span class='ocrx_word' id='word_1_247' title='bbox 696 2987 756 3045; x_wconf 86' lang='lat' dir='ltr'>Nce</span> <span class='ocrx_word' id='word_1_248' title='bbox 772 2984 810 3043; x_wconf 87' lang='lat' dir='ltr'>ad</span> <span class='ocrx_word' id='word_1_249' title='bbox 824 3003 888 3043; x_wconf 89' lang='lat' dir='ltr'>cam</span> <span class='ocrx_word' id='word_1_250' title='bbox 904 3001 1021 3060; x_wconf 89' lang='lat' dir='ltr'>poeuam</span> <span class='ocrx_word' id='word_1_251' title='bbox 1042 2986 1147 3047; x_wconf 85' lang='lat' dir='ltr'>incur·</span> 
     </span>
     <span class='ocr_line' id='line_1_33' title="bbox 132 3067 1147 3147; baseline 0.006 -21"><span class='ocrx_word' id='word_1_252' title='bbox 132 3068 255 3127; x_wconf 87' lang='lat' dir='ltr'>rendum</span> <span class='ocrx_word' id='word_1_253' title='bbox 275 3067 440 3147; x_wconf 82' lang='lat' dir='ltr'>requiritur</span> <span class='ocrx_word' id='word_1_254' title='bbox 459 3070 604 3129; x_wconf 88' lang='lat' dir='ltr'>sententia</span> <span class='ocrx_word' id='word_1_255' title='bbox 627 3070 836 3141; x_wconf 86' lang='lat' dir='ltr'>declaratoria‚</span> <span class='ocrx_word' id='word_1_256' title='bbox 853 3076 888 3126; x_wconf 89' lang='lat' dir='ltr'>ut</span> <span class='ocrx_word' id='word_1_257' title='bbox 901 3086 936 3130; x_wconf 84' lang='lat' dir='ltr'>cx</span> <span class='ocrx_word' id='word_1_258' title='bbox 949 3069 1062 3147; x_wconf 88' lang='lat' dir='ltr'>syuodo</span> <span class='ocrx_word' id='word_1_259' title='bbox 1073 3073 1147 3133; x_wconf 84' lang='lat' dir='ltr'>Far-</span> 
     </span>
     <span class='ocr_line' id='line_1_34' title="bbox 131 3151 810 3222; baseline 0.007 -14"><span class='ocrx_word' id='word_1_260' title='bbox 131 3151 206 3213; x_wconf 86' lang='lat' dir='ltr'>icnsi</span> <span class='ocrx_word' id='word_1_261' title='bbox 227 3154 376 3214; x_wconf 81' lang='lat' dir='ltr'>firmatur.</span> <span class='ocrx_word' id='word_1_262' title='bbox 397 3155 469 3214; x_wconf 89' lang='lat' dir='ltr'>lnst.</span> <span class='ocrx_word' id='word_1_263' title='bbox 484 3156 591 3215; x_wconf 87' lang='lat' dir='ltr'>Ecclcs.</span> <span class='ocrx_word' id='word_1_264' title='bbox 610 3155 771 3222; x_wconf 77' lang='lat' dir='ltr'>57.n.15.</span> <span class='ocrx_word' id='word_1_265' title='bbox 803 3210 810 3221; x_wconf 77' lang='grc'><em>,</em></span> 
     </span>
    </p>
   </div>
   <div class='ocr_carea' id='block_1_7' title="bbox 170 3237 1226 3316">
    <p class='ocr_par' dir='ltr' id='par_1_9' title="bbox 170 3237 1226 3316">
     <span class='ocr_line' id='line_1_35' title="bbox 170 3237 1226 3316; baseline 0.005 -23"><span class='ocrx_word' id='word_1_266' title='bbox 170 3237 313 3297; x_wconf 84' lang='lat' dir='ltr'>Prolcssio</span> <span class='ocrx_word' id='word_1_267' title='bbox 325 3240 393 3299; x_wconf 85' lang='lat' dir='ltr'>fidei</span> <span class='ocrx_word' id='word_1_268' title='bbox 404 3238 420 3299; x_wconf 83' lang='lat' dir='ltr'>d</span> <span class='ocrx_word' id='word_1_269' title='bbox 431 3240 576 3299; x_wconf 86' lang='lat' dir='ltr'>canonicis</span> <span class='ocrx_word' id='word_1_270' title='bbox 589 3238 749 3303; x_wconf 88' lang='lat' dir='ltr'>omittenda</span> <span class='ocrx_word' id='word_1_271' title='bbox 760 3258 796 3300; x_wconf 88' lang='lat' dir='ltr'>ex</span> <span class='ocrx_word' id='word_1_272' title='bbox 807 3239 1018 3304; x_wconf 85' lang='lat' dir='ltr'>constitutione</span> <span class='ocrx_word' id='word_1_273' title='bbox 1025 3243 1078 3304; x_wconf 81' lang='lat' dir='ltr'>Pii</span> <span class='ocrx_word' id='word_1_274' title='bbox 1083 3245 1102 3305; x_wconf 92' lang='lat'><em>1</em></span> <span class='ocrx_word' id='word_1_275' title='bbox 1106 3244 1143 3316; x_wconf 88' lang='lat' dir='ltr'>V,</span> <span class='ocrx_word' id='word_1_276' title='bbox 1225 3279 1226 3298; x_wconf 47' lang='lat'>1</span> 
     </span>
    </p>
   </div>
   <div class='ocr_carea' id='block_1_8' title="bbox 131 3318 1143 3402">
    <p class='ocr_par' dir='ltr' id='par_1_10' title="bbox 131 3318 1143 3402">
     <span class='ocr_line' id='line_1_36' title="bbox 131 3318 1143 3402; baseline 0.014 -28"><span class='ocrx_word' id='word_1_277' title='bbox 131 3329 192 3375; x_wconf 88' lang='lat' dir='ltr'>uon</span> <span class='ocrx_word' id='word_1_278' title='bbox 209 3318 318 3393; x_wconf 85' lang='lat' dir='ltr'>obligat</span> <span class='ocrx_word' id='word_1_279' title='bbox 337 3324 492 3384; x_wconf 89' lang='lat' dir='ltr'>canonicos</span> <span class='ocrx_word' id='word_1_280' title='bbox 512 3323 636 3382; x_wconf 81' lang='lat' dir='ltr'>aliarum</span> <span class='ocrx_word' id='word_1_281' title='bbox 656 3324 897 3402; x_wconf 79' lang='lat' dir='ltr'>collegiatarum,</span> <span class='ocrx_word' id='word_1_282' title='bbox 918 3325 970 3384; x_wconf 82' lang='lat' dir='ltr'>scd</span> <span class='ocrx_word' id='word_1_283' title='bbox 989 3326 1143 3388; x_wconf 86' lang='lat' dir='ltr'>cathedra·</span> 
     </span>
    </p>
   </div>
   <div class='ocr_carea' id='block_1_9' title="bbox 128 3397 1142 3541">
    <p class='ocr_par' dir='ltr' id='par_1_11' title="bbox 128 3397 1142 3541">
     <span class='ocr_line' id='line_1_37' title="bbox 128 3397 1142 3537; baseline 0.019 -82"><span class='ocrx_word' id='word_1_284' title='bbox 128 3397 204 3533; x_wconf 53' lang='lat' dir='ltr'><em>w</em></span> <span class='ocrx_word' id='word_1_285' title='bbox 224 3406 443 3537; x_wconf 59' lang='lat' dir='ltr'>tgntcarmmodd.</span> <span class='ocrx_word' id='word_1_286' title='bbox 462 3408 559 3468; x_wconf 89' lang='lat' dir='ltr'>instit.</span> <span class='ocrx_word' id='word_1_287' title='bbox 578 3408 685 3469; x_wconf 89' lang='lat' dir='ltr'>Ecelcs.</span> <span class='ocrx_word' id='word_1_288' title='bbox 704 3412 754 3471; x_wconf 72' lang='lat' dir='ltr'>dil</span> <span class='ocrx_word' id='word_1_289' title='bbox 775 3429 808 3470; x_wconf 90' lang='lat' dir='ltr'>n.</span> <span class='ocrx_word' id='word_1_290' title='bbox 831 3414 860 3471; x_wconf 91' lang='lat' dir='ltr'>l.</span> <span class='ocrx_word' id='word_1_291' title='bbox 879 3429 915 3478; x_wconf 75' lang='lat' dir='ltr'>ex</span> <span class='ocrx_word' id='word_1_292' title='bbox 936 3412 1071 3489; x_wconf 85' lang='lat' dir='ltr'>pluriltus</span> <span class='ocrx_word' id='word_1_293' title='bbox 1089 3414 1142 3473; x_wconf 91' lang='lat' dir='ltr'>de·</span> 
     </span>
     <span class='ocr_line' id='line_1_38' title="bbox 192 3497 312 3541; baseline 0.05 -6"><span class='ocrx_word' id='word_1_294' title='bbox 192 3497 215 3535; x_wconf 84' lang='lat' dir='ltr'>ts</span> <span class='ocrx_word' id='word_1_295' title='bbox 257 3519 263 3536; x_wconf 77' lang='grc' dir='ltr'>ι</span> <span class='ocrx_word' id='word_1_296' title='bbox 305 3524 312 3541; x_wconf 70' lang='grc' dir='ltr'>ι</span> 
     </span>
    </p>
   </div>
   <div class='ocr_carea' id='block_1_10' title="bbox 168 3555 1141 3663">
    <p class='ocr_par' dir='ltr' id='par_1_12' title="bbox 168 3555 1141 3663">
     <span class='ocr_line' id='line_1_39' title="bbox 168 3555 1141 3663; baseline 0.035 -54"><span class='ocrx_word' id='word_1_297' title='bbox 168 3555 235 3614; x_wconf 79' lang='lat' dir='ltr'>ttaec</span> <span class='ocrx_word' id='word_1_298' title='bbox 252 3559 320 3621; x_wconf 86' lang='lat' dir='ltr'>fidoi</span> <span class='ocrx_word' id='word_1_299' title='bbox 347 3568 487 3639; x_wconf 77' lang='lat' dir='ltr'>professio</span> <span class='ocrx_word' id='word_1_300' title='bbox 514 3580 710 3653; x_wconf 86' lang='lat' dir='ltr'>personaliter</span> <span class='ocrx_word' id='word_1_301' title='bbox 731 3581 894 3663; x_wconf 68' lang='lat' dir='ltr'>parastauda</span> <span class='ocrx_word' id='word_1_302' title='bbox 915 3589 975 3654; x_wconf 81' lang='lat' dir='ltr'>est,</span> <span class='ocrx_word' id='word_1_303' title='bbox 991 3599 1050 3643; x_wconf 88' lang='lat' dir='ltr'>non</span> <span class='ocrx_word' id='word_1_304' title='bbox 1068 3581 1141 3643; x_wconf 80' lang='lat' dir='ltr'>vend</span> 
     </span>
    </p>
   </div>
   <div class='ocr_carea' id='block_1_11' title="bbox 0 0 1242 3975">
    <p class='ocr_par' dir='ltr' id='par_1_13' title="bbox 0 0 1242 3975">
     <span class='ocr_line' id='line_1_40' title="bbox 0 0 1242 3975; baseline 0 2"><span class='ocrx_word' id='word_1_305' title='bbox 0 0 1242 3975; x_wconf 95' lang='lat' dir='ltr'> </span> 
     </span>
    </p>
   </div>
  </div>
 </body>
</html>
