2475 3975
381 171 410 251 i'·
430 173 468 233 11.
482 171 527 233 uc
539 168 730 252 scrupulosis.
853 232 871 251 „
1022 172 1067 235 83

64 276 172 357 prodest
185 272 366 352 scrupulosis
375 271 526 333 interdum
539 272 710 351 imponere,
720 290 759 333 ue
770 270 888 350 penitsis
901 272 940 333 de
950 273 1060 334 talibus

64 358 281 440 cogitationibus
295 375 327 417 se
338 365 494 427 accusent,
514 356 570 415 nisi
584 357 658 417 certi
674 357 735 417 sint
746 379 756 432 ς
768 364 799 417 et
815 375 882 415 cum
891 355 1060 433 juramento

63 448 151 507 testari
177 444 290 523 possint
309 460 340 502 se
358 458 531 503 eonsensum
555 451 717 520 praestasse.
744 443 780 501 lit
805 439 855 501 hio
875 442 1059 513 notandum,

65 531 130 609 qubd
151 528 318 607 scrupulosi
338 544 399 587 non
416 527 476 587 sint
488 527 608 604 regendi
623 527 733 604 regulis
750 526 978 605 particularibus
989 569 998 597 ,
1009 526 1060 587 sed

64 614 265 695 generalibus:
291 612 400 672 etenim
422 611 648 690 particularibus
667 613 777 689 regulis
801 610 966 687 scrupulosi
983 628 1061 670 nun·

65 718 142 777 quam
162 698 345 766 deveniunt,
364 704 398 755 ut
416 714 447 755 se
459 696 634 773 expediant,
648 696 814 758 dubitando
830 714 949 774 semper
960 712 998 755 an
1011 694 1060 753 illa

64 786 152 862 regula
171 785 269 843 valeat
287 783 334 843 vel
360 799 419 841 non
440 800 494 859 pro
516 784 654 860 presenti
677 801 766 853 casu,
791 784 843 861 qui
866 799 985 862 semper
1003 780 1059 841 sibi

64 870 170 930 videtur
185 868 262 929 alius
280 868 317 928 ab
335 866 387 927 illo
401 868 452 945 qui
470 864 676 927 tconfcssaria
687 870 875 945 supponitur.

96 993 140 1053 97.
153 992 184 1053 si
198 994 229 1053 l.
244 992 452 1070 serupulusest
465 988 539 1049 cirea
550 989 715 1067 preteritas
728 990 921 1050 consessiones
931 1034 941 1063 ,
952 1008 1061 1068 nempe

66 1076 134 1154 qubd
146 1077 238 1137 in'eis
255 1095 317 1137 non
335 1076 403 1135 satis
425 1074 637 1152 explicaverint
664 1074 764 1135 omnia
783 1084 919 1152 peecata,
935 1084 987 1133 aut
1005 1074 1061 1133 cir-

44 1163 261 1233 cumstantias,
288 1161 336 1220 vel
361 1157 441 1238 qudd
463 1159 623 1220 defecerint
648 1160 681 1219 in
702 1159 827 1231 dolore,
847 1159 1061 1231 confessarius,

64 1244 121 1305 cim
144 1247 277 1307 advertat
302 1247 495 1323 poenitentem
518 1244 620 1305 iecisse
638 1244 850 1305 contessionem
872 1244 1061 1321 generalem,

64 1339 108 1390 aut
122 1350 172 1410 per
192 1330 313 1409 aliquod
331 1328 460 1390 notabile
478 1336 596 1406 tempus
617 1330 727 1407 pluries
740 1329 892 1408 repetiisse
903 1348 949 1389 res
968 1338 1063 1389 antea·

64 1424 130 1493 ctas;
143 1415 211 1477 huic
229 1418 384 1495 imponere
400 1414 508 1485 debet,
523 1432 562 1473 ne
582 1414 648 1474 illas
668 1412 796 1492 amplius
807 1412 968 1474 deliberate
981 1433 1063 1477 reeo-

64 1501 144 1577 gitct‚
158 1512 188 1563 et
202 1520 241 1561 ne
254 1502 378 1561 verbum
398 1500 483 1561 saciat
498 1498 535 1559 de
550 1500 646 1577 culpis
658 1500 728 1560 vite
739 1500 913 1577 praeteritae,
925 1499 983 1560 nisi
994 1498 1063 1561 crim

62 1585 154 1661 jurare
178 1587 271 1665 possit
292 1603 340 1645 eas
365 1585 454 1644 luism
475 1583 554 1645 certe
575 1586 735 1657 mortales,
756 1593 787 1645 et
810 1592 951 1662 praeterea
984 1583 1063 1645 certia

65 1690 205 1749 uunquam
221 1673 253 1732 in
267 1670 446 1731 consessione
456 1689 503 1731 eas
518 1670 643 1748 dixisse3
655 1671 728 1731 dum
743 1671 850 1731 docent
866 1672 929 1731 ΠΙ).
941 1669 1018 1749 (Lib.
1032 1674 1060 1729 l.

65 1774 93 1815 o.
107 1758 164 1837 lu.)
178 1757 384 1835 scrupulosum
400 1756 514 1817 etiamsi
531 1775 567 1815 ex
587 1756 801 1815 inadvertcntia
823 1755 988 1815 omisissent
1009 1755 1062 1815 ali·

66 1842 136 1918 quod
152 1861 240 1921 grave
258 1852 428 1921 peceatum,
446 1860 507 1903 non
527 1841 623 1901 teneri
643 1840 759 1919 (saltem
779 1838 847 1900 crim
868 1840 906 1899 de
922 1839 978 1901 boc
1001 1859 1061 1900 non

66 1927 117 1986 sint
130 1927 210 2009 certi)
224 1946 294 1990 cum
310 1937 392 1989 tanto
409 1926 599 1988 incommodo
621 1936 651 1985 et
671 1926 803 2005 periculo
830 1924 867 1985 ad
889 1924 1063 1985 servandam

67 2014 241 2074 consessionis
251 2015 473 2092 integritatem,
489 2011 506 2074 ci
520 2032 576 2092 qua
591 2014 691 2074 minus
706 2011 827 2091 quidem
842 2011 1064 2072 incommodum

69 2097 144 2174 quim
164 2098 220 2160 hoc
234 2097 298 2176 jum
312 2117 453 2160 excusare
473 2099 551 2158 valet
568 2097 644 2175 (dib.
659 2101 689 2158 6.
702 2117 735 2158 o.
751 2095 844 2172 teu).
855 2097 946 2155 Curet
959 2095 991 2152 in
1008 2093 1064 2153 boc

70 2184 262 2260 confesarius,
285 2193 319 2244 ut
336 2185 482 2262 poeniteus
498 2183 598 2243 exactis
618 2182 757 2250 obediat,
770 2180 836 2240 etsi
858 2196 919 2236 non
943 2177 1063 2254 obedit,

70 2284 127 2329 cum
138 2271 286 2348 increpet,
299 2271 395 2348 privet
406 2269 617 2330 communione
627 2311 637 2337 ,
649 2277 680 2326 et
689 2263 820 2342 rigorose
828 2269 968 2325 coerceat.
977 2265 1065 2324 Seru·

70 2354 152 2427 pulosi
164 2354 314 2414 ordinarie
326 2373 394 2414 cum
411 2353 567 2414 dulcedine
583 2351 729 2412 tractandi
739 2358 826 2426 sunt,
839 2348 890 2409 sed
906 2350 981 2412 eirca
995 2349 1065 2410 obe·

69 2437 196 2502 dieutiaru
222 2457 345 2518 magnus
362 2440 444 2518 rigor
466 2456 534 2500 eum
563 2438 633 2516 ipsis
652 2446 694 2500 est
717 2435 922 2514 adhibendus3
939 2438 963 2497 si
983 2438 1065 2498 enim

69 2519 134 2583 banc
152 2525 326 2586 obedientiae
345 2524 503 2585 anchoram
515 2524 674 2597 amittunt,
688 2532 802 2584 eertum
821 2524 978 2583 incurrunt
990 2542 1065 2583 naca-

69 2605 204 2684 lmgium,
228 2627 298 2671 nam
317 2619 368 2670 aut
389 2617 519 2676 amentes
544 2608 689 2682 evadent,
711 2616 763 2668 aut
787 2605 916 2666 habenas
935 2609 967 2666 in
991 2609 1065 2668 vitia

69 2694 241 2756 relaxabunt.

100 2815 146 2873 66.
160 2815 188 2873 Si
203 2815 233 2873 6.
248 2814 436 2892 scrupulosus
448 2822 535 2893 pavet
551 2829 670 2892 peceare
687 2812 721 2872 in
741 2811 822 2872 omni
835 2829 970 2890 requam
983 2812 1064 2890 agit,

70 2895 130 2958 huie
141 2897 291 2978 praecipiat
304 2898 496 2959 confessarius
507 2944 515 2970 ,
527 2909 562 2958 ut
571 2897 664 2958 libert
679 2905 837 2976 operetur,
852 2906 883 2955 et
894 2898 1065 2974 scrupulum

70 2993 192 3062 superet3
203 2983 393 3063 eiquediest,
406 2983 466 3046 imb
488 2985 585 3064 ipsum
604 2985 700 3044 teneri
717 2982 754 3042 ad
765 2982 938 3059 scrupulum
951 2982 1067 3040 vincen-

71 3067 150 3146 dum,
166 3087 282 3148 semper
305 3085 338 3129 ue
351 3071 503 3130 evidenter
519 3087 581 3129 nou
600 3068 729 3129 advertit
742 3066 888 3126 actionem
901 3065 982 3124 illam
1002 3083 1066 3125 esse

73 3163 173 3214 metum
196 3163 367 3233 peceatum3
383 3157 424 3216 its
442 3173 510 3216 eum
529 3156 568 3215 P.
586 3152 707 3234 Sepneri
725 3153 788 3211 DD.
810 3148 917 3209 docent
933 3149 1008 3229 (Lib.
1035 3152 1065 3211 6.

74 3253 101 3294 a.
112 3239 199 3318 676).
211 3241 272 3300 Nec
286 3240 368 3300 obest
384 3238 465 3317 qubd
475 3247 541 3317 agat
559 3257 626 3298 cum
638 3237 744 3297 actuali
755 3235 862 3293 timore
871 3279 881 3311 ‚
897 3237 970 3312 quin
984 3254 1067 3298 seru·

75 3322 167 3396 pulum
181 3325 310 3402 deponat
323 3325 412 3405 (quod
432 3333 475 3386 est
494 3325 576 3402 quasi
590 3322 772 3402 impossibile
785 3317 803 3378 b
818 3321 996 3398 scrupulosis
1005 3322 1068 3381 exi-

77 3407 288 3486 gere);etenim
308 3407 480 3486 hujusmodi
500 3425 594 3487 pavor
616 3425 679 3466 non
701 3414 745 3466 est
765 3422 870 3466 verum
886 3405 1068 3466 conscientie

78 3488 230 3565 dictamen,
254 3494 318 3554 sive
333 3494 457 3554 formata
475 3491 674 3562 conscientia,
688 3499 722 3550 ut
739 3490 851 3552 Gerson
867 3487 944 3548 bene
964 3487 1070 3545 distin·

79 3573 146 3654 guil,
161 3595 213 3640 nee
228 3595 335 3640 verum
344 3577 468 3640 dubium
479 3577 661 3656 practicum3
674 3591 728 3635 nec
740 3574 835 3633 aufert
844 3570 990 3648 judicium
1002 3567 1071 3628 ante
