2475 3975
133 202 194 263 580
326 196 465 281 Epitomc
481 194 622 257 doctrinar
639 190 762 255 otorolia
777 199 805 254 ct
819 194 967 255 oenotriam

131 299 221 361 nibus
237 296 409 369 catholicis,
428 316 480 358 seu
498 296 627 357 vicissim
638 295 734 355 vclint
747 293 919 356 contrahere
933 296 965 355 iu
980 294 1140 375 provinciis
1222 312 1223 337 ¹

130 384 299 458 foederatis,
319 383 387 445 edm
410 382 537 443 babeant
555 380 741 443 domicilium
769 381 802 439 iu
824 381 996 457 regionibus
1018 380 1140 445 catholi-

131 470 191 540 cis,
214 468 290 531 nibil
308 469 347 530 de
364 468 423 528 illis
440 467 623 527 decernitur.
642 466 743 526 Coust.
758 464 966 527 Matrimonia.
1222 518 1223 547 ,

170 554 414 615 Denuntiationes
429 549 660 613 matrimoniales
673 567 734 609 non
748 551 812 609 sina
826 551 908 628 gravi
923 552 1009 611 causi
1020 552 1139 631 dispan-

130 648 234 700 sentur
254 640 292 699 ab
317 637 478 716 Episcopo,
502 634 626 696 mandat
646 634 781 695 Pontifex
798 634 924 696 Constit.
944 636 1026 697 Satis
1046 636 1137 698 uobis.
1222 630 1223 637 '

131 724 166 783 lu
186 742 222 784 eo
240 721 310 785 rard
336 739 425 793 casu,
448 738 508 800 quo
537 720 590 781 liat
618 718 821 797 dispensatio,
846 717 934 796 jubet
958 729 992 781 ut
1016 723 1137 781 nomina
1222 720 1223 771 ἶ

130 806 369 867 contrabentium
386 852 395 880 ,
415 813 448 867 et
479 804 553 866 fides
573 804 713 865 celebrati
742 804 925 864 matrimonii
954 802 972 864 d
1001 807 1140 865 ministro

129 892 269 970 deputato
297 892 392 963 iacta,
424 892 457 951 in
487 890 564 951 libro
584 872 696 951 secrdto
720 887 919 961 adnotentur,
943 906 1031 965 quem
1058 892 1139 969 sigil-

130 976 167 1037 lis
192 977 325 1037 clausurn
347 976 526 1037 servandum
547 992 610 1036 esse
639 975 671 1034 in
697 972 855 1051 episcopali
875 973 1055 1033 cancellarii
1076 976 1139 1035 edi-

129 1062 180 1121 rit.
202 1062 233 1122 Si
256 1064 353 1141 proles
377 1070 535 1133 nascatur,
560 1058 625 1137 ejus
644 1067 800 1137 parentes,
824 1065 855 1118 et
876 1057 950 1118 fides
970 1059 1068 1119 collati
1093 1060 1138 1119 illi

130 1144 314 1223 baptismatis
324 1148 355 1206 in
367 1146 471 1207 eodem
485 1145 563 1206 libro
575 1143 741 1204 adnotanda
756 1150 816 1213 est,
828 1152 1007 1220 quapropter
1022 1144 1139 1205 moneri

127 1229 215 1308 jubet
230 1230 435 1293 contrahentes
448 1232 480 1292 ia
492 1239 559 1290 actu
579 1227 773 1290 contrahendi
793 1228 992 1301 matrimonii,
1007 1237 1043 1287 ut
1060 1229 1140 1289 intra
1222 1290 1223 1299 ,

130 1316 252 1393 triginta
269 1317 362 1378 diesi
379 1316 532 1377 nativitate
552 1313 773 1385 numerandos,
792 1320 931 1372 moneant
945 1312 984 1372 de
1005 1310 1052 1372 bis
1075 1330 1141 1373 om·
1222 1310 1223 1381 ζ

131 1400 219 1461 nibus
235 1403 430 1481 Episcopum,
443 1409 475 1461 ct
491 1401 516 1460 si
537 1400 621 1461 sect'ls
638 1400 782 1469 fecerint,
795 1397 908 1472 sciant,
920 1398 1069 1460 occultum
1082 1416 1140 1459 ma·
1222 1394 1223 1415 ¹

131 1487 307 1546 trinroniom
328 1488 392 1547 fore
409 1484 603 1547 revelandum
623 1486 659 1545 ab
676 1484 829 1562 Episcopo.
1222 1490 1223 1561 f

167 1570 355 1629 Matrimonia
371 1570 518 1629 celebrato
531 1587 591 1629 nou
605 1569 763 1648 praemissis
783 1567 1073 1639 denuntiationibus,
1086 1586 1141 1631 nce
1222 1564 1223 1571 '

129 1652 249 1713 obtenti
268 1653 303 1713 cd
324 1652 362 1715 dc
380 1672 414 1714 re
434 1652 471 1713 ab
486 1654 629 1732 Episcopo
642 1652 797 1724 facultate,
810 1654 835 1713 si
849 1654 962 1713 assistat
977 1652 1139 1731 parochus,

129 1739 321 1816 suspensione
339 1738 377 1800 ad
399 1738 565 1799 triennium
580 1735 753 1817 plectendus
773 1744 818 1796 est
835 1755 871 1795 ex
887 1756 952 1815 cap.
968 1736 1043 1798 Cim
1059 1738 1142 1799 iobi-

130 1822 202 1884 bitio
219 1823 246 1903 S.
260 1821 347 1903 final.
361 1823 404 1900 ,d
420 1824 478 1903 qud
491 1824 682 1902 suspensione
696 1831 759 1884 toto
778 1840 813 1882 co
832 1822 961 1883 triennio
976 1822 1087 1883 absolvi
1101 1824 1142 1883 ab

129 1908 272 1991 Episcopo
292 1912 416 1991 nequit,
437 1920 471 1971 ut
488 1928 525 1970 cx
540 1908 674 1973 sanctes
694 1908 841 1971 firmatur.
861 1910 895 1969 la
910 1914 996 1970 tract.
1013 1910 1050 1971 de
1064 1911 1140 1990 Syn.

129 1993 316 2058 altaalta.
332 1999 400 2057 cli.
416 2015 447 2056 u.
465 1997 495 2056 2.

76 2150 80 2158 .
167 2082 299 2160 Diebus,
323 2084 431 2162 quibus
454 2079 674 2143 interdicuntur
697 2081 907 2157 matrimonia,
932 2101 993 2144 non
1017 2084 1140 2162 quidem

129 2163 261 2228 absolute
283 2169 332 2227 illa
352 2176 507 2241 vetantur,
521 2166 643 2245 praecisa
661 2164 892 2240 cousuetudine,
906 2168 956 2228 scd
969 2168 1142 2231 solemnitas
1222 2213 1223 2220 .

129 2255 336 2315 tantummodo
352 2262 383 2314 et
403 2271 510 2332 pompa
529 2254 719 2332 nuptiarum,
734 2260 768 2312 ut
781 2269 817 2312 ex
830 2269 893 2330 cap.
910 2249 1091 2335 Capelianus
1105 2254 1142 2316 dc
1222 2299 1223 2318 .

127 2337 223 2397 Feriis
242 2348 365 2397 monent
384 2336 546 2415 Theologi,
567 2346 597 2397 et
616 2345 737 2398 notatur
757 2339 852 2399 lustit.
867 2339 975 2399 Eccles.
992 2341 1041 2401 70.
1059 2360 1092 2401 n.
1108 2344 1140 2402 b.
1222 2379 1223 2384 κ

165 2420 293 2479 Nomine
314 2420 385 2482 rerd
408 2421 602 2482 solemnitatis
619 2423 798 2502 nuptiarum
821 2432 997 2497 censentur,
1020 2435 1050 2485 et
1071 2428 1142 2504 qui·
1222 2441 1223 2444 ’

126 2501 195 2562 dem
214 2504 419 2582 potissimum,
436 2505 656 2567 benedictiones
673 2508 705 2567 iu
724 2507 832 2568 blissali
846 2526 969 2571 romano
981 2528 1140 2589 expressae.

127 2591 273 2651 letantur
289 2590 361 2654 verb
381 2591 440 2652 illac
458 2591 514 2651 sub
531 2600 650 2670 peccato
672 2592 778 2672 gravi,
793 2601 826 2653 ut
839 2611 875 2653 ex
890 2592 1022 2654 Soacbez
1035 2639 1043 2667 ,
1056 2597 1141 2656 aliis-

127 2695 186 2754 que
202 2677 440 2738 notatur.lnstit.
455 2677 564 2738 Eccles.
582 2678 632 2740 80.
649 2697 681 2738 n.
699 2680 730 2742 7.
749 2679 847 2752 Quare
866 2676 934 2738 ciam
953 2681 1143 2758 temporibus

82 2830 84 2834 ,
126 2761 237 2820 feriatis
249 2759 390 2820 celebrari
405 2763 523 2838 nuptias
535 2763 868 2843 permittitllpiscopus,
883 2782 1047 2843 numquam
1067 2765 1142 2829 licet

126 2844 345 2905 benedictiones
362 2843 427 2904 illas
445 2845 589 2907 conferre.
608 2845 729 2908 Ibida.
746 2851 776 2908 E.

165 2930 246 3003 lrub,
264 2939 294 2990 et
317 2935 377 2989 tota
398 2929 485 2989 missa
505 2947 561 3009 pro
580 2948 688 3008 sponso
708 2940 743 2992 et·
759 2933 864 3011 sponsi
884 2934 1047 2994 omittenda
1069 2945 1139 3010 est,

95 3092 100 3102 Ι
126 3013 193 3076 edm
211 3016 425 3078 benedictiones
445 3016 504 3076 illae
523 3035 591 3096 pars
603 3016 736 3094 ejusdcm
751 3020 927 3082 habeantur.
940 3022 1026 3082 Tunc
1042 3020 1142 3102 igitur

125 3101 298 3163 celebranda
319 3112 364 3163 cst
383 3103 471 3162 missa
492 3102 530 3164 dc
550 3113 694 3183 tempore.
708 3105 784 3169 lbid.
803 3126 835 3168 u.
855 3109 904 3169 lt.

163 3183 233 3245 ldeb
251 3185 321 3246 verb
334 3187 498 3266 requiritur
514 3189 635 3249 facultas
649 3192 783 3270 Episcopi
798 3194 836 3252 ad
849 3193 1059 3255 celebrandum
1072 3215 1141 3257 ma-

124 3265 264 3360 trimouia
280 3269 385 3329 diebus
406 3272 518 3333 feriatis
540 3273 732 3352 (quamquam
752 3278 801 3337 illa
826 3278 885 3337 sint
904 3277 941 3338 dc
967 3298 999 3338 se
1020 3281 1139 3359 licita),

123 3364 191 3420 quia
209 3366 241 3407 ru
256 3351 381 3426 synodis
389 3397 400 3426 ,
425 3356 528 3416 velex
549 3360 763 3420 consuetudine
784 3362 951 3424 introducti
970 3365 1062 3423 vetita
1086 3365 1141 3428 illa
1220 3371 1223 3442 ζ

120 3423 409 3571 gg&⁰?1ffl3nqgare
431 3443 616 3520 requiritur,
642 3453 677 3502 ut
699 3446 833 3524 Episcopi
858 3447 977 3508 facultas
1004 3449 1139 3512 interce-

159 3581 256 3648 Semel
275 3599 372 3656 tatucu
394 3599 466 3660 inita
489 3609 678 3674 matrimonia
705 3612 807 3676 dicbus
833 3615 964 3694 feriatis,
989 3636 1135 3688 cousutn-
1196 3681 1204 3702 ,
