2475 3975
305 352 644 422 carrruauuxier
660 304 844 418 urrruuu.

110 590 179 656 Μ
188 528 278 657 Non
291 594 372 655 adest
384 594 535 657 charitatis
550 612 626 676 opus
640 596 733 673 magis
747 596 811 655 Deo
828 600 1001 673 acceptum,
1015 616 1077 659 ma·

74 678 225 759 gisquead
249 680 418 740 animarum
433 680 558 741 salutem
579 681 766 757 conducens,
787 678 876 759 quhm
897 682 930 740 in
947 691 1080 743 extremo

74 764 142 825 ritae
162 764 294 842 periculo
315 764 425 845 positos
446 766 483 827 ad
503 764 604 827 sancte
621 766 810 825 moriendum
824 764 963 844 adjuvare
977 787 989 842 ,ς
1009 784 1078 825 narn

74 854 209 928 tempore
225 850 331 911 mortis
355 848 383 928 (h
405 866 465 927 qua
485 848 719 927 uniuscujusque
742 858 850 909 eterna
874 851 933 909 rita
957 849 1079 930 pendet)

73 934 183 994 inserui
191 935 269 994 vires
276 934 415 995 fortiores
425 944 495 994 sunt
505 979 514 1008 ,
525 934 714 993 infirmarum
724 932 797 993 verb
810 934 976 1001 debiliores.
988 936 1078 1008 Deus,

72 1026 105 1077 ut
117 1018 319 1081 manifestaret
333 1018 421 1097 quim
444 1008 557 1097 gratam
577 1018 667 1077 habet
687 1020 882 1079 assistentiam
894 1021 1081 1082 moribundis

72 1100 234 1181 praestitam
247 1147 255 1174 ,
268 1104 419 1171 multoties
430 1105 462 1164 S.
480 1100 624 1185 Philippo
638 1103 730 1163 Nerio
741 1102 871 1163 ostendit
884 1105 1003 1183 angelos
1014 1105 1082 1167 reli·

71 1185 159 1265 giusis
174 1184 363 1247 intirmorum
375 1189 520 1249 ministris
533 1186 623 1248 verba
634 1188 865 1266 suppeditantes.
972 1188 975 1193 ’
994 1190 997 1195 ’

108 1273 179 1333 228.
195 1275 255 1334 Nec
272 1274 303 1333 id
317 1272 512 1351 parochorum
530 1272 646 1335 tanth'm
666 1293 776 1333 munus
795 1281 857 1343 cst,
877 1274 914 1334 ad
932 1293 1007 1354 qnos
1017 1275 1082 1335 ani·

71 1374 191 1416 marum
205 1372 275 1417 cura
292 1358 435 1419 ex‘officio
454 1360 602 1437 pertinet,
616 1358 667 1417 sed
685 1360 820 1419 omnium
842 1359 930 1419 etiam
947 1362 1082 1423 sacerdo-

70 1450 149 1501 tum.
163 1443 207 1501 De
216 1440 350 1521 parochis
365 1451 464 1503 tamen
474 1443 599 1502 Ritualis
611 1443 761 1503 Romanus
770 1445 935 1521 praesertim
944 1445 1080 1524 loquens,

70 1526 113 1585 ait
136 1527 317 1605 praecipuam
335 1526 456 1597 illorum
482 1527 614 1587 muneris
644 1535 759 1606 partem
788 1546 850 1589 esse
876 1533 1082 1608 aegrotantium

70 1624 175 1671 euram
189 1608 317 1672 haberet
336 1618 517 1691 quapropter
534 1614 618 1683 vult,
641 1622 676 1673 ut
693 1614 770 1692 ipsi,
786 1615 885 1675 statim
899 1634 933 1676 ae
951 1618 1082 1696 aliquem

70 1712 107 1755 ex
118 1692 180 1755 suis
194 1696 378 1775 parochianis
392 1704 535 1775 egrotare
549 1698 721 1777 intelligunt
735 1743 743 1770 ,
764 1718 824 1759 non
846 1710 1023 1779 expectent,
1046 1709 1082 1762 ut

8 1800 9 1803 ¹
69 1779 211 1839 infirmus
224 1780 386 1860 parochum
410 1790 558 1854 accersat,
579 1784 631 1841 sed
654 1784 717 1860 ipse
741 1783 897 1862 parochus
910 1786 991 1846 ultrb
1011 1805 1082 1849 eum

68 1864 202 1924 invisere
227 1871 330 1941 curet3
347 1866 436 1943 idque
454 1882 516 1927 aon
542 1867 634 1926 semel
653 1866 789 1938 tantum,
808 1867 860 1927 sed
878 1868 1080 1945 frequentius,

8 2005 9 2012 ,
70 1950 94 2010 si
109 1946 269 2011 infirmum
286 1951 376 2012 etiam
388 1952 494 2032 spiritu
511 1960 654 2032 aegrotare
669 1951 806 2013 advertit.
821 1952 907 2028 Quod
917 1954 940 2013 si
952 1954 1084 2034 legitime

8 2101 9 2112 χ
69 2035 113 2094 sit
125 2036 287 2113 impeditus
300 2080 309 2109 ,
324 2037 356 2098 id
377 2037 481 2098 saltem
503 2037 703 2116 praestandum
723 2039 893 2118 providebit
910 2057 964 2116 per
992 2038 1084 2100 alium

8 2137 9 2194 j
69 2119 274 2195 sacerdotem,
299 2119 389 2182 modb
411 2120 461 2180 hic
479 2123 518 2180 sit
542 2123 629 2198 pius,
647 2130 679 2181 et
692 2121 844 2200 prudens3
861 2123 983 2200 quidam
1003 2127 1083 2184 enim

8 2255 9 2276 2
67 2200 256 2272 sacerdotes,
284 2200 341 2262 hoc
368 2221 477 2266 munus
504 2205 686 2276 exercendo,
706 2206 801 2282 magis
824 2203 913 2284 quam
939 2206 1082 2281 utilitati,

8 2297 9 2362 ᾗ
67 2288 187 2346 damno
210 2299 270 2343 esse
286 2287 401 2359 soleat,
418 2294 478 2348 tant
490 2285 637 2360 infirmis,
655 2287 744 2366 quam
758 2289 834 2366 sibi,
853 2297 884 2349 et
895 2289 1084 2354 infirmorum

8 2373 9 2378 ’
69 2365 262 2444 domesticis,
283 2384 412 2447 quorum
422 2371 585 2450 proiectum
597 2374 730 2434 sacerdos
744 2376 879 2435 assistens
888 2375 976 2434 etiam
990 2379 1084 2457 respi-

8 3601 11 3658 l

8 3665 13 3708 t

71 2469 144 2513 ecre
160 2449 260 2513 debet.
278 2455 378 2516 Monet
398 2456 520 2535 insuper
547 2457 688 2531 llitualis,
710 2458 790 2538 quod
811 2461 836 2520 si
855 2459 989 2520 sacerdos
1007 2462 1083 2526 sorte

71 2536 205 2608 deesset,
224 2535 256 2598 ld
272 2537 418 2616 parochus
435 2541 634 2620 praestandum
650 2545 765 2605 curabit
773 2546 876 2605 saltem
889 2562 942 2622 per
952 2547 1083 2626 aliquem

72 2621 184 2681 laicum
205 2624 289 2699 pium
313 2623 517 2691 archaismus
538 2623 681 2688 charitate
704 2629 864 2706 preditum
877 2669 887 2701 ‚
902 2629 955 2707 qui
975 2633 1084 2694 sanctis

73 2705 175 2766 verbis
187 2707 307 2769 infirmo
320 2707 427 2787 praestb
440 2712 489 2773 sit.

213 2919 216 2924 ·
249 2883 276 2965 §.
294 2887 319 2946 l.
334 2887 454 2950 Manita
467 2887 509 2950 ad
523 2887 702 2952 sacerdotem
714 2891 907 2955 assistentem.

115 3053 184 3116 229.
195 3055 220 3114 l.
234 3054 371 3116 Sacerdos
385 3056 459 3117 clam
482 3067 621 3136 procuret
637 3058 653 3119 h
667 3062 781 3122 medico
795 3063 889 3135 scire,
909 3081 948 3123 an
963 3063 1085 3128 inlirmi·

81 3143 123 3196 tas
143 3137 183 3196 sit
193 3139 338 3198 mortalis.
353 3140 425 3200 Dico
437 3137 532 3218 cinare,
548 3137 616 3222 q'uia
630 3145 808 3206 detestabilis
818 3157 889 3205 usus
903 3147 1085 3214 medicorum

80 3227 123 3280 cst
141 3230 265 3298 aegrotos
278 3223 430 3302 decipere,
446 3244 484 3286 ne
496 3243 545 3286 eos
563 3237 592 3287 et
606 3231 789 3308 propinquos
804 3231 995 3307 contristent,
1009 3235 1085 3316 pene

82 3319 114 3362 ac
128 3306 151 3362 si
165 3305 293 3366 infirmis
307 3309 516 3386 obligationem
536 3311 675 3372 intimare
693 3312 880 3374 consessionis
892 3316 1015 3398 (quam,
1037 3338 1086 3379 co·

83 3388 162 3463 guito
175 3389 325 3466 periculo,
346 3394 405 3453 illis
421 3396 574 3473 imponere
590 3397 729 3476 debent),
747 3394 826 3458 idem
851 3398 937 3465 sitae
959 3413 1086 3464 mortem

84 3470 267 3536 denuntiare.

90 3635 94 3639 Ι
121 3556 189 3628 250,
204 3559 243 3620 ll.
258 3560 282 3627 h
295 3561 476 3646 conjunctis,
498 3564 617 3637 amieis,
634 3582 749 3628 necnon
762 3565 799 3628 eb
822 3567 946 3646 ipsomet
959 3577 1085 3646 aegroto,
