2475 3975
136 147 195 210 ato
370 139 764 204 Eratarcnordiuondotrtm.
783 143 900 223 dupli.

136 249 270 412 ἶιιινίιιηι,
297 242 391 410 affl)
408 242 588 323 probabilius
614 259 674 304 non
698 252 814 321 oportet
836 254 869 305 ut
892 245 931 306 sit
958 245 1149 310 benedictum

164 351 222 395 ac.
248 350 284 394 o.
369 373 402 390 ..

174 454 242 514 lit.
256 483 296 497 -
306 449 479 528 Requiritur
493 448 545 508 Vl.
554 443 678 509 Minucia
693 451 861 510 Romanum
872 450 1027 512 continens
1042 453 1147 515 saltem
1231 469 1232 494 ³

135 539 285 616 integrum
301 537 459 596 Cononem.
474 533 585 592 Dicunt
598 540 699 592 autem
718 534 977 604 communissima.
991 546 1022 597 et
1035 537 1147 614 proba·
1231 565 1232 618 p

137 622 237 684 uiliter
247 622 339 682 Scor.
350 619 441 695 Voaq.
451 617 558 695 Leym.
573 613 643 678 Pet.
658 619 740 698 Lupo
752 661 761 689 ‚
775 615 867 680 Solm.
885 618 995 692 Greia,
1011 629 1066 682 eto.
1084 641 1147 684 non

135 723 254 786 peceare
273 703 472 765 celebrantem
492 702 557 762 sine
577 703 709 773 missali,
729 701 754 764 si
777 705 952 764 memoriter
975 705 1051 768 bend
1075 709 1149 768 sciat

134 790 275 862 dicenda,
289 798 321 848 et
337 786 377 848 ob
389 787 570 864 praeteritam
582 787 793 865 experientiam
806 806 868 849 aon
881 790 920 848 sit
934 791 962 850 ei
981 793 1147 868 periculum
1231 783 1232 852 ἶ

133 875 264 938 errandi.
279 874 329 934 Uti
340 871 412 934 verit
421 872 528 934 Missali
540 873 731 950 Regularium
742 873 865 950 (scilicet
877 875 1051 936 celebrando
1060 876 1146 954 juxta

134 980 238 1023 corum
258 959 365 1039 ritum)
381 965 427 1019 est
448 959 573 1019 mortale
591 959 681 1018 etiam
702 959 734 1018 in
756 959 889 1036 ipsorum
909 961 1041 1023 Ecclesiis
1061 960 1095 1041 lt.
1117 984 1144 1025 e.
1231 959 1232 968 ³

134 1070 167 1112 aa.
175 1051 269 1129 59⁰4
280 1047 452 1125 Requiritur
461 1042 672 1105 vilificentur
680 1043 735 1104 sub
746 1046 829 1122 gravi
838 1046 1030 1123 obligatione,
1041 1051 1147 1112 saltum

135 1134 277 1214 usquead
289 1131 485 1203 oblationem,
503 1129 561 1188 nisi
577 1137 695 1206 urgeret
704 1130 858 1189 necessitas
871 1130 961 1191 dandi
972 1133 1119 1196 viaticum
1135 1179 1145 1207 ‚

133 1223 181 1282 vel
200 1221 344 1282 etiamne
361 1217 516 1278 omittatur
540 1231 656 1275 sacrum
676 1215 708 1290 in
727 1214 776 1276 die
796 1216 881 1276 sesto.
906 1217 1040 1280 Minister
1056 1221 1146 1282 debet

134 1326 197 1368 csse
216 1303 384 1376 masculus,
407 1319 477 1362 nam
498 1300 627 1361 immine
648 1301 704 1360 sub
729 1302 814 1380 gravi
839 1303 924 1380 culpa
947 1303 1145 1380 prohibentur

134 1389 306 1456 immediati
328 1389 499 1450 ministrare
518 1388 551 1447 in
572 1387 672 1447 altari.
696 1389 804 1448 Dicunt
824 1397 923 1450 tumen
945 1396 1144 1456 communiter

133 1486 238 1558 Laym.
258 1479 350 1538 sper.
366 1469 764 1535 roem.t{0t.11enot.etc.
781 1491 851 1534 eum
868 1492 928 1534 non
946 1493 1065 1554 peecare
1076 1499 1145 1554 gra·

132 1566 210 1622 riter
227 1563 279 1639 qui
300 1558 430 1619 celebrat
452 1557 654 1636 respondente
673 1558 809 1618 muliere.
830 1557 895 1618 lmd
911 1559 1015 1622 dicunt
1030 1560 1142 1626 Polud.

36 1671 43 1682 ·
139 1643 299 1726 Wipendt‚
317 1641 439 1704 Toum.
462 1645 563 1722 Lupo,
587 1643 693 1720 leym.
716 1649 769 1701 etc.
790 1641 866 1704 bene
885 1646 1040 1721 permitti,
1062 1647 1143 1725 quid

132 1731 261 1806 imminet
279 1728 458 1808 quandoque
471 1725 669 1806 respondeant
681 1733 697 1785 a
708 1725 812 1804 longi,
829 1727 956 1793 inarime
969 1730 994 1789 si
1007 1731 1067 1792 sint
1079 1733 1143 1792 Μο-

132 1817 246 1889 nlales‚
269 1813 359 1876 modo
379 1813 427 1892 (ut
443 1811 585 1890 diximus)
608 1829 671 1874 non
693 1809 862 1874 immediati
883 1812 915 1873 in
940 1813 1026 1876 altari
1050 1817 1143 1879 mini-

132 1911 229 1963 strent
246 1898 281 1982 (l.
295 1903 325 1962 6.
338 1919 372 1962 rt.
385 1900 439 1962 tut
456 1907 485 1959 et
496 1897 591 1975 tun).

172 2024 240 2085 tun.
255 2056 294 2069 —
309 2020 481 2098 Requiritur
500 2019 580 2077 vtlt.
601 2018 684 2079 Crux
700 2037 771 2080 curre
787 2018 944 2099 morafiae,
968 2020 1084 2083 etiamsi
1107 2026 1142 2089 in

132 2109 218 2170 altari
230 2109 398 2187 expositum
415 2104 520 2165 stass.
540 2103 781 2179 Sacramentum,
803 2114 836 2165 ut
853 2105 978 2167 habetur
996 2124 1033 2167 en
1049 2125 1144 2171 caere·

131 2194 254 2255 moniali
267 2196 500 2272 Episcoporum,
517 2198 548 2250 et
572 2190 653 2250 decr.
673 2192 703 2249 S.
719 2192 816 2271 Congr
836 2191 889 2270 (l).
912 2190 1019 2253 Utrdm
1039 2202 1142 2257 autem

130 2282 170 2341 ait
190 2280 315 2339 mortale
331 2278 481 2339 celebrare
491 2275 557 2337 sine
567 2280 675 2335 cruce?
690 2278 805 2353 Negant
820 2278 1015 2338 communiter
1032 2278 1140 2358 Lepet.

130 2364 346 2426 Sanctionem
362 2366 474 2421 Toum.
488 2361 574 2421 Cone.
588 2359 668 2421 Hei.
684 2362 796 2421 Mer-oti
803 2406 811 2432 ‚
825 2370 878 2423 etc.
888 2363 945 2422 Sed
956 2363 1142 2425 animadver-

130 2446 275 2519 tendum,
298 2443 379 2523 qudd
401 2441 512 2503 Benaci.
537 2441 629 2506 XIV.
649 2445 680 2504 in
704 2445 821 2507 decreto
845 2446 957 2509 directo
976 2448 1014 2509 ad
1037 2466 1140 2511 omncs

131 2532 287 2611 Episcopus
303 2530 358 2590 sub
375 2529 425 2591 die
441 2530 490 2589 ld.
509 2528 580 2588 Julii
603 2529 675 2587 anni
689 2531 784 2601 titt,
803 2532 1140 2615 incipienterlccepimua

128 2616 208 2697 ¹(ride
221 2615 257 2677 ie
275 2613 409 2693 Baiter.)
425 2614 467 2675 sic
483 2613 525 2674 ibi
541 2613 573 2673 in
591 2612 651 2673 line
671 2631 747 2676 vers.
759 2617 865 2697 ltaque
881 2618 1018 2697 precepit
1034 2640 1041 2677 ε
1058 2616 1141 2680 ittet

130 2702 212 2766 vodis
230 2701 442 2783 praecipimus,
461 2708 497 2761 ut
521 2691 605 2761 culm
628 2688 714 2760 atmdo
739 2700 904 2780 patientissi
924 2722 985 2763 rent
1006 2702 1139 2764 divinem

127 2787 198 2870 fieri
212 2784 253 2847 eat
271 2782 443 2865 hujusmodi
466 2782 596 2857 alteria,
612 2783 676 2845 taisi
692 2784 852 2862 certificata
866 2786 945 2846 irater
963 2784 1139 2850 cattdelodro
1231 2802 1232 2813 ¹

130 2874 176 2933 ita
192 2869 357 2951 promineat
363 2913 374 2945 ,
393 2874 429 2926 ut
449 2866 583 2929 sacerdos
592 2912 602 2942 ‚
617 2886 657 2927 oe
670 2864 797 2945 populus
815 2866 947 2929 corradum
960 2869 1140 2947 crucifixum
1231 2936 1232 2943 ,

129 2954 220 3037 sacili
238 2964 268 3017 et
286 2949 432 3016 comrrtodi
450 2950 563 3011 intuiti
578 2949 714 3031 praeiret,
735 2948 814 3027 quod
834 2948 947 3009 euenire
969 2946 1090 3031 nequit,
1110 2958 1140 3018 si

130 3040 239 3120 criptae
253 3037 349 3101 sotim
370 3055 444 3097 mue
464 3033 577 3101 mireari
601 3029 708 3102 tabulae
729 3032 828 3113 defixa
848 3032 984 3113 fidelibus
1000 3034 1137 3099 exhibeo·
1231 3040 1232 3049 ’

130 3133 190 3183 tar.
206 3127 291 3185 Prius
311 3122 443 3185 enimin
464 3119 570 3181 eodem
592 3120 709 3181 decreto
729 3136 807 3187 vers,
828 3117 981 3199 Equidem·
999 3121 1112 3182 dixerat
1125 3142 1145 3185 r,

129 3202 212 3266 Illud
226 3211 391 3284 permittere
410 3202 581 3275 euilotettris
598 3222 754 3292 possmuue
764 3248 773 3280 ,
803 3203 882 3284 qttdd
900 3206 1003 3267 Missae
1023 3204 1133 3287 sacrifi-

128 3288 257 3345 ciaconio
276 3290 323 3349 itia
337 3289 484 3353 altoribus
504 3288 680 3363 celebretur,
702 3308 767 3371 qaue
785 3298 906 3350 careant
925 3290 1053 3370 irrep-itte
1070 3308 1135 3351 eru-

128 3368 212 3443 cifiei
222 3411 231 3441 ,
244 3367 291 3427 oet
307 3372 375 3450 ipae
397 3374 578 3441 incurramudi
601 3382 756 3444 statuatur
775 3382 844 3435 unte
854 3374 1055 3463 presbyterum
1066 3370 1135 3444 ccle-

156 3565 446 3626 tricameratam.
597 3574 667 3642 rure
