2475 3975
133 124 191 186 tot
403 122 514 185 Proxis
533 122 716 203 cerasensort't'.
726 126 800 206 Cap.
815 125 863 187 tt.

134 230 172 288 B.
185 221 328 307 Αιιιιιιιιι
348 223 494 306 Fula'puo,
513 226 545 286 S
563 226 764 306 iliorqoritod
777 228 903 288 Cortona
912 228 1059 306 ,aliisque
1073 250 1138 310 poe-

134 310 305 371 nitentibus
320 312 378 385 Qui
396 311 487 390 igitur
501 318 608 370 rectam
627 309 715 371 habet
735 313 933 384 voluntatem,
947 312 1055 374 timere
1075 332 1139 376 nou

133 396 220 457 debet
235 394 396 455 damnarit
413 397 540 455 Domino
551 396 625 473 ,qui
640 413 679 455 ne
699 397 853 459 damnaret
872 416 926 458 nos
933 398 1089 487 ,seipsum
1101 400 1139 460 ad

134 491 261 542 mortem
278 482 371 542 crocis
384 479 525 541 damnare
541 498 602 541 non
618 479 773 541 dubitavit.

172 596 240 657 rte.
266 596 401 656 Tertium
423 597 590 665 motivum,
612 604 682 655 sunt
703 594 803 655 divina
822 596 1118 673 promissa.ldultis
1108 618 1140 659 ιιι

134 682 204 743 locis
214 681 362 757 Evangelii
378 680 545 758 petentibus
568 679 667 739 divina
686 680 871 756 promittitur
889 681 1001 758 gratia:
1022 682 1139 755 Petite,

132 774 161 824 et
181 764 336 844 accipietis.
349 767 398 826 Jo
412 766 461 825 to
473 767 522 825 tt.
535 760 900 841 dnwra‚amcudicooolir
910 763 1040 844 ,siquid
1048 766 1142 846 petie·

131 846 199 908 ritis
215 849 366 909 Putrem'
353 868 386 909 ιιι
405 849 523 910 nomiae
538 864 618 920 meo,
634 845 717 909 dubit
735 846 826 909 uobis.
840 850 889 909 lo.
908 850 956 907 to.
970 850 1021 910 25.
1041 851 1077 911 Et
1092 849 1142 913 hic

132 949 193 993 non
213 930 308 993 solium
330 932 395 995 de
384 935 493 1015 justis,
516 932 567 993 sed
589 932 679 992 etiam
695 932 732 993 de
749 933 948 1031 peccatoribus
967 952 1065 995 sermo
1083 935 1141 1005 fit,

129 1015 213 1097 juxta
230 1026 343 1081 textum
356 1017 505 1080 Matthaet
523 1014 628 1078 Οιιιιιιι
638 1035 691 1095 qua
705 1017 797 1097 petit,
813 1016 933 1098 αιιίιιιιι
942 1018 1138 1081 Mortuus

133 1105 208 1165 Satis
232 1107 323 1185 igitur
347 1114 390 1165 est
413 1102 519 1180 gratias
535 1124 551 1162 ιι
567 1105 628 1161 Deo
652 1112 752 1180 petere
775 1102 813 1161 ad
839 1104 982 1174 salutem,
1003 1113 1037 1164 ut
1061 1105 1142 1167 certe

132 1190 333 1251 obtineantur.
362 1192 466 1251 Bonus
485 1194 529 1247 est
549 1184 730 1247 Dominus..
753 1186 865 1252 animur
883 1188 1030 1267 querenti
1052 1188 1141 1250 ittam

136 1274 205 1335 Τὴν.
222 1274 251 1334 5.
267 1276 316 1335 nu.

169 1375 237 1435 uti.
253 1376 398 1449 Quartum
412 1374 574 1445 motivum,
588 1382 633 1435 est
643 1373 836 1437 Sanctorum'
827 1374 1014 1447 intercessio,
1027 1384 1058 1437 et
1070 1394 1143 1454 prm

130 1462 231 1521 sertim
246 1462 398 1539 Deiparae,
413 1480 502 1537 quam
522 1460 587 1520 vult
606 1460 705 1528 Deus,
720 1468 755 1520 ut
774 1476 828 1519 noa
846 1477 916 1519 cum
932 1469 993 1519 tota
1013 1462 1143 1522 Ecclesia

130 1546 289 1605 salutemus
314 1555 448 1605 nostrum
468 1546 634 1619 refugium,
648 1546 762 1616 vitam,
781 1555 811 1605 et
830 1563 913 1621 spem
933 1554 1082 1618 nostram,
1106 1566 1144 1607 nc

130 1628 279 1689 dicamus:
296 1626 456 1707 ilesuqium
471 1636 674 1706 peccatorum,
690 1647 745 1689 oro
762 1646 818 1709 pro
839 1627 948 1695 uolu's·
940 1629 1050 1699 ·oitu,
1076 1648 1144 1711 spes

130 1723 232 1773 caustro
245 1710 335 1775 solue
350 1713 434 1773 Unde
452 1711 558 1777 merito
584 1713 693 1792 ipsaB.
704 1712 797 1791 Virgo
814 1712 1006 1791 appellatura
1021 1716 1139 1788 Blosio,

128 1800 200 1879 Spes
211 1798 445 1881 desperantium,
463 1796 525 1863 etl
546 1800 575 1865 S
593 1797 740 1878 Ephrem,
757 1797 901 1880 adjutrix
918 1798 1139 1861 destitutormum

131 1885 238 1946 Eadem
264 1885 318 1945 Dei
343 1896 437 1945 mater
460 1886 493 1944 B.
509 1884 642 1961 Birgitte
659 1885 822 1952 revelavit,
840 1884 921 1960 quod
941 1884 1017 1945 sicut
1039 1885 1141 1963 aliqua

130 1980 240 2044 meter,
255 1971 357 2031 videns
372 1969 559 2030 liliuminter
573 1986 789 2047 ensessuqrum
808 1966 938 2036 hostium
949 1978 1139 2043 versantem,

130 2062 260 2122 animosa
278 2059 308 2118 in
329 2055 451 2116 tutelam
470 2070 552 2112 snam
567 2053 653 2118 illum
670 2053 810 2131 suscipit3
824 2054 865 2118 ita
881 2054 1037 2132 ipsacurat
1048 2055 1140 2117 devo·

129 2154 175 2205 tos
196 2164 263 2206 suos
278 2142 386 2210 tutari,
400 2138 472 2201 ditm
491 2135 507 2200 ι’
526 2138 710 2203 daemonibus
729 2147 888 2209 vexantur,
905 2139 991 2216 eique
1004 2157 1036 2198 se
1057 2159 1139 2202 eom·

129 2233 280 2290 mendant.
296 2232 419 2304 insuper
437 2221 527 2304 dixit,
542 2221 622 2305 qudd
641 2222 709 2287 oiim
725 2223 835 2283 accedit
851 2223 887 2288 ed
905 2235 1138 2303 compescam,

129 2315 189 2389 ipsa
203 2334 263 2372 non
277 2313 340 2388 ejus
351 2313 455 2369 merita
469 2309 603 2384 discutit,
617 2309 667 2369 sed
678 2325 745 2368 cum
756 2309 835 2386 quali
845 2309 1009 2368 intentione
1019 2310 1138 2381 veniat,

128 2395 263 2456 attendit.
279 2397 315 2452 Et
329 2395 407 2450 Deus
421 2393 481 2468 ipse
491 2396 530 2452 B.
546 2392 717 2453 Cathnriuu’
730 2392 851 2453 Seueuu
863 2392 1022 2461 revelavit,
1037 2393 1140 2456 Mariae

128 2498 187 2539 sue
201 2479 270 2536 silice
284 2477 473 2546 concessisse,
485 2475 562 2552 qudd
575 2477 672 2552 quivis
689 2487 823 2554 peccator
838 2477 874 2543 ad
886 2495 949 2541 eam
961 2494 1137 2554 recurrens,

128 2563 210 2622 nullo
230 2561 317 2622 modo
335 2560 425 2638 possit
436 2557 452 2618 d
465 2559 597 2621 daemone
611 2560 687 2639 rapi

165 2681 233 2740 itti.
249 2681 302 2740 ill
316 2676 463 2738 Adversus
473 2647 763 2738 tentationemuoute
776 2675 889 2758 ploriae.
902 2681 944 2738 D
958 2679 1137 2740 Bernartius

99 2766 184 2836 Ιιιι,
200 2763 281 2842 qudd
300 2781 374 2822 vana
394 2762 486 2840 gloria
503 2771 547 2822 est
561 2761 696 2840 quaedam
710 2762 833 2838 sagitta,
848 2781 914 2860 qpoe
934 2757 1033 2822 leuiter
1044 2779 1136 2840 peue-

126 2856 201 2924 trot,
223 2847 279 2910 sed
292 2865 352 2908 uon
372 2844 472 2907 leuiter
490 2843 646 2922 occinerot3
667 2847 833 2926 praesertim
851 2848 876 2907 si
897 2865 1021 2924 persona
1044 2849 1137 2908 timo·

100 2936 101 2962 l
126 2945 197 2995 ratae
219 2936 258 2994 sit
276 2933 470 2994 conscientie.
493 2933 522 2992 Si
543 2933 634 3010 igitur
656 2934 788 2994 sacerdos
809 2950 942 3011 unquam
967 2930 1146 2994 adverteretv

126 3021 339 3083 moribundum
357 3019 445 3079 nimis
460 3037 492 3079 se
507 3029 645 3116 reputare
658 3037 795 3080 securum
808 3019 846 3079 de
858 3038 910 3080 sua
929 3017 1042 3088 salute,
1063 3020 1135 3096 quia

97 3111 100 3118 '
126 3105 214 3164 nimis
229 3109 289 3166 suis
309 3105 447 3186 operibus
463 3103 551 3182 fidit,
574 3104 600 3163 ei
619 3105 696 3166 dicat
712 3103 791 3182 quod
810 3113 927 3203 peccata
945 3102 1134 3166 solummodo

127 3196 225 3246 nostra
248 3202 333 3267 sunt,
356 3190 454 3252 omnia
476 3199 526 3249 aut
526 3208 574 3250 em
594 3190 670 3250 bona
688 3189 780 3251 tneo
801 3188 976 3266 recipimus,
996 3205 1034 3246 ex
1054 3187 1130 3248 illo:

129 3265 243 3344 Quoto...
260 3270 347 3333 uates
354 3271 458 3356 ,quod
473 3291 534 3334 uon
553 3273 754 3352 occepistiil
770 3275 836 3334 Cor
851 3276 882 3331 t.
896 3272 925 3332 7.
938 3269 1133 3333 Etcdmcer·

126 3362 190 3413 tum
209 3352 248 3412 sit
266 3357 381 3417 nullum
397 3379 457 3420 suae
472 3359 573 3420 salutis
588 3368 727 3429 eternae,
745 3359 911 3436 divineque
929 3356 1029 3456 grptiae
1044 3356 1133 3416 infal-

125 3438 237 3500 ltlulem
248 3438 453 3502 certitudinem
464 3442 572 3504 habere
582 3461 665 3522 posse
675 3441 895 3520 (Nesutltouto
907 3439 1008 3502 utrum
1016 3457 1130 3513 aurore,

125 3539 166 3582 uu
176 3521 241 3582 odio
253 3519 359 3605 diqutta
369 3523 507 3598 stafflut
506 3545 544 3588 es.
560 3531 589 3589 9.
607 3525 666 3606 l.)‚·
679 3525 745 3588 ided
756 3527 881 3608 quisque
897 3543 1011 3604 semper
1022 3523 1132 3604 pavere
