2475 3975
151 212 190 273 59
432 205 545 269 Praete
563 201 747 285 confessarii.
764 204 837 284 Cep.
849 204 880 263 2.

151 312 256 373 naturd
278 313 330 375 sud
348 310 414 374 talis
432 318 502 386 este
522 306 684 369 dummodd
708 304 765 367 hoc
791 322 854 367 aon
873 303 1044 381 diceretur,
1074 315 1111 367 ut
1131 308 1163 368 ei

149 394 246 457 bonor
259 402 468 475 praestaretur3
484 402 536 453 aut
555 392 653 453 dicere
672 387 780 467 rulgd,
800 396 888 451 cocto
906 389 970 451 Dio
970 432 1029 454 .....
1040 435 1051 468 ,
1071 399 1161 453 moto

150 480 256 541 Dione
269 481 343 560 (nit.
358 483 388 542 l.
399 498 432 541 u.
444 478 536 555 llll.
551 478 715 555 interroget
723 475 754 536 8.
770 474 886 553 quoties
897 483 928 535 et
937 476 995 553 qud
1008 478 1165 537 occasione

150 563 384 645 blasphemavit3
403 566 427 625 si
451 566 482 625 in
501 561 572 623 ludo
588 604 597 633 ‚
614 569 667 621 aut
688 559 721 621 in
741 576 893 637 caupona,
912 568 965 621 aut
983 560 1162 630 venatione,

151 660 181 711 et
201 650 218 711 ir
237 659 348 729 quanto
367 658 502 727 tempore
517 654 653 707 versetur
669 644 702 705 in
726 641 782 704 hoe
796 643 894 703 vitio?
912 651 946 703 ut
959 654 1114 724 cognosoet
1135 646 1165 705 si

150 744 195 795 est
213 734 379 804 recidivas,
397 740 447 793 aut
473 732 497 791 si
522 731 561 791 sit
583 730 615 791 in
636 727 787 790 occasione
806 728 966 806 proxima,
984 747 1076 807 quana
1096 746 1164 808 por·

150 820 247 879 nitens
261 826 395 879 tencatur
406 815 533 875 aulerrc.

189 934 238 993 51.
263 934 427 1009 lnterroget
443 930 532 991 otiam
549 928 573 989 si
592 926 807 1006 blasphemavit
828 944 927 988 eoram
943 928 1032 1005 liliis,
1049 937 1102 989 aut
1116 929 1166 990 la·

150 1019 262 1096 mulis3
279 1026 350 1080 tunc
373 1017 471 1087 enirn,
487 1024 595 1095 preter
612 1011 804 1092 blasphemio
830 1021 1005 1091 peccatum,
1027 1015 1169 1093 peccavit

151 1106 240 1165 etiam
254 1103 400 1165 scandalo.
417 1098 543 1159 Demiam
558 1096 606 1157 hie
615 1098 768 1157 adducam
779 1098 909 1175 quodam
918 1098 1005 1158 doeto
1018 1100 1166 1173 Auctore,

150 1186 397 1267 blasphematores
408 1201 467 1244 nou
476 1183 607 1243 excusari
619 1181 637 1241 d
650 1188 770 1261 peceato
780 1184 883 1260 gravi,
897 1182 934 1243 ed
945 1181 1025 1261 quod
1038 1193 1167 1263 propter

150 1276 211 1332 vim
225 1270 342 1331 habitus
364 1268 452 1338 mali,
472 1275 523 1327 out
544 1266 750 1326 vehementem
765 1267 857 1326 animi
878 1267 1107 1328 commotionem
1123 1270 1168 1329 ad

150 1354 248 1428 iram,
260 1374 322 1417 non
342 1353 525 1415 adverterint
552 1352 634 1412 adid
656 1352 737 1429 quod
763 1350 918 1427 dicebant3
937 1352 1007 1429 quia
1029 1350 1062 1411 hi
1084 1354 1170 1416 mate

150 1439 296 1501 habituali
312 1484 321 1513 ,
339 1437 407 1501 licet
430 1436 558 1497 babeant
584 1436 782 1515 cognitionem
807 1434 906 1496 minuis
921 1436 1052 1496 vivacem
1071 1438 1138 1499 aliis
1157 1484 1167 1511 ,

151 1527 202 1605 qni
218 1544 307 1587 usum
327 1522 550 1603 blasphemandi
578 1541 639 1582 non
665 1528 877 1580 contraxerunt
894 1565 902 1594 ,
920 1531 1019 1582 umen
1044 1540 1170 1603 semper

150 1609 260 1672 babent
279 1628 343 1670 eam
366 1610 509 1669 actualem
522 1608 722 1686 cognitionem
746 1606 940 1667 subicientem
960 1606 998 1665 ad
1020 1606 1103 1681 hoc,
1127 1617 1168 1669 nt

149 1706 231 1758 actus
248 1697 287 1757 sit
311 1696 509 1765 deliberatus,
529 1702 560 1754 et
579 1691 708 1773 graviter
726 1693 955 1771 peccaminosus.
976 1691 1051 1752 crim
1077 1696 1166 1757 enim

149 1782 205 1861 ipsi
219 1782 293 1843 tanti
307 1782 376 1842 mali
391 1798 453 1841 non
472 1778 581 1840 iaciunt
598 1786 766 1859 peecatum,
780 1776 846 1840 idod
861 1778 893 1838 in
905 1796 960 1837 suo
972 1776 1075 1839 animo
1089 1783 1168 1843 nul·

150 1868 213 1929 lum
241 1866 330 1946 hujus
354 1868 471 1928 sceleris
493 1884 611 1926 sensum
641 1864 856 1943 experiuntur,
882 1864 968 1925 sicuti
992 1866 1167 1944 perciperet

149 1954 245 2028 alius,
261 1954 313 2033 qui
341 1962 416 2014 essct
436 1952 622 2013 conscientie
648 1967 708 2009 rron
732 1955 793 2008 tam
811 1947 1001 2028 depravatae3
1025 1956 1057 2011 et
1088 1950 1167 2017 ltine

149 2041 246 2101 oritur
267 2039 347 2118 qudd
366 2042 398 2100 iu
415 2056 519 2099 eorum
534 2046 654 2108 mente,
675 2054 713 2096 ae
730 2036 848 2114 signum
860 2036 981 2114 quidem
1002 2051 1164 2104 remaneat

149 2125 269 2186 actualis
292 2123 495 2202 cognitionis,
515 2141 604 2200 quam
632 2121 664 2179 in
690 2131 807 2198 peccato
827 2118 995 2182 babuerunt
1022 2131 1041 2177 τ’
1057 2133 1113 2184 aut
1137 2129 1166 2188 si

149 2211 305 2288 vestigium
331 2208 449 2287 aliquod
475 2206 651 2286 cognitionis
666 2206 863 2282 relinquitur,
879 2215 923 2264 est
950 2206 990 2264 ita
1010 2206 1100 2279 leve,
1126 2218 1166 2270 ut

148 2294 319 2372 interrogati
335 2293 459 2352 dociliter
477 2292 674 2370 respondeant
687 2308 718 2349 se
744 2308 803 2349 non
821 2290 1084 2350 animadvertisse:
1107 2296 1164 2356 sed

148 2377 272 2456 diligens
286 2377 476 2434 confessarius
489 2377 601 2435 nullam
620 2375 651 2433 in
664 2372 721 2433 hoc
739 2375 826 2434 debet
839 2375 880 2434 eis
895 2384 1033 2452 praestare
1041 2376 1139 2439 iidem
1152 2401 1164 2458 ς

147 2469 178 2522 ct
191 2477 287 2538 neque
302 2457 389 2520 debet
401 2459 438 2518 ab
459 2457 505 2518 his
519 2458 678 2529 sciscitari,
696 2476 734 2518 an
757 2459 941 2520 adverterint
962 2477 1016 2520 nee
1035 2479 1092 2536 ne,
1105 2466 1164 2527 sed

148 2545 323 2624 accipiendae
336 2553 405 2603 sunt
423 2561 545 2613 omnes,
562 2550 596 2602 ut
612 2560 691 2604 verae
708 2543 897 2622 blasphemiae
918 2546 1064 2621 actuales,
1078 2566 1163 2612 sem·

105 2677 107 2683 a
148 2649 201 2710 per
217 2649 249 2692 ac
262 2629 318 2709 ipsi
337 2629 466 2690 sciebant
480 2629 550 2690 tales
565 2646 638 2690 esso.

186 2772 354 2902 52Cruea
380 2837 432 2896 lll.
453 2831 642 2920 preceptum.
658 2837 762 2913 Quoad
784 2838 993 2918 obligationem
1014 2840 1161 2906 audiendi

146 2923 267 2983 Sacrum
289 2921 391 2982 diebus
407 2923 505 3000 sestis,
524 2924 688 3002 interroget
712 2926 930 3004 poenitentem,
952 2926 976 2984 si
1000 2926 1163 3004 aliquoties

145 3009 267 3067 Sacrum
282 3007 434 3068 omiserit?
450 3013 480 3065 et
497 3007 520 3067 si
542 3007 673 3067 advertit
689 3010 726 3068 ad
743 3010 956 3071 omissionem?
974 3029 1011 3071 an
1035 3011 1161 3075 dubita·

145 3093 221 3150 verit
240 3101 373 3170 tempore
392 3110 451 3170 quo
465 3093 587 3151 Sacrum
605 3094 708 3154 audire
722 3099 859 3171 poterat?
872 3096 982 3154 etenim
1001 3096 1161 3158 multoties

144 3178 289 3254 paenitens
307 3177 343 3236 ad
367 3176 470 3237 liuram
498 3176 612 3238 tardani
636 3180 758 3240 Sacrum
782 3181 884 3240 audire
903 3181 1067 3255 differens,
1086 3183 1162 3247 lieet

145 3280 213 3320 cusu
230 3263 375 3340 repererit
391 3265 531 3334 Sacrum,
548 3270 578 3322 et
602 3263 646 3322 illi
667 3265 853 3338 interfuerit,
877 3265 1072 3326 nibilominus
1090 3271 1160 3333 sine

142 3343 220 3424 justa
238 3365 323 3408 eausa
342 3347 373 3406 in
388 3348 553 3424 perieulum
564 3343 642 3410 'illud
655 3351 812 3410 omittendi
826 3369 858 3409 se
874 3348 995 3428 injecit,
1009 3351 1088 3412 etde
1097 3353 1159 3418 hoe

34 3445 36 3450 '
143 3432 232 3492 rudes
250 3451 310 3492 non
328 3450 359 3490 se
379 3442 523 3494 accusant.
537 3437 611 3495 ltem
632 3434 656 3494 si
673 3437 818 3513 poenitens
838 3455 868 3496 se
883 3437 1029 3498 accusabit
1048 3457 1081 3498 se
1099 3441 1156 3501 Su·

145 3533 228 3573 erum
249 3518 400 3588 omisisse,
417 3517 578 3598 interroget
601 3521 640 3580 de
663 3540 767 3597 eausa,
785 3541 823 3581 an
849 3533 969 3601 propter
995 3526 1155 3587 necessita·

144 3605 224 3672 tcrn,
238 3605 273 3658 ut
284 3599 389 3694 accidit
399 3600 516 3662 sanaulis
526 3604 577 3681 qui
588 3623 650 3666 non
660 3616 906 3685 possuntgregem
923 3608 1153 3689 derelinquere,
