2475 3975
324 131 397 218 Cap.
409 133 437 192 t.
450 132 495 194 lte
512 132 705 195 sacramentis
728 133 762 194 in
777 149 889 215 putore.
1041 135 1095 196 tot

91 237 246 306 ordinem,
264 228 321 294 ‘sed
341 234 471 297 officium
491 251 640 296 annexum
660 233 781 306 ordini,
805 233 885 313 qnod
906 251 959 310 per
983 251 1015 296 se
1036 253 1097 295 non

91 331 189 385 causat
210 319 356 401 gratiam,
378 327 412 380 ut
433 326 554 379 causant
572 327 752 380 sacramenta
769 315 803 397 (l.
818 338 843 379 c.
855 337 888 378 6.
900 317 974 394 ib).

129 411 178 470 td.
188 440 228 452 -
241 407 343 466 Peccat
362 405 493 482 graviter
509 404 664 478 minister„
684 403 708 464 si
724 403 774 464 dat
789 413 1005 463 sacramentum
1018 401 1098 464 indi·

91 511 149 572 gno
161 491 274 570 petenti
288 488 401 549 occultis
411 509 420 566 3
432 487 516 548 secds
534 496 633 548 autem
649 489 673 548 si
690 489 741 549 illo
754 489 791 547 sit
803 496 937 566 peccator
951 487 1098 559 occultus,

92 588 123 638 66
138 573 256 656 publice
277 581 359 651 petat
372 570 405 651 (t.
417 591 484 634 an.
498 574 547 634 65.
562 572 603 633 66
619 573 693 650 bl).
717 572 887 634 Notandum
904 571 978 634 verd
987 617 997 649 ,
1020 571 1099 650 qubd

92 662 252 742 Episcopus
277 660 367 718 etiam
393 658 433 719 ob
459 659 571 718 occulta
592 665 709 734 peccata
731 666 826 736 potest
847 658 993 736 denegare
1015 656 1100 717 alicui
1170 704 1173 710 .

92 747 279 807 collationem
302 742 437 817 ordinis,
460 741 531 803 licdt
553 739 671 820 publice
691 741 740 802 ille
761 751 853 819 petat,
868 760 904 802 ex
922 741 1006 802 Trid.
1030 757 1100 802 sess.

93 833 143 891 66.
158 848 184 890 6.
199 827 438 901 subiciatur,
455 827 551 886 teneri
567 826 706 885 clericum
720 825 840 886 obedire
855 826 976 903 praelato
993 825 1103 885 vetanti

92 913 307 992 susceptionem
333 910 447 972 ordinis
467 917 591 989 propter
611 910 759 970 occultum
773 911 896 969 crimen.
911 913 971 968 Nec
986 917 1104 970 tonatur

92 1005 166 1059 tunc
177 997 336 1076 Episcopus
349 1014 466 1056 causam
479 995 682 1066 manifestare,
696 1011 748 1054 our
758 994 881 1072 repellat
892 994 1103 1064 ordinandum,

92 1093 128 1144 ut
148 1082 259 1160 pluries
280 1081 440 1143 declaravit
455 1081 537 1140 Sacr.
560 1082 669 1156 congr.
686 1079 806 1138 Consilii
821 1074 854 1156 (t.
870 1079 899 1137 6.
922 1094 955 1136 6.
973 1076 1046 1155 tta).
1060 1079 1105 1138 An

93 1176 195 1228 autem
213 1165 402 1226 confessarius
418 1165 509 1243 possit
520 1163 671 1226 absolvere
688 1162 886 1224 ordinandum
900 1159 1062 1220 recidivum
1075 1163 1106 1222 in

95 1252 190 1332 culpis
212 1250 372 1330 gravibus,
392 1252 443 1328 qui
464 1250 530 1309 vult
565 1267 681 1308 sacrum
712 1248 859 1324 suscipere
882 1245 1018 1307 ordinem
1043 1247 1105 1306 sine

96 1335 207 1415 praevia
228 1334 418 1413 probatione,
432 1332 501 1394 vide
511 1333 587 1393 dicta
601 1331 666 1393 Lib.
680 1334 710 1392 6.
720 1351 751 1392 6.
770 1333 819 1391 dd.

132 1419 234 1479 66-
245 1419 312 1478 Noa
330 1417 400 1479 licet
411 1417 548 1479 ministro
565 1418 655 1477 ctiam
671 1417 709 1477 ob
726 1425 839 1478 metum
853 1416 956 1477 mortis
968 1417 1107 1478 simulare

95 1503 386 1566 administrationem
414 1504 589 1563 sacramenti
615 1521 651 1562 ox
682 1520 767 1582 prop.
800 1503 850 1564 29.
880 1504 1042 1581 proscripta
1069 1503 1107 1562 ab

95 1590 201 1649 16666.
215 1587 277 1648 XI.
292 1589 376 1648 Tunc
397 1596 497 1648 autem
515 1597 651 1648 censetur
672 1589 807 1648 minister
822 1587 962 1649 simulare
980 1587 1107 1648 admini-

95 1673 268 1734 strationem
283 1667 297 1746 ,'
305 1673 373 1734 cdm
387 1675 499 1752 profert
514 1675 641 1735 sormam
653 1674 717 1734 sinc
731 1674 915 1748 intentione,
928 1683 979 1734 aut
996 1673 1108 1752 aliquid

95 1757 180 1819 aliud
197 1758 393 1834 pronuntiat,
408 1757 446 1816 ad
463 1757 537 1830 boc,
549 1759 643 1818 ntalii
657 1757 777 1816 credant
792 1757 888 1834 ipsum
899 1757 960 1834 jam
976 1760 1109 1819 conterre

94 1845 336 1913 sacramentum,
358 1841 438 1900 6666
457 1839 527 1900 alias
546 1841 627 1901 licitd
653 1849 748 1918 potest
769 1841 960 1901 confessarius
980 1845 1109 1920 aliquam

94 1925 225 1989 recitare
236 1924 400 1985 orationem
416 1942 506 2004 super
518 1926 681 2006 paenitente
698 1925 893 2005 indisposite,
911 1943 970 1986 non
979 1925 1061 2004 jam,
1076 1937 1110 1989 ut

95 2012 149 2073 alii
160 2010 281 2071 credaut
293 2011 507 2073 absolutionem
520 2013 564 2072 illi
580 2012 764 2083 ministrari,
778 2012 829 2072 sed
839 2008 955 2072 tantdm
968 2012 1005 2071 66
1019 2012 1111 2073 ocaul-

96 2095 219 2159 tandum
232 2094 425 2157 absolutionis
441 2098 647 2182 negationem,
666 2106 738 2156 tunc
757 2098 837 2155 enirn
858 2112 918 2153 non
929 2096 1048 2156 simulat
1065 2114 1112 2156 sa·

97 2180 245 2243 cramenu
268 2179 574 2251 administrationem,
593 2180 644 2239 sed
671 2178 788 2239 tantdm
813 2179 968 2239 veritatem
986 2181 1111 2243 occultat

98 2261 180 2347 (tit.
196 2263 228 2321 6.
246 2280 279 2322 6.
291 2263 364 2340 bb).
380 2265 525 2325 Praeterea
538 2264 580 2324 ait
602 2262 843 2324 Curdcoos‘bend
865 2281 948 2342 posse
968 2267 1111 2327 consessa·

97 2350 201 2419 rium,
218 2343 288 2407 crim
305 2348 452 2425 paenitens
473 2349 606 2409 minatur
634 2348 661 2408 ci
684 2354 811 2409 mortem
836 2350 860 2409 si
882 2367 941 2409 non
958 2350 1110 2427 absolvat,

100 2432 221 2501 dicere,
235 2432 301 2511 Epo
321 2439 348 2491 te
366 2450 428 2494 noa
446 2428 578 2511 absolvo,
592 2432 736 2495 submissi
756 2435 974 2513 pronuntianda
985 2438 1111 2501 verbum

101 2516 266 2595 non,quia
284 2515 346 2577 baec
367 2536 428 2579 non
445 2527 489 2579 ost
507 2520 655 2580 restrictio
677 2517 752 2599 purd
772 2521 928 2597 mentalis3
949 2531 983 2583 66
1008 2522 1112 2599 objicit

107 2602 200 2675 Viuo,
220 2597 293 2660 ddm
315 2602 505 2663 confessarius
523 2622 585 2665 non
607 2615 728 2665 tenetur
749 2606 884 2675 efficere,
903 2615 937 2665 ut
968 2608 1113 2681 praenitens

103 2684 203 2744 audiat
215 2684 304 2745 verba
322 2686 532 2760 absolutionis,
551 2698 582 2749 et
596 2688 662 2749 idad
676 2688 837 2749 nonhabet
852 2689 902 2749 illo
914 2688 964 2766 jus
975 2733 983 2764 ,
996 2698 1030 2751 66
1042 2708 1114 2751 666-

104 2768 241 2933 icsqriuq
258 2770 358 2834 omnia
386 2772 476 2834 verba
492 2775 595 2836 formae
620 2774 847 2853 intelligibiliter
870 2777 1000 2853 proterat
1021 2773 1111 2854 (ibid.

104 2870 139 2913 m
167 2871 249 2913 cac..

141 2938 193 2997 tr.
213 2969 253 2980 -
279 2938 362 3001 Sicut
388 2948 488 3004 autom
512 2944 665 3005 nonlicet
694 2944 830 3006 ministro
852 2944 993 3004 simulare
1019 2962 1114 3005 sacra-

105 3021 199 3083 menti
213 3020 518 3100 administrationem,
534 3032 573 3089 ita
589 3048 643 3090 nea
664 3030 753 3090 etiam
763 3030 812 3089 alii
831 3028 1005 3089 sacramenti
1019 3048 1114 3091 susce-

107 3108 263 3186 ptionem,
280 3118 314 3169 ut
337 3111 441 3173 dieunt
456 3113 544 3175 Curat.
562 3114 652 3175 Croia
665 3123 693 3175 et
707 3117 845 3177 Garmaz.
860 3114 921 3173 Hoc
934 3123 1032 3175 tamen
1054 3133 1114 3176 non

106 3189 261 3271 probibet,
276 3196 435 3271 quominus
447 3200 532 3259 liceat
541 3201 628 3260 alicui
642 3200 778 3261 accedere
791 3198 827 3259 ad
837 3199 1114 3272 confessionarium,

66 3326 70 3336 .
106 3277 209 3355 ibique
227 3278 423 3354 genuflectere
440 3283 476 3343 ad
497 3284 617 3364 aliquod
637 3287 788 3365 negotium
804 3284 961 3362 agendum.
974 3286 1116 3345 Praeterea

108 3359 192 3440 ajunt
204 3366 403 3426 communiter
413 3368 522 3430 Soncb.
539 3372 626 3431 Coae.
642 3371 775 3449 6666666.-
789 3368 877 3431 card.
895 3372 990 3443 Viuo,
1005 3366 1114 3437 croix,

110 3443 223 3528 otiique
236 3443 356 3528 plures,
379 3462 481 3512 contra
504 3454 649 3526 Mitootc,
667 3450 747 3531 qubd
766 3454 790 3512 si
810 3455 916 3531 aliquis
940 3468 1118 3531 sponsorum

112 3530 226 3611 cogitur
238 3530 413 3598 contrahere
430 3556 485 3617 per
501 3539 646 3617 injustum
659 3546 790 3612 metum,
807 3540 854 3599 vel
871 3538 981 3599 habens
994 3532 1118 3609 impedi·
