2475 3975
264 194 337 272 Cep.
350 194 379 254 2.
393 193 631 256 Dcsoeromeote
642 188 756 252 ordinis
769 191 919 273 inponere.
1038 197 1098 258 205

88 302 188 354 autem
210 302 420 366 mortuorum,
446 302 479 354 ut
504 295 690 372 baptismus,
715 299 746 354 ot
771 293 964 371 poenitentia,
990 313 1044 376 per
1067 315 1099 358 so

87 378 201 439 habent
219 396 338 440 causare
357 379 487 456 primam
505 379 641 458 gratiam.
656 377 721 438 Alia
734 377 807 439 sero
819 389 1015 451 sacramenta,
1032 401 1098 460 quse

87 473 161 525 sunt
177 465 334 535 vivorum,
352 462 469 525 tautum
488 471 679 542 augmentum
698 462 800 541 gratiae
821 471 963 524 causant:
977 465 1028 525 sed
1043 467 1097 527 ali·

88 547 209 626 quando
229 549 261 609 in
281 549 390 610 attritis
403 593 412 623 ‚
425 548 476 626 qui
490 556 630 626 reputant
648 566 680 607 se
698 549 857 618 contritos,
870 558 990 610 causant
1007 550 1097 609 etiarn

87 634 218 712 primam
232 635 392 712 matiam,
417 643 451 694 ut
475 633 560 693 docet
578 635 619 692 D.
645 630 698 692 Tic.
722 631 759 692 de
780 631 982 704 Eucherium,
1005 643 1035 694 et
1060 635 1098 693 dc

87 720 391 791 extrema-unctione,
406 728 435 779 ct
446 725 611 797 sequuntur
622 717 699 781 Gon.
715 719 801 780 Coos.
813 720 904 782 Roas.
915 718 1005 782 Scor.
1018 721 1095 780 Bora.

86 799 182 863 Seim.
196 809 248 862 etc.
263 801 311 880 (t.
326 804 356 862 6.
370 822 402 862 η.
417 803 473 882 6.).

127 889 177 948 ii.
195 917 234 932 -
252 887 337 947 Alter
357 886 478 948 effectus
503 895 754 950 sacramentorum
776 895 820 950 est
843 888 1001 952 character.
1021 888 1096 951 Cisa-

85 983 184 1034 raeter
203 981 304 1033 autem
321 980 367 1034 cst
385 973 541 1048 Quoddooc
559 971 746 1056 ripnacuium
757 971 914 1053 spirituale
928 971 1095 1044 indelebile,

85 1057 264 1140 impressum
287 1058 399 1119 animm
419 1058 607 1140 suscipientis
628 1065 845 1120 sacromentum
862 1081 874 1119 .·
895 1059 969 1118 iilud
991 1059 1097 1136 impri-

86 1145 183 1206 mitur
206 1143 321 1204 tautdm
345 1143 379 1204 iu
403 1143 573 1222 baptismo,
595 1144 841 1215 confirmatione,
864 1151 895 1204 ot
917 1143 1047 1203 ordine:
1068 1151 1098 1202 ot

85 1228 236 1307 significat
258 1238 452 1308 potestatem,
471 1231 534 1291 sive
555 1230 732 1309 dignitatem
754 1248 791 1290 ex
811 1225 981 1306 hujusmodi
1003 1245 1098 1287 sacra·

86 1315 199 1374 mentis
224 1325 387 1394 susceptam
410 1336 420 1375 s
444 1316 476 1375 iu
503 1316 650 1393 baptismo
679 1315 759 1376 enim
785 1323 829 1375 cst
853 1316 971 1392 siguum
998 1311 1098 1374 ovium

85 1399 217 1476 Christi,
242 1417 303 1478 quo
328 1401 429 1460 fideles
453 1401 623 1461 efficiuntur
647 1400 746 1462 idonei
774 1399 811 1460 ad
838 1401 894 1460 alio
918 1406 1097 1459 sacramenta

85 1485 281 1565 recipienda:
300 1487 332 1548 in
357 1486 583 1548 confirmatione
606 1495 651 1547 est
673 1488 791 1565 signum
814 1483 946 1546 miiitum
967 1482 1096 1556 Christi,

88 1591 150 1652 quo
162 1572 224 1633 rim
236 1572 383 1652 accipiunt
394 1572 432 1633 ad
443 1572 533 1634 fidem
545 1581 711 1634 constanter
722 1571 938 1651 profitendam:
952 1571 983 1630 iu
992 1569 1097 1632 ordine

87 1666 133 1720 est
143 1658 261 1736 signum
275 1656 480 1720 ministrorum
488 1657 612 1737 Christi,
628 1677 687 1739 quo
701 1666 876 1738 potestatem
889 1657 1047 1736 acquirunt
1060 1655 1097 1715 ad

87 1752 269 1805 sacramenta
289 1743 424 1804 fidelibus
441 1747 648 1807 ministranda
662 1745 848 1822 imprimitur
866 1752 965 1804 autem
979 1741 1097 1802 charae-

87 1838 136 1890 ter
155 1831 243 1888 etiam
263 1830 296 1887 in
313 1839 496 1890 sacramento
514 1829 616 1890 iilicitd
629 1836 764 1906 suscepto
779 1853 787 1886 ι
805 1845 860 1888 nec
878 1829 1026 1888 amittitur
1043 1843 1097 1905 per

87 1923 251 1995 peccatum.
266 1912 432 1974 Notandum
451 1914 591 1992 insuper,
608 1913 689 1995 quod
709 1931 745 1971 ex
762 1912 909 1990 baptismo
922 1954 930 1981 ‚
944 1920 974 1969 et
989 1909 1096 1970 confir·

87 1999 219 2061 matioue
236 1999 332 2058 oritur
352 2000 427 2059 alius
446 1998 587 2073 effectus,
607 2016 714 2077 nempe
733 1996 979 2077 impedimentum
997 2013 1097 2071 cogno·

87 2086 178 2145 tionis
197 2082 376 2163 spiritualis,
391 2102 458 2161 que
477 2083 593 2145 dirimit
612 2084 837 2145 matrimonium
854 2081 932 2141 inter
952 2080 1099 2157 baptizan-

85 2180 149 2231 tem
171 2175 203 2227 et
225 2167 426 2244 baptizatum,
453 2167 652 2247 baptizatique
675 2178 789 2244 patrem
810 2172 841 2225 et
863 2174 1000 2225 matrem.
1022 2166 1096 2227 item

84 2255 168 2314 inter
186 2257 385 2325 susceptorem
397 2252 472 2328 (sive
488 2252 651 2331 patrinum)
666 2260 697 2315 ct
715 2258 898 2328 susceptum,
913 2250 1097 2329 susceptique

83 2344 205 2417 putrem
223 2340 255 2393 st
272 2341 410 2406 matrem.

505 2506 629 2571 CAPUT
643 2508 682 2571 11.

238 2672 295 2752 De
318 2682 544 2755 sacramento
571 2676 710 2756 ordinis
733 2678 772 2754 iu
795 2678 939 2779 genere.

85 2874 162 2943 Quid
177 2874 214 2929 sit
227 2876 311 2929 Ordo.
322 2874 364 2927 25.
379 2875 452 2941 Quid
470 2876 622 2931 ordinatio.
639 2879 680 2931 26.
700 2880 774 2945 Quot
790 2878 846 2933 sint
865 2878 994 2938 ordines,-
1010 2882 1036 2932 ct
1055 2890 1094 2931 oo

117 2949 305 3016 Episcopatus
325 2950 362 3001 sit
383 2950 452 3003 ordo
476 2950 633 3004 distinctus.
653 2954 695 3005 ut.
713 2958 757 3006 Au
775 2952 882 3020 sioputi
905 2952 1016 3005 ordines
1038 2950 1094 3003 sint

118 3028 308 3076 sacramento.
318 3025 361 3075 28.
373 3024 508 3087 Quonam
525 3026 645 3079 maturio
658 3032 683 3079 ct
699 3027 792 3094 [ormo
804 3026 924 3084 ordinis,-
935 3029 961 3076 rt
973 3023 1006 3075 ds
1017 3026 1094 3076 tectu

117 3096 252 3163 physico,
271 3102 297 3148 ct
310 3095 487 3150 simuitooeo.
501 3099 543 3150 29.
560 3098 629 3162 Quis
644 3100 779 3153 minister.
794 3101 836 3151 ὅθ.
853 3098 979 3165 Effectus.
993 3100 1034 3149 5¹.
1051 3112 1095 3151 re·

118 3168 243 3235 quisito,
261 3174 294 3221 ut
311 3169 373 3236 puis
390 3168 482 3223 ooiidi
500 3170 656 3225 ordinetur.
672 3174 714 3225 st.
729 3176 761 3225 ot
780 3176 875 3224 autern
895 3169 984 3233 liciti,
1000 3170 1094 3239 repui-

119 3241 196 3293 ritur
210 3243 234 3291 1.
246 3241 438 3308 confirmatio.
451 3246 490 3293 11.
503 3245 535 3295 iit
547 3257 606 3295 ooo
618 3244 655 3297 sit
667 3244 798 3313 infamis,
812 3249 863 3295 etc.
872 3249 915 3296 Ars
928 3244 1093 3312 protestatio

119 3312 265 3382 Episcopi,
281 3320 331 3367 etc.
343 3318 396 3366 111.
407 3315 524 3368 Animus
544 3316 704 3370 ciuicoudi.
716 3321 731 3368 1
736 3318 763 3371 V.
778 3318 810 3368 ot
825 3314 860 3367 ab
873 3317 1007 3385 Episcopo
1024 3332 1094 3385 pro·

119 3386 184 3455 prio
194 3422 203 3448 ‚
215 3390 266 3439 cto.
277 3388 318 3439 55.
331 3388 399 3452 Quis
409 3388 446 3440 sit
454 3388 609 3458 Episcopus
619 3389 761 3456 proprius.
771 3386 921 3457 disputares
933 3388 951 3443 d
962 3404 1032 3459 quo,
1042 3397 1093 3443 stc.
1128 3388 1132 3397 '

120 3461 267 3513 remissive.
280 3462 322 3513 54.
334 3464 366 3513 V.
378 3461 509 3515 scientio.
521 3466 554 3515 33
565 3468 590 3515 ct
602 3462 644 3515 ὅθ.
659 3466 703 3516 vt.
716 3461 840 3524 Titulus:
852 3468 876 3516 ct
888 3462 1041 3531 quotuplex
1058 3462 1094 3514 sit

122 3531 234 3586 titulus.
246 3536 280 3585 57
291 3539 317 3587 ct
329 3537 372 3586 58.
385 3538 424 3587 Dc
437 3535 611 3601 patrimonio
630 3536 705 3602 doto.
722 3537 764 3589 59.
781 3539 836 3589 tu.
853 3538 884 3587 ur
897 3536 965 3588 ordo
976 3534 1094 3599 inferior

120 3605 294 3673 suscipietur
310 3612 376 3675 crite
388 3608 568 3678 superiorem.
586 3606 1036 3679 7111.Tcmpusdcbitum.to.tx.
1050 3610 1096 3657 tu-

133 3682 218 3742 Tum.
230 3680 291 3742 IX.
906 3678 944 3738 18
