2475 3975
314 144 340 223 S.
355 144 434 204 vni.
446 145 566 216 Preces,
580 145 851 224 attrectationem,
865 155 917 210 etc.
1056 151 1113 213 ise

168 377 276 438 Postea
293 373 426 437 sacerdos
452 394 605 456 aspersum
619 377 781 457 Scopotare
798 381 881 458 oque
896 375 1041 438 benedicte

386 467 541 548 recipienti
549 468 703 551 imponat,
716 469 837 532 dioecese

144 664 263 744 Accipe,
270 664 439 732 charissime
448 666 703 740 irater,habitum
713 669 746 728 B.
756 668 856 728 itariae
863 666 1005 745 Virginis,
1014 666 1115 744 singu·

102 747 171 810 inre
188 751 307 829 signum
329 767 482 812 servornm
494 752 525 812 in
539 754 715 812 memoriam
735 761 847 831 septem
862 753 1006 812 Dolorem
1018 794 1027 821 ,
1039 767 1113 826 qnos

102 835 171 912 ipsa
191 836 225 896 in
246 836 307 896 vita
339 844 370 897 et
389 844 486 897 morte
512 838 663 914 Unigeniti
677 838 744 898 Filii
764 839 809 898 sui
837 838 995 910 sustinuit,
1017 843 1051 896 ut
1072 835 1112 895 ita

105 920 234 981 indatus
246 920 302 981 snb
315 919 379 997 ejus
392 921 556 998 patrocinio
573 921 718 1000 perpetui
731 923 823 982 vivas.

146 1021 318 1083 Benedictio
338 1021 391 1082 Dei
408 1022 641 1101 omnipotentis,
658 1027 694 1098 »Β
709 1023 824 1096 Patris,
843 1029 875 1083 et
893 1022 978 1092 Filii,
1001 1029 1031 1080 et
1047 1021 1114 1097 Spi-

102 1105 184 1167 ritiss
205 1107 296 1167 sancti
315 1107 474 1167 descendat
495 1125 585 1185 snper
604 1117 651 1180 te,
675 1119 705 1170 et
725 1116 843 1170 mancat
869 1124 995 1183 semper.
1017 1105 1114 1163 Passio

103 1191 229 1252 Domini
248 1193 342 1252 nostri
358 1194 427 1253 iesu
441 1190 567 1264 Christi,
584 1201 616 1254 et
629 1195 790 1273 compassio
802 1194 895 1255 beatoe
906 1189 1005 1252 Mariae
1016 1187 1114 1267 Virgi-

102 1276 152 1337 nis
164 1277 246 1338 sitin
257 1277 363 1350 corde,
375 1287 406 1337 et
419 1296 543 1355 corpore
552 1286 665 1338 nostro.
676 1281 782 1340 Amen.

109 1487 216 1636 nm·
236 1486 407 1651 ὅῖηεάἰειίο
428 1484 602 1569 Soopntnm's
619 1487 821 1568 conceptionis
841 1485 1038 1549 ianmacnlatn
1056 1481 1114 1546 Dei

144 1580 219 1634 atne
282 1613 290 1632 .

148 1780 194 1856 ί.
205 1781 400 1860 Adiutorium
412 1787 548 1844 nostrum
564 1783 597 1844 in
615 1780 737 1845 nomine
747 1783 882 1846 Domini.

147 1879 187 1952 n).
207 1875 264 1950 Qui
276 1875 344 1936 iecit
360 1874 486 1947 coelum,
499 1883 530 1935 ct
545 1881 668 1937 terram.

146 1968 191 2044 J(-
205 1969 350 2031 Dominus
362 1969 527 2031 vobiscum.

146 2066 187 2143 ni.
204 2064 242 2123 Et
255 2080 323 2125 cum
343 2062 450 2141 spiritu
468 2072 533 2125 tuo.

528 2276 688 2337 OREilUS.

110 2446 245 2577 Donnes
257 2512 328 2573 lesu
341 2509 474 2586 Christe,
483 2513 535 2593 qni
548 2522 666 2595 tegmen
676 2522 784 2577 nostrae
794 2519 980 2582 mortalitatis
993 2524 1117 2586 induere

112 2595 247 2674 dignatus
259 2614 308 2670 es,
321 2604 381 2658 tun
394 2598 538 2676 largitatis
547 2601 734 2661 clementiam
748 2600 903 2662 humiliter
913 2605 1116 2683 imploramus,

111 2688 145 2742 ut
160 2678 217 2741 hoc
232 2698 326 2759 genno
345 2678 531 2759 vestimenti,
545 2686 625 2762 quod
652 2686 684 2744 in
706 2684 870 2762 honorem,
895 2696 925 2747 et
943 2691 1117 2751 memoriam

110 2765 306 2842 conceptionis
324 2765 519 2827 immaculatae
533 2768 626 2829 beatae
646 2770 746 2831 Mariae
771 2772 902 2851 Virginis
915 2774 1062 2851 (necnon,
1086 2782 1119 2834 ut

110 2849 162 2911 illo
180 2850 301 2911 indutus
318 2850 431 2930 exoret)
448 2852 480 2913 in
492 2851 649 2915 hominum
673 2874 832 2934 pravorum
846 2877 963 2919 morum
976 2859 1118 2919 reforma-

112 2934 222 2995 tionem
239 2934 408 2996 institutum
418 2936 492 3008 suit,
508 2938 583 2999 hene
594 2942 631 3015 »Β
649 2939 746 3001 dicere
756 2941 903 3020 digneris,
921 2942 1013 3002 uthic
1024 2944 1118 3002 samn-

111 3018 157 3079 ius
172 3027 260 3090 tuns,
275 3018 328 3096 qui
347 3036 383 3080 eo
406 3020 528 3083 indutus
545 3024 655 3099 inerit,
671 3026 773 3087 eidem
793 3026 877 3088 beata
896 3027 986 3087 Mariti
998 3026 1119 3107 Virgine

84 3117 86 3120 ·
113 3102 332 3180 intercedente,
349 3111 380 3164 te
400 3116 519 3183 quoque
542 3106 682 3169 inducere
701 3121 862 3171 mereatur.
888 3112 945 3183 Qut
971 3111 1066 3187 vivis,
1088 3122 1119 3173 et

111 3204 233 3265 regnas,
250 3194 307 3247 etc.

143 3395 177 3457 (i)
190 3394 239 3442 iioe
249 3396 378 3458 Scepsim
393 3405 435 3445 est
443 3399 537 3446 Ordinis
553 3400 694 3449 clericorum
705 3402 846 3461 regularium
857 3407 935 3466 (enipi
945 3408 1120 3463 Theatinorumr
1187 3448 1188 3453 ,

116 3473 144 3508 ae
157 3467 250 3508 comm
259 3476 289 3508 ex
309 3476 385 3522 piano
400 3464 486 3511 coloris
499 3466 604 3512 cerulei.

861 3550 925 3596 itit.
