2475 3975
379 182 429 245 Ee
441 179 575 263 operatua
590 176 740 241 Benedicti
755 180 806 246 XI
810 180 845 245 tt
954 146 963 152 “
1059 186 1117 248 iii

516 366 711 429 VENDlTiO.

145 542 252 605 clerici
270 536 436 602 beneficiati
463 532 660 616 prohibentuc
685 536 774 600 unico
795 540 860 596 actu
887 534 1015 597 vendere
1036 554 1116 599 eom·

101 628 252 699 modum,
270 642 322 685 seu
338 622 496 683 utilitatem
525 619 708 697 percipiendi
732 620 846 680 icuctus
866 619 1000 685 beneficii
1020 621 1116 699 quoad

101 712 256 784 vixerint,
284 708 336 777 vel
353 725 407 785 pcc
426 706 553 784 longum.
568 712 706 783 tompus,
730 704 847 783 recepti
872 704 995 782 poeonii
1024 706 1056 765 in
1082 706 1116 767 ei

102 794 246 867 summi,
274 791 314 852 de
344 791 403 866 qui
422 796 602 850 conventum
630 794 676 854 est
704 789 784 853 inter
803 796 872 849 cont
860 786 1036 862 t‚cahentes
1056 790 1117 850 sive

103 879 232 957 pecunia
245 877 294 937 illo
312 884 373 938 toto
391 874 481 935 simul
498 874 653 943 solvatur,
671 873 732 935 sive
752 872 924 953 perplures
944 874 1114 933 solutiones.

102 964 141 1024 ld
160 960 232 1022 veri
245 961 371 1022 vetitum
385 960 441 1019 sub
461 956 764 1023 excommunicatione
780 964 810 1017 et
825 957 890 1021 aliis
905 957 1001 1036 poenis
1015 966 1117 1017 contm

103 1048 268 1108 alienantes
290 1045 368 1107 bona
389 1043 581 1105 ecclesiastica
601 1040 742 1117 inflictio,
773 1048 803 1103 et
826 1048 993 1103 contractus
1015 1059 1117 1101 omues

103 1133 147 1192 ito
174 1129 402 1191 celebrandos
391 1147 424 1188 m
452 1129 591 1188 lotorum
610 1126 746 1193 Pontifex
768 1126 891 1203 inritat,
916 1134 947 1188 ιι
971 1126 1115 1187 annullat.

104 1215 232 1275 Constit.
254 1208 595 1277 cenomanicam.
748 1272 749 1276 ,

144 1300 181 1359 lu
201 1305 351 1358 contractu
381 1297 540 1376 emptionis
569 1304 600 1356 et
616 1294 825 1373 venditionis,
851 1296 876 1356 si
897 1294 950 1357 fiat
970 1300 1116 1373 paetum,

103 1400 168 1460 quo
191 1381 357 1452 venditor,
384 1381 633 1460 quandocumque
657 1380 786 1441 voluerit
810 1398 873 1441 cem
894 1379 1045 1441 venditam
1070 1397 1118 1438 ne-

103 1467 245 1538 dimene,
274 1466 420 1545 obligetur
443 1466 473 1525 vi
497 1464 632 1541 ejusdem
652 1465 728 1543 pacti
756 1465 823 1543 plns
846 1464 938 1535 dane,
961 1463 1049 1541 quim
1071 1480 1117 1522 cc·

103 1552 219 1629 ceperit
234 1552 267 1612 in
281 1551 453 1616 venditione
467 1594 476 1626 ,
494 1558 661 1615 contractus
674 1558 719 1614 est
734 1548 872 1629 injustus.
886 1550 930 1611 Dc
943 1550 1015 1629 Syn.
1029 1548 1116 1611 dioec.

103 1638 403 1697 intonent.

105 1765 109 1769 -
144 1720 177 1781 Si
196 1718 328 1786 venditio
351 1716 404 1777 fiat
422 1734 491 1778 cum
508 1725 593 1795 pacto
615 1716 784 1777 redimendi
805 1716 884 1776 intro
907 1725 1021 1777 certum
1041 1728 1118 1777 tem·

103 1822 162 1884 pus
175 1847 185 1876 ‚
200 1820 261 1881 quo
272 1801 371 1880 elapso
392 1820 455 1862 non
477 1802 515 1863 sit
534 1798 662 1879 amplids
682 1802 764 1863 locus
783 1800 1027 1859 cetcovenditioni
1041 1821 1050 1875 ς
1064 1801 1118 1859 istc

84 1895 274 1969 ,contractos
287 1885 364 1963 sapit
383 1904 531 1963 usurum,
552 1904 590 1949 ex
611 1903 672 1961 eo,
693 1886 764 1965 quia
779 1884 898 1946 videtur
922 1884 1047 1953 induere
1065 1900 1118 1953 na·

104 1982 206 2038 turam
225 1969 368 2051 pignoris.
384 1970 434 2038 lb.

516 2114 716 2214 ιιιιιιιιιι.

145 2319 264 2395 AEgcoto
283 2314 439 2394 impotenti
458 2314 496 2374 od
511 2315 660 2377 Viaticnm
681 2314 883 2391 sumendum,
900 2333 961 2378 non
980 2316 1049 2377 lieet
1071 2333 1117 2378 sa·

105 2363 372 2482 nordmanniam
395 2400 561 2467 doiemead
584 2420 650 2462 eam
678 2403 881 2462 venerandam
900 2409 930 2460 et
948 2401 1118 2462 deosculan-

105 2488 200 2559 dam,
219 2486 300 2584 quod
323 2484 389 2546 lieni
415 2485 565 2546 vetuits
590 2487 721 2550 PioeV.
740 2489 817 2548 etS.
833 2489 942 2566 Congo.
961 2489 1050 2600 Cone
1076 2489 1117 2550 Dc

105 2571 202 2633 sacrif.
218 2572 299 2631 miss.
315 2569 381 2629 Lib.
396 2569 426 2628 5.
440 2587 503 2647 cap.
520 2571 568 2630 lt)
592 2589 623 2630 ιι.
644 2575 675 2632 i.

144 2655 289 2716 lliorituco
320 2655 477 2748 impotenti
507 2654 733 2718 Eucharistiam
749 2655 805 2716 sub
831 2655 929 2734 specio
958 2655 1041 2734 panis
1065 2655 1117 2716 de·
1178 2647 1183 2658 ’

105 2741 237 2820 glutire,
258 2756 319 2800 noo
345 2739 441 2816 potest
474 2750 691 2802 sacramentum
723 2740 921 2801 administrari
945 2741 999 2801 sub
1021 2741 1117 2818 specio

106 2825 194 2897 vini,
216 2841 315 2901 neque
329 2823 390 2882 sub
417 2825 514 2900 specie
544 2827 630 2903 panis
653 2825 769 2885 intincti
793 2825 823 2885 in
843 2825 912 2884 vino
930 2831 1115 2897 consecrato,

106 2909 157 2969 sod
176 2906 300 2969 omnino
315 2907 492 2985 linquendus
504 2916 549 2969 est
567 2927 628 2969 non
647 2910 772 2970 reiectus
791 2910 871 2968 sacca
889 2911 1116 2980 communione,

107 2991 176 3056 com
206 2999 387 3070 praeceptum
414 2991 521 3052 Viatici
544 3011 606 3053 non
630 2993 759 3072 obliget,
785 2993 842 3052 nisi
865 2991 933 3052 oiim
956 2993 1116 3052 ministrari

108 3083 203 3156 potest
229 3076 290 3136 ritu
313 3075 351 3136 ab
371 3075 499 3137 Ecclesii
528 3095 589 3137 non
612 3076 785 3156 prohibit03
810 3078 865 3138 iste
890 3076 963 3140 verit
980 3076 1055 3138 ritus
1079 3075 1117 3136 ab

108 3160 233 3224 Ecclesii
248 3159 340 3220 latini
360 3159 485 3220 omnini
501 3159 689 3239 prohibetur.
701 3161 779 3222 lhid.
792 3177 823 3221 n.
836 3162 864 3222 6.

151 3244 287 3305 Vicissim
317 3253 418 3303 autem
446 3242 529 3304 liciti
559 3243 784 3308 administratur
817 3245 873 3306 snb
905 3246 1001 3324 specie
1032 3243 1116 3321 ponis

108 3329 177 3389 vino
191 3328 239 3388 vol
256 3327 333 3404 aqui
354 3341 416 3388 noo
447 3327 613 3391 consecrati
634 3328 810 3402 madefacti,
831 3337 866 3390 ut
882 3327 993 3390 locilids
1012 3326 1116 3404 deglo-
1231 3357 1232 3364 ι

109 3411 297 3476 ῑιιιιιι.11)ἰι1.

151 3674 232 3733 Toni.
246 3673 308 3736 IX.
347 3706 350 3716 =
