<?xml version="1.0" encoding="UTF-8"?>
<!DOCTYPE html PUBLIC "-//W3C//DTD XHTML 1.0 Transitional//EN"
    "http://www.w3.org/TR/xhtml1/DTD/xhtml1-transitional.dtd">
<html xmlns="http://www.w3.org/1999/xhtml" xml:lang="en" lang="en">
 <head>
  <title>
</title>
<meta http-equiv="Content-Type" content="text/html;charset=utf-8" />
  <meta name='ocr-system' content='tesseract 3.04.00' />
  <meta name='ocr-capabilities' content='ocr_page ocr_carea ocr_par ocr_line ocrx_word'/>
</head>
<body>
  <div class='ocr_page' id='page_1' title='image "./theologiamorali04heilgoog_0206.png"; bbox 0 0 2475 3975; ppageno 0'>
   <div class='ocr_carea' id='block_1_1' title="bbox 115 151 679 228">
    <p class='ocr_par' dir='ltr' id='par_1_1' title="bbox 115 151 679 228">
     <span class='ocr_line' id='line_1_1' title="bbox 115 151 679 228; baseline -0.027 0"><span class='ocrx_word' id='word_1_1' title='bbox 115 163 173 228; x_wconf 79' lang='grc'><strong><em>199</em></strong></span> <span class='ocrx_word' id='word_1_2' title='bbox 583 151 679 217; x_wconf 79' lang='lat' dir='ltr'><strong><em>tuden</em></strong></span> 
     </span>
    </p>
   </div>
   <div class='ocr_carea' id='block_1_2' title="bbox 116 241 1133 438">
    <p class='ocr_par' dir='ltr' id='par_1_2' title="bbox 116 241 1133 438">
     <span class='ocr_line' id='line_1_2' title="bbox 116 241 1133 345; baseline -0.028 -18"><span class='ocrx_word' id='word_1_3' title='bbox 116 267 201 327; x_wconf 75' lang='lat' dir='ltr'><strong><em>(lires</em></strong></span> <span class='ocrx_word' id='word_1_4' title='bbox 219 265 270 326; x_wconf 85' lang='lat' dir='ltr'><strong><em>tv.</em></strong></span> <span class='ocrx_word' id='word_1_5' title='bbox 287 267 476 345; x_wconf 77' lang='lat' dir='ltr'><strong><em>preceptum.</em></strong></span> <span class='ocrx_word' id='word_1_6' title='bbox 492 256 550 320; x_wconf 81' lang='lat' dir='ltr'><strong><em>att</em></strong></span> <span class='ocrx_word' id='word_1_7' title='bbox 560 256 664 338; x_wconf 88' lang='lat' dir='ltr'><strong><em>agitur</em></strong></span> <span class='ocrx_word' id='word_1_8' title='bbox 674 250 709 315; x_wconf 91' lang='grc'><strong><em>60</em></strong></span> <span class='ocrx_word' id='word_1_9' title='bbox 721 247 896 331; x_wconf 84' lang='lat' dir='ltr'><strong><em>obligatione</em></strong></span> <span class='ocrx_word' id='word_1_10' title='bbox 907 241 1041 324; x_wconf 79' lang='lat' dir='ltr'><strong><em>fitiorum</em></strong></span> <span class='ocrx_word' id='word_1_11' title='bbox 1053 257 1133 320; x_wconf 81' lang='lat' dir='ltr'><strong><em>erga</em></strong></span> 
     </span>
     <span class='ocr_line' id='line_1_3' title="bbox 228 321 1133 438; baseline -0.029 -28"><span class='ocrx_word' id='word_1_12' title='bbox 228 348 383 430; x_wconf 82' lang='lat' dir='ltr'><strong><em>genitores.</em></strong></span> <span class='ocrx_word' id='word_1_13' title='bbox 398 364 432 406; x_wconf 91' lang='lat' dir='ltr'><strong><em>n.</em></strong></span> <span class='ocrx_word' id='word_1_14' title='bbox 447 347 497 405; x_wconf 81' lang='grc'><strong><em>54.</em></strong></span> <span class='ocrx_word' id='word_1_15' title='bbox 512 345 559 438; x_wconf 68' lang='grc' dir='ltr'><strong><em>64ο</em></strong></span> <span class='ocrx_word' id='word_1_16' title='bbox 570 340 740 424; x_wconf 81' lang='lat' dir='ltr'><strong><em>genitorum</em></strong></span> <span class='ocrx_word' id='word_1_17' title='bbox 756 353 827 416; x_wconf 86' lang='lat' dir='ltr'><strong><em>erga</em></strong></span> <span class='ocrx_word' id='word_1_18' title='bbox 841 329 943 412; x_wconf 79' lang='lat' dir='ltr'><strong><em>filios3</em></strong></span> <span class='ocrx_word' id='word_1_19' title='bbox 956 347 992 389; x_wconf 89' lang='grc'><strong><em>00</em></strong></span> <span class='ocrx_word' id='word_1_20' title='bbox 1003 325 1039 388; x_wconf 86' lang='grc'><strong><em>60</em></strong></span> <span class='ocrx_word' id='word_1_21' title='bbox 1051 321 1133 388; x_wconf 86' lang='lat' dir='ltr'><strong><em>obii·</em></strong></span> 
     </span>
    </p>
   </div>
   <div class='ocr_carea' id='block_1_3' title="bbox 114 424 1232 3645">
    <p class='ocr_par' dir='ltr' id='par_1_3' title="bbox 231 424 773 514">
     <span class='ocr_line' id='line_1_4' title="bbox 231 424 773 514; baseline -0.026 -20"><span class='ocrx_word' id='word_1_22' title='bbox 231 435 349 514; x_wconf 88' lang='lat' dir='ltr'><strong><em>gatiene</em></strong></span> <span class='ocrx_word' id='word_1_23' title='bbox 369 437 476 491; x_wconf 88' lang='lat' dir='ltr'><strong><em>mutuo</em></strong></span> <span class='ocrx_word' id='word_1_24' title='bbox 491 443 662 507; x_wconf 68' lang='lat' dir='ltr'><strong><em>conjugum.</em></strong></span> <span class='ocrx_word' id='word_1_25' title='bbox 676 442 710 484; x_wconf 90' lang='lat' dir='ltr'><strong><em>n.</em></strong></span> <span class='ocrx_word' id='word_1_26' title='bbox 724 424 773 482; x_wconf 90' lang='grc'><strong><em>55.</em></strong></span> 
     </span>
    </p>

    <p class='ocr_par' dir='ltr' id='par_1_4' title="bbox 114 494 1198 846">
     <span class='ocr_line' id='line_1_5' title="bbox 114 494 1134 598; baseline -0.026 -16"><span class='ocrx_word' id='word_1_27' title='bbox 114 520 201 582; x_wconf 78' lang='lat' dir='ltr'><strong><em>Circe</em></strong></span> <span class='ocrx_word' id='word_1_28' title='bbox 220 519 259 580; x_wconf 82' lang='lat' dir='ltr'><strong><em>V.</em></strong></span> <span class='ocrx_word' id='word_1_29' title='bbox 277 523 466 598; x_wconf 75' lang='lat' dir='ltr'><strong><em>preceptum.</em></strong></span> <span class='ocrx_word' id='word_1_30' title='bbox 483 509 541 574; x_wconf 84' lang='lat' dir='ltr'><strong><em>Ubi</em></strong></span> <span class='ocrx_word' id='word_1_31' title='bbox 557 511 660 592; x_wconf 89' lang='lat' dir='ltr'><strong><em>agitur</em></strong></span> <span class='ocrx_word' id='word_1_32' title='bbox 675 507 772 589; x_wconf 87' lang='lat' dir='ltr'><strong><em>primb</em></strong></span> <span class='ocrx_word' id='word_1_33' title='bbox 785 503 819 566; x_wconf 94' lang='lat' dir='ltr'><strong><em>de</em></strong></span> <span class='ocrx_word' id='word_1_34' title='bbox 831 497 983 564; x_wconf 73' lang='lat' dir='ltr'><strong><em>desideriis</em></strong></span> <span class='ocrx_word' id='word_1_35' title='bbox 1000 494 1134 586; x_wconf 80' lang='lat' dir='ltr'><strong><em>danenc-</em></strong></span> 
     </span>
     <span class='ocr_line' id='line_1_6' title="bbox 234 578 1136 681; baseline -0.028 -17"><span class='ocrx_word' id='word_1_36' title='bbox 234 621 303 664; x_wconf 88' lang='lat' dir='ltr'><strong><em>rum</em></strong></span> <span class='ocrx_word' id='word_1_37' title='bbox 322 598 464 681; x_wconf 76' lang='lat' dir='ltr'><strong><em>proximi.</em></strong></span> <span class='ocrx_word' id='word_1_38' title='bbox 486 616 520 658; x_wconf 89' lang='lat' dir='ltr'><strong><em>n.</em></strong></span> <span class='ocrx_word' id='word_1_39' title='bbox 542 598 593 657; x_wconf 88' lang='grc'><strong><em>56.</em></strong></span> <span class='ocrx_word' id='word_1_40' title='bbox 614 591 746 656; x_wconf 85' lang='grc'><strong>8006666</strong></span> <span class='ocrx_word' id='word_1_41' title='bbox 765 589 800 652; x_wconf 85' lang='grc'><strong><em>60</em></strong></span> <span class='ocrx_word' id='word_1_42' title='bbox 817 579 1021 656; x_wconf 86' lang='lat' dir='ltr'><strong><em>contumetiis,</em></strong></span> <span class='ocrx_word' id='word_1_43' title='bbox 1044 578 1136 640; x_wconf 90' lang='lat' dir='ltr'><strong><em>etde</em></strong></span> 
     </span>
     <span class='ocr_line' id='line_1_7' title="bbox 233 666 1135 765; baseline -0.028 -14"><span class='ocrx_word' id='word_1_44' title='bbox 233 684 408 765; x_wconf 84' lang='lat' dir='ltr'><strong><em>obb&#39;gortone</em></strong></span> <span class='ocrx_word' id='word_1_45' title='bbox 419 679 593 743; x_wconf 83' lang='lat' dir='ltr'><strong><em>restitumdi</em></strong></span> <span class='ocrx_word' id='word_1_46' title='bbox 601 677 740 740; x_wconf 80' lang='lat' dir='ltr'><strong><em>bortorem</em></strong></span> <span class='ocrx_word' id='word_1_47' title='bbox 755 671 899 736; x_wconf 89' lang='lat' dir='ltr'><strong><em>abtatum.</em></strong></span> <span class='ocrx_word' id='word_1_48' title='bbox 914 687 946 728; x_wconf 93' lang='lat' dir='ltr'><strong><em>n.</em></strong></span> <span class='ocrx_word' id='word_1_49' title='bbox 963 668 1012 728; x_wconf 89' lang='grc'><strong><em>57.</em></strong></span> <span class='ocrx_word' id='word_1_50' title='bbox 1030 666 1135 726; x_wconf 77' lang='lat' dir='ltr'><strong><em>Tertii</em></strong></span> 
     </span>
     <span class='ocr_line' id='line_1_8' title="bbox 233 749 1198 846; baseline -0.025 -13"><span class='ocrx_word' id='word_1_51' title='bbox 233 771 269 832; x_wconf 88' lang='lat' dir='ltr'><strong><em>de</em></strong></span> <span class='ocrx_word' id='word_1_52' title='bbox 285 767 454 831; x_wconf 78' lang='lat' dir='ltr'><strong><em>remissione</em></strong></span> <span class='ocrx_word' id='word_1_53' title='bbox 465 765 649 846; x_wconf 76' lang='lat' dir='ltr'><strong><em>injuriarum</em></strong></span> <span class='ocrx_word' id='word_1_54' title='bbox 661 757 799 843; x_wconf 77' lang='lat' dir='ltr'><strong><em>facienda</em></strong></span> <span class='ocrx_word' id='word_1_55' title='bbox 812 752 1014 837; x_wconf 68' lang='lat' dir='ltr'><strong><em>offensoribus.</em></strong></span> <span class='ocrx_word' id='word_1_56' title='bbox 1028 769 1062 810; x_wconf 93' lang='lat' dir='ltr'><strong><em>n.</em></strong></span> <span class='ocrx_word' id='word_1_57' title='bbox 1078 749 1132 812; x_wconf 90' lang='grc'><strong><em>58.</em></strong></span> <span class='ocrx_word' id='word_1_58' title='bbox 1194 761 1198 768; x_wconf 75' lang='grc'><em>’</em></span> 
     </span>
    </p>

    <p class='ocr_par' dir='ltr' id='par_1_5' title="bbox 119 847 835 933">
     <span class='ocr_line' id='line_1_9' title="bbox 119 847 835 933; baseline -0.025 -14"><span class='ocrx_word' id='word_1_59' title='bbox 119 856 199 920; x_wconf 77' lang='lat' dir='ltr'><strong><em>cira</em></strong></span> <span class='ocrx_word' id='word_1_60' title='bbox 217 857 271 916; x_wconf 86' lang='lat' dir='ltr'><strong><em>vt.</em></strong></span> <span class='ocrx_word' id='word_1_61' title='bbox 290 863 321 915; x_wconf 86' lang='lat' dir='ltr'><strong><em>ct</em></strong></span> <span class='ocrx_word' id='word_1_62' title='bbox 339 855 393 914; x_wconf 85' lang='lat' dir='ltr'><strong><em>tx.</em></strong></span> <span class='ocrx_word' id='word_1_63' title='bbox 408 859 599 933; x_wconf 73' lang='lat' dir='ltr'><strong><em>praeceptum.</em></strong></span> <span class='ocrx_word' id='word_1_64' title='bbox 616 866 650 908; x_wconf 88' lang='grc'><strong><em>6.</em></strong></span> <span class='ocrx_word' id='word_1_65' title='bbox 668 847 717 906; x_wconf 93' lang='grc'><strong><em>59.</em></strong></span> <span class='ocrx_word' id='word_1_66' title='bbox 730 851 759 904; x_wconf 90' lang='lat' dir='ltr'><strong><em>et</em></strong></span> <span class='ocrx_word' id='word_1_67' title='bbox 773 860 835 922; x_wconf 85' lang='lat' dir='ltr'><strong><em>seg.</em></strong></span> 
     </span>
    </p>

    <p class='ocr_par' dir='ltr' id='par_1_6' title="bbox 119 917 1135 1104">
     <span class='ocr_line' id='line_1_10' title="bbox 119 917 1135 1020; baseline -0.025 -18"><span class='ocrx_word' id='word_1_68' title='bbox 119 942 202 1002; x_wconf 77' lang='lat' dir='ltr'><strong><em>cira</em></strong></span> <span class='ocrx_word' id='word_1_69' title='bbox 216 939 284 1000; x_wconf 83' lang='lat' dir='ltr'><strong><em>vlt.</em></strong></span> <span class='ocrx_word' id='word_1_70' title='bbox 300 945 489 1020; x_wconf 78' lang='lat' dir='ltr'><strong><em>pareceptum.</em></strong></span> <span class='ocrx_word' id='word_1_71' title='bbox 508 933 565 996; x_wconf 81' lang='lat' dir='ltr'><strong><em>Ubi</em></strong></span> <span class='ocrx_word' id='word_1_72' title='bbox 583 932 687 1014; x_wconf 87' lang='lat' dir='ltr'><strong><em>agitur</em></strong></span> <span class='ocrx_word' id='word_1_73' title='bbox 699 928 734 990; x_wconf 91' lang='lat' dir='ltr'><strong><em>de</em></strong></span> <span class='ocrx_word' id='word_1_74' title='bbox 750 923 888 1010; x_wconf 80' lang='lat' dir='ltr'><strong><em>pluribus</em></strong></span> <span class='ocrx_word' id='word_1_75' title='bbox 903 917 1046 986; x_wconf 78' lang='lat' dir='ltr'><strong><em>doctrinis</em></strong></span> <span class='ocrx_word' id='word_1_76' title='bbox 1056 935 1135 1002; x_wconf 88' lang='lat' dir='ltr'><strong><em>pra-</em></strong></span> 
     </span>
     <span class='ocr_line' id='line_1_11' title="bbox 236 1009 1134 1104; baseline -0.023 -20"><span class='ocrx_word' id='word_1_77' title='bbox 236 1023 318 1086; x_wconf 90' lang='lat' dir='ltr'><strong><em>oticis</em></strong></span> <span class='ocrx_word' id='word_1_78' title='bbox 328 1021 428 1104; x_wconf 81' lang='lat' dir='ltr'><strong><em>quoad</em></strong></span> <span class='ocrx_word' id='word_1_79' title='bbox 436 1021 522 1100; x_wconf 78' lang='lat' dir='ltr'><strong><em>furta</em></strong></span> <span class='ocrx_word' id='word_1_80' title='bbox 530 1026 559 1081; x_wconf 88' lang='lat' dir='ltr'><strong><em>et</em></strong></span> <span class='ocrx_word' id='word_1_81' title='bbox 567 1015 763 1079; x_wconf 84' lang='lat' dir='ltr'><strong><em>restitutiones</em></strong></span> <span class='ocrx_word' id='word_1_82' title='bbox 774 1009 1023 1074; x_wconf 71' lang='grc'><strong>6060066646.</strong></span> <span class='ocrx_word' id='word_1_83' title='bbox 1031 1013 1060 1066; x_wconf 88' lang='lat' dir='ltr'><strong><em>et</em></strong></span> <span class='ocrx_word' id='word_1_84' title='bbox 1069 1021 1134 1084; x_wconf 85' lang='lat' dir='ltr'><strong><em>seq.</em></strong></span> 
     </span>
    </p>

    <p class='ocr_par' dir='ltr' id='par_1_7' title="bbox 121 1088 1232 1358">
     <span class='ocr_line' id='line_1_12' title="bbox 121 1088 1137 1189; baseline -0.024 -17"><span class='ocrx_word' id='word_1_85' title='bbox 121 1109 205 1170; x_wconf 81' lang='lat' dir='ltr'><strong><em>Circo</em></strong></span> <span class='ocrx_word' id='word_1_86' title='bbox 221 1110 303 1171; x_wconf 84' lang='lat' dir='ltr'><strong><em>vltt.</em></strong></span> <span class='ocrx_word' id='word_1_87' title='bbox 316 1113 509 1189; x_wconf 76' lang='lat' dir='ltr'><strong><em>preceptum.</em></strong></span> <span class='ocrx_word' id='word_1_88' title='bbox 526 1102 583 1163; x_wconf 83' lang='lat' dir='ltr'><strong><em>Ubi</em></strong></span> <span class='ocrx_word' id='word_1_89' title='bbox 601 1102 704 1178; x_wconf 88' lang='lat' dir='ltr'><strong><em>agitur</em></strong></span> <span class='ocrx_word' id='word_1_90' title='bbox 718 1097 753 1159; x_wconf 92' lang='grc'><strong><em>60</em></strong></span> <span class='ocrx_word' id='word_1_91' title='bbox 768 1093 945 1176; x_wconf 87' lang='lat' dir='ltr'><strong><em>obligatione</em></strong></span> <span class='ocrx_word' id='word_1_92' title='bbox 959 1088 1137 1153; x_wconf 88' lang='lat' dir='ltr'><strong><em>restituendi</em></strong></span> 
     </span>
     <span class='ocr_line' id='line_1_13' title="bbox 234 1175 1232 1288; baseline -0.018 -36"><span class='ocrx_word' id='word_1_93' title='bbox 234 1192 365 1288; x_wconf 78' lang='lat' dir='ltr'><strong><em>[amam.</em></strong></span> <span class='ocrx_word' id='word_1_94' title='bbox 380 1192 474 1251; x_wconf 79' lang='grc'><strong>645.</strong></span> <span class='ocrx_word' id='word_1_95' title='bbox 486 1185 573 1250; x_wconf 83' lang='lat' dir='ltr'><strong><em>Etde</em></strong></span> <span class='ocrx_word' id='word_1_96' title='bbox 584 1183 710 1268; x_wconf 77' lang='lat' dir='ltr'><strong><em>judiciis</em></strong></span> <span class='ocrx_word' id='word_1_97' title='bbox 725 1178 900 1245; x_wconf 84' lang='lat' dir='ltr'><strong><em>temerariis.</em></strong></span> <span class='ocrx_word' id='word_1_98' title='bbox 913 1197 946 1239; x_wconf 92' lang='lat' dir='ltr'><strong><em>u.</em></strong></span> <span class='ocrx_word' id='word_1_99' title='bbox 956 1179 1007 1240; x_wconf 96' lang='grc'><strong><em>46.</em></strong></span> <span class='ocrx_word' id='word_1_100' title='bbox 1018 1175 1137 1254; x_wconf 76' lang='lat' dir='ltr'><strong><em>Hisque</em></strong></span> <span class='ocrx_word' id='word_1_101' title='bbox 1231 1225 1232 1250; x_wconf 72' lang='lat'><strong><em>,</em></strong></span> 
     </span>
     <span class='ocr_line' id='line_1_14' title="bbox 239 1263 1232 1358; baseline -0.019 -21"><span class='ocrx_word' id='word_1_102' title='bbox 239 1273 344 1358; x_wconf 83' lang='lat' dir='ltr'><strong><em>aliqua</em></strong></span> <span class='ocrx_word' id='word_1_103' title='bbox 361 1272 516 1337; x_wconf 80' lang='lat' dir='ltr'><strong><em>addemur</em></strong></span> <span class='ocrx_word' id='word_1_104' title='bbox 537 1270 572 1332; x_wconf 91' lang='lat' dir='ltr'><strong><em>de</em></strong></span> <span class='ocrx_word' id='word_1_105' title='bbox 586 1269 716 1351; x_wconf 71' lang='lat' dir='ltr'><strong><em>jejunio.</em></strong></span> <span class='ocrx_word' id='word_1_106' title='bbox 731 1287 764 1328; x_wconf 91' lang='lat' dir='ltr'><strong><em>n.</em></strong></span> <span class='ocrx_word' id='word_1_107' title='bbox 777 1267 827 1327; x_wconf 87' lang='grc'><strong><em>47.</em></strong></span> <span class='ocrx_word' id='word_1_108' title='bbox 1231 1263 1232 1266; x_wconf 75' lang='grc'>’</span> 
     </span>
    </p>

    <p class='ocr_par' dir='ltr' id='par_1_8' title="bbox 124 1343 1139 2452">
     <span class='ocr_line' id='line_1_15' title="bbox 124 1343 1138 1441; baseline -0.014 -19"><span class='ocrx_word' id='word_1_109' title='bbox 124 1362 195 1438; x_wconf 83' lang='lat' dir='ltr'><strong><em>Cap.</em></strong></span> <span class='ocrx_word' id='word_1_110' title='bbox 213 1361 267 1422; x_wconf 89' lang='lat'><strong><em>111.</em></strong></span> <span class='ocrx_word' id='word_1_111' title='bbox 287 1361 333 1421; x_wconf 82' lang='lat' dir='ltr'><strong><em>De</em></strong></span> <span class='ocrx_word' id='word_1_112' title='bbox 353 1354 633 1441; x_wconf 63' lang='lat' dir='ltr'><strong><em>interrogationibus</em></strong></span> <span class='ocrx_word' id='word_1_113' title='bbox 652 1349 826 1416; x_wconf 81' lang='lat' dir='ltr'><strong><em>adhibendis</em></strong></span> <span class='ocrx_word' id='word_1_114' title='bbox 841 1367 907 1411; x_wconf 90' lang='lat' dir='ltr'><strong><em>cum</em></strong></span> <span class='ocrx_word' id='word_1_115' title='bbox 927 1343 1138 1428; x_wconf 88' lang='lat' dir='ltr'><strong><em>paenitentibus</em></strong></span> 
     </span>
     <span class='ocr_line' id='line_1_16' title="bbox 240 1432 1138 1521; baseline -0.02 -13"><span class='ocrx_word' id='word_1_116' title='bbox 240 1444 349 1508; x_wconf 81' lang='lat' dir='ltr'><strong><em>diuersi</em></strong></span> <span class='ocrx_word' id='word_1_117' title='bbox 358 1447 472 1521; x_wconf 83' lang='lat' dir='ltr'><strong><em>stetis,</em></strong></span> <span class='ocrx_word' id='word_1_118' title='bbox 483 1450 513 1504; x_wconf 88' lang='lat' dir='ltr'><strong><em>et</em></strong></span> <span class='ocrx_word' id='word_1_119' title='bbox 521 1439 699 1503; x_wconf 87' lang='lat' dir='ltr'><strong><em>conditionis</em></strong></span> <span class='ocrx_word' id='word_1_120' title='bbox 708 1483 717 1512; x_wconf 93' lang='lat'><strong><em>,</em></strong></span> <span class='ocrx_word' id='word_1_121' title='bbox 727 1439 781 1516; x_wconf 90' lang='lat' dir='ltr'><strong><em>qui</em></strong></span> <span class='ocrx_word' id='word_1_122' title='bbox 790 1443 861 1497; x_wconf 87' lang='lat' dir='ltr'><strong><em>sunt</em></strong></span> <span class='ocrx_word' id='word_1_123' title='bbox 870 1432 1047 1515; x_wconf 65' lang='lat' dir='ltr'><strong><em>negligentes</em></strong></span> <span class='ocrx_word' id='word_1_124' title='bbox 1057 1432 1138 1492; x_wconf 88' lang='lat' dir='ltr'><strong><em>circa</em></strong></span> 
     </span>
     <span class='ocr_line' id='line_1_17' title="bbox 241 1514 1138 1607; baseline -0.014 -19"><span class='ocrx_word' id='word_1_125' title='bbox 241 1546 289 1589; x_wconf 83' lang='lat' dir='ltr'><strong><em>ces</em></strong></span> <span class='ocrx_word' id='word_1_126' title='bbox 309 1527 351 1590; x_wconf 90' lang='lat' dir='ltr'><strong><em>ad</em></strong></span> <span class='ocrx_word' id='word_1_127' title='bbox 366 1526 573 1589; x_wconf 89' lang='lat' dir='ltr'><strong><em>censcientiam</em></strong></span> <span class='ocrx_word' id='word_1_128' title='bbox 589 1530 761 1607; x_wconf 79' lang='lat' dir='ltr'><strong><em>spectantes.</em></strong></span> <span class='ocrx_word' id='word_1_129' title='bbox 781 1524 824 1582; x_wconf 88' lang='lat' dir='ltr'><strong><em>Et</em></strong></span> <span class='ocrx_word' id='word_1_130' title='bbox 846 1521 873 1581; x_wconf 92' lang='lat'><strong><em>1.</em></strong></span> <span class='ocrx_word' id='word_1_131' title='bbox 891 1519 964 1578; x_wconf 82' lang='lat' dir='ltr'><strong><em>Cum</em></strong></span> <span class='ocrx_word' id='word_1_132' title='bbox 978 1514 1138 1578; x_wconf 86' lang='lat' dir='ltr'><strong><em>sacerdoti·</em></strong></span> 
     </span>
     <span class='ocr_line' id='line_1_18' title="bbox 242 1603 1139 1686; baseline -0.017 -12"><span class='ocrx_word' id='word_1_133' title='bbox 242 1612 307 1675; x_wconf 89' lang='lat' dir='ltr'><strong><em>bus.</em></strong></span> <span class='ocrx_word' id='word_1_134' title='bbox 330 1629 364 1671; x_wconf 89' lang='lat' dir='ltr'><strong><em>n.</em></strong></span> <span class='ocrx_word' id='word_1_135' title='bbox 385 1613 435 1672; x_wconf 85' lang='grc'><strong><em>49.</em></strong></span> <span class='ocrx_word' id='word_1_136' title='bbox 454 1613 501 1671; x_wconf 86' lang='grc' dir='ltr'><strong>ΙΙ.</strong></span> <span class='ocrx_word' id='word_1_137' title='bbox 526 1611 601 1670; x_wconf 83' lang='lat' dir='ltr'><strong><em>Cum</em></strong></span> <span class='ocrx_word' id='word_1_138' title='bbox 623 1605 823 1686; x_wconf 68' lang='lat' dir='ltr'><strong><em>confessariis.</em></strong></span> <span class='ocrx_word' id='word_1_139' title='bbox 847 1623 880 1664; x_wconf 90' lang='lat' dir='ltr'><strong><em>n.</em></strong></span> <span class='ocrx_word' id='word_1_140' title='bbox 902 1605 950 1663; x_wconf 86' lang='lat' dir='ltr'><strong><em>bt.</em></strong></span> <span class='ocrx_word' id='word_1_141' title='bbox 972 1603 1038 1664; x_wconf 83' lang='lat'><strong><em>111.</em></strong></span> <span class='ocrx_word' id='word_1_142' title='bbox 1063 1603 1139 1661; x_wconf 86' lang='lat' dir='ltr'><strong><em>Cum</em></strong></span> 
     </span>
     <span class='ocr_line' id='line_1_19' title="bbox 240 1687 1139 1778; baseline -0.013 -23"><span class='ocrx_word' id='word_1_143' title='bbox 240 1694 389 1778; x_wconf 89' lang='lat' dir='ltr'><strong><em>parocbis.</em></strong></span> <span class='ocrx_word' id='word_1_144' title='bbox 403 1715 437 1756; x_wconf 90' lang='lat' dir='ltr'><strong><em>n.</em></strong></span> <span class='ocrx_word' id='word_1_145' title='bbox 456 1694 506 1755; x_wconf 69' lang='grc'><strong><em>58.</em></strong></span> <span class='ocrx_word' id='word_1_146' title='bbox 523 1695 543 1754; x_wconf 88' lang='lat' dir='ltr'><strong><em>t</em></strong></span> <span class='ocrx_word' id='word_1_147' title='bbox 547 1694 582 1754; x_wconf 90' lang='lat' dir='ltr'><strong><em>V.</em></strong></span> <span class='ocrx_word' id='word_1_148' title='bbox 600 1692 676 1752; x_wconf 83' lang='lat' dir='ltr'><strong><em>Cum</em></strong></span> <span class='ocrx_word' id='word_1_149' title='bbox 694 1689 861 1771; x_wconf 83' lang='lat' dir='ltr'><strong><em>Episcopis.</em></strong></span> <span class='ocrx_word' id='word_1_150' title='bbox 885 1707 917 1748; x_wconf 91' lang='lat' dir='ltr'><strong><em>n.</em></strong></span> <span class='ocrx_word' id='word_1_151' title='bbox 936 1689 986 1748; x_wconf 88' lang='grc'><strong><em>55.</em></strong></span> <span class='ocrx_word' id='word_1_152' title='bbox 1003 1687 1040 1747; x_wconf 91' lang='lat' dir='ltr'><strong><em>V.</em></strong></span> <span class='ocrx_word' id='word_1_153' title='bbox 1064 1687 1139 1744; x_wconf 81' lang='lat' dir='ltr'><strong><em>Cura</em></strong></span> 
     </span>
     <span class='ocr_line' id='line_1_20' title="bbox 241 1766 1139 1857; baseline -0.014 -15"><span class='ocrx_word' id='word_1_154' title='bbox 241 1777 438 1842; x_wconf 81' lang='lat' dir='ltr'><strong><em>Martialibus.</em></strong></span> <span class='ocrx_word' id='word_1_155' title='bbox 456 1798 490 1840; x_wconf 88' lang='grc'><strong><em>6.</em></strong></span> <span class='ocrx_word' id='word_1_156' title='bbox 506 1781 555 1840; x_wconf 90' lang='grc'><strong><em>54.</em></strong></span> <span class='ocrx_word' id='word_1_157' title='bbox 574 1779 630 1840; x_wconf 83' lang='lat' dir='ltr'><strong><em>Vt.</em></strong></span> <span class='ocrx_word' id='word_1_158' title='bbox 647 1780 720 1839; x_wconf 85' lang='lat' dir='ltr'><strong><em>Cum</em></strong></span> <span class='ocrx_word' id='word_1_159' title='bbox 734 1773 905 1857; x_wconf 78' lang='lat' dir='ltr'><strong><em>judicibus,</em></strong></span> <span class='ocrx_word' id='word_1_160' title='bbox 924 1780 954 1834; x_wconf 90' lang='lat' dir='ltr'><strong><em>et</em></strong></span> <span class='ocrx_word' id='word_1_161' title='bbox 974 1766 1139 1833; x_wconf 79' lang='lat' dir='ltr'><strong><em>tabellioni-</em></strong></span> 
     </span>
     <span class='ocr_line' id='line_1_21' title="bbox 244 1854 1138 1929; baseline -0.016 -1"><span class='ocrx_word' id='word_1_162' title='bbox 244 1865 309 1929; x_wconf 88' lang='lat' dir='ltr'><strong><em>bus.</em></strong></span> <span class='ocrx_word' id='word_1_163' title='bbox 328 1884 360 1926; x_wconf 89' lang='lat' dir='ltr'><strong><em>n.</em></strong></span> <span class='ocrx_word' id='word_1_164' title='bbox 384 1868 421 1927; x_wconf 83' lang='lat' dir='ltr'><strong><em>bb</em></strong></span> <span class='ocrx_word' id='word_1_165' title='bbox 440 1873 469 1927; x_wconf 87' lang='lat' dir='ltr'><strong><em>et</em></strong></span> <span class='ocrx_word' id='word_1_166' title='bbox 489 1866 538 1926; x_wconf 90' lang='grc'><strong><em>56.</em></strong></span> <span class='ocrx_word' id='word_1_167' title='bbox 562 1865 637 1926; x_wconf 81' lang='lat' dir='ltr'><strong><em>vlt.</em></strong></span> <span class='ocrx_word' id='word_1_168' title='bbox 660 1865 734 1924; x_wconf 83' lang='lat' dir='ltr'><strong><em>Cum</em></strong></span> <span class='ocrx_word' id='word_1_169' title='bbox 755 1857 886 1920; x_wconf 88' lang='lat' dir='ltr'><strong><em>medicis.</em></strong></span> <span class='ocrx_word' id='word_1_170' title='bbox 905 1877 938 1918; x_wconf 91' lang='lat' dir='ltr'><strong><em>n.</em></strong></span> <span class='ocrx_word' id='word_1_171' title='bbox 961 1857 1010 1916; x_wconf 88' lang='grc'><strong><em>57.</em></strong></span> <span class='ocrx_word' id='word_1_172' title='bbox 1030 1857 1073 1914; x_wconf 85' lang='lat' dir='ltr'><strong><em>Et</em></strong></span> <span class='ocrx_word' id='word_1_173' title='bbox 1092 1854 1138 1915; x_wconf 88' lang='lat' dir='ltr'><strong><em>bic</em></strong></span> 
     </span>
     <span class='ocr_line' id='line_1_22' title="bbox 245 1938 1139 2115; baseline -0.017 -17"><span class='ocrx_word' id='word_1_174' title='bbox 245 1938 1139 2115; x_wconf 64' lang='lat' dir='ltr'><strong><em>tett‘eetttbtibt.tttb⁶tett.it³²&#39;ttt”tet</em></strong></span> 
     </span>
     <span class='ocr_line' id='line_1_23' title="bbox 245 2083 1135 2208; baseline -0.016 -26"><span class='ocrx_word' id='word_1_175' title='bbox 245 2083 495 2208; x_wconf 77' lang='lat' dir='ltr'><strong><em>pbarrdacapotis.</em></strong></span> <span class='ocrx_word' id='word_1_176' title='bbox 509 2134 544 2180; x_wconf 78' lang='lat' dir='ltr'><strong><em>n.</em></strong></span> <span class='ocrx_word' id='word_1_177' title='bbox 557 2120 607 2180; x_wconf 88' lang='grc'><strong><em>58.</em></strong></span> <span class='ocrx_word' id='word_1_178' title='bbox 619 2118 680 2179; x_wconf 86' lang='lat' dir='ltr'><strong><em>IX.</em></strong></span> <span class='ocrx_word' id='word_1_179' title='bbox 698 2119 772 2178; x_wconf 85' lang='lat' dir='ltr'><strong><em>Cum</em></strong></span> <span class='ocrx_word' id='word_1_180' title='bbox 792 2110 1021 2193; x_wconf 86' lang='lat' dir='ltr'><strong><em>negotiantibus.</em></strong></span> <span class='ocrx_word' id='word_1_181' title='bbox 1038 2129 1071 2170; x_wconf 92' lang='lat' dir='ltr'><strong><em>n.</em></strong></span> <span class='ocrx_word' id='word_1_182' title='bbox 1090 2110 1135 2169; x_wconf 90' lang='grc'><strong><em>59.</em></strong></span> 
     </span>
     <span class='ocr_line' id='line_1_24' title="bbox 246 2194 1139 2276; baseline -0.019 -6"><span class='ocrx_word' id='word_1_183' title='bbox 246 2210 290 2270; x_wconf 86' lang='grc' dir='ltr'><strong><em>Χ.</em></strong></span> <span class='ocrx_word' id='word_1_184' title='bbox 309 2208 384 2268; x_wconf 84' lang='lat' dir='ltr'><strong><em>Cum</em></strong></span> <span class='ocrx_word' id='word_1_185' title='bbox 405 2204 581 2269; x_wconf 79' lang='lat' dir='ltr'><strong><em>sartoribus.</em></strong></span> <span class='ocrx_word' id='word_1_186' title='bbox 603 2222 637 2263; x_wconf 91' lang='lat' dir='ltr'><strong><em>n.</em></strong></span> <span class='ocrx_word' id='word_1_187' title='bbox 660 2203 709 2263; x_wconf 87' lang='grc'><strong><em>60.</em></strong></span> <span class='ocrx_word' id='word_1_188' title='bbox 730 2202 791 2261; x_wconf 87' lang='lat' dir='ltr'><strong><em>XI.</em></strong></span> <span class='ocrx_word' id='word_1_189' title='bbox 812 2199 887 2258; x_wconf 83' lang='lat' dir='ltr'><strong><em>Cum</em></strong></span> <span class='ocrx_word' id='word_1_190' title='bbox 904 2194 1091 2276; x_wconf 73' lang='lat' dir='ltr'><strong><em>praesanatis,</em></strong></span> <span class='ocrx_word' id='word_1_191' title='bbox 1112 2201 1139 2253; x_wconf 87' lang='lat' dir='ltr'><strong><em>et</em></strong></span> 
     </span>
     <span class='ocr_line' id='line_1_25' title="bbox 246 2279 1136 2353; baseline -0.016 -2"><span class='ocrx_word' id='word_1_192' title='bbox 246 2290 463 2353; x_wconf 86' lang='lat' dir='ltr'><strong><em>venditrioibus.</em></strong></span> <span class='ocrx_word' id='word_1_193' title='bbox 479 2310 512 2351; x_wconf 91' lang='lat' dir='ltr'><strong><em>n.</em></strong></span> <span class='ocrx_word' id='word_1_194' title='bbox 525 2292 575 2351; x_wconf 82' lang='lat' dir='ltr'><strong><em>et.</em></strong></span> <span class='ocrx_word' id='word_1_195' title='bbox 586 2290 667 2351; x_wconf 82' lang='lat' dir='ltr'><strong><em>XII.</em></strong></span> <span class='ocrx_word' id='word_1_196' title='bbox 685 2288 759 2347; x_wconf 83' lang='lat' dir='ltr'><strong><em>Cum</em></strong></span> <span class='ocrx_word' id='word_1_197' title='bbox 772 2279 1031 2347; x_wconf 87' lang='lat' dir='ltr'><strong><em>barbitonsoribus.</em></strong></span> <span class='ocrx_word' id='word_1_198' title='bbox 1043 2298 1075 2339; x_wconf 91' lang='lat' dir='ltr'><strong><em>u.</em></strong></span> <span class='ocrx_word' id='word_1_199' title='bbox 1089 2280 1136 2340; x_wconf 79' lang='grc'><strong><em>69.</em></strong></span> 
     </span>
     <span class='ocr_line' id='line_1_26' title="bbox 247 2361 1136 2452; baseline -0.015 -18"><span class='ocrx_word' id='word_1_200' title='bbox 247 2374 342 2434; x_wconf 81' lang='lat' dir='ltr'><strong><em>Etbic</em></strong></span> <span class='ocrx_word' id='word_1_201' title='bbox 350 2389 445 2435; x_wconf 88' lang='lat' dir='ltr'><strong><em>sermo</em></strong></span> <span class='ocrx_word' id='word_1_202' title='bbox 453 2374 531 2452; x_wconf 78' lang='lat' dir='ltr'><strong><em>fitde</em></strong></span> <span class='ocrx_word' id='word_1_203' title='bbox 539 2374 615 2433; x_wconf 86' lang='lat' dir='ltr'><strong><em>uiris</em></strong></span> <span class='ocrx_word' id='word_1_204' title='bbox 623 2372 718 2432; x_wconf 90' lang='lat' dir='ltr'><strong><em>crines</em></strong></span> <span class='ocrx_word' id='word_1_205' title='bbox 727 2366 884 2431; x_wconf 82' lang='lat' dir='ltr'><strong><em>mulierum</em></strong></span> <span class='ocrx_word' id='word_1_206' title='bbox 891 2361 1136 2447; x_wconf 79' lang='lat' dir='ltr'><strong><em>componentibus.</em></strong></span> 
     </span>
    </p>

    <p class='ocr_par' dir='ltr' id='par_1_9' title="bbox 131 2448 1139 2622">
     <span class='ocr_line' id='line_1_27' title="bbox 131 2448 1139 2537; baseline -0.011 -17"><span class='ocrx_word' id='word_1_207' title='bbox 131 2462 202 2536; x_wconf 84' lang='lat' dir='ltr'><strong><em>Cep.</em></strong></span> <span class='ocrx_word' id='word_1_208' title='bbox 218 2458 270 2516; x_wconf 89' lang='lat' dir='ltr'><strong><em>tv.</em></strong></span> <span class='ocrx_word' id='word_1_209' title='bbox 290 2456 440 2531; x_wconf 87' lang='lat' dir='ltr'><strong><em>Quomodo</em></strong></span> <span class='ocrx_word' id='word_1_210' title='bbox 452 2475 482 2518; x_wconf 85' lang='lat' dir='ltr'><strong><em>se</em></strong></span> <span class='ocrx_word' id='word_1_211' title='bbox 496 2474 595 2537; x_wconf 88' lang='lat' dir='ltr'><strong><em>gerere</em></strong></span> <span class='ocrx_word' id='word_1_212' title='bbox 613 2454 716 2517; x_wconf 89' lang='lat' dir='ltr'><strong><em>debeat</em></strong></span> <span class='ocrx_word' id='word_1_213' title='bbox 735 2449 933 2532; x_wconf 74' lang='lat' dir='ltr'><strong><em>confessarius</em></strong></span> <span class='ocrx_word' id='word_1_214' title='bbox 948 2468 1015 2511; x_wconf 88' lang='lat' dir='ltr'><strong><em>oum</em></strong></span> <span class='ocrx_word' id='word_1_215' title='bbox 1032 2448 1070 2511; x_wconf 89' lang='lat' dir='ltr'><strong><em>iis</em></strong></span> <span class='ocrx_word' id='word_1_216' title='bbox 1088 2450 1139 2532; x_wconf 85' lang='lat' dir='ltr'><strong><em>gui</em></strong></span> 
     </span>
     <span class='ocr_line' id='line_1_28' title="bbox 248 2536 1081 2622; baseline -0.008 -21"><span class='ocrx_word' id='word_1_217' title='bbox 248 2548 320 2601; x_wconf 89' lang='lat' dir='ltr'><strong><em>sunt</em></strong></span> <span class='ocrx_word' id='word_1_218' title='bbox 335 2541 370 2601; x_wconf 88' lang='lat' dir='ltr'><strong><em>in</em></strong></span> <span class='ocrx_word' id='word_1_219' title='bbox 386 2541 526 2622; x_wconf 77' lang='lat' dir='ltr'><strong><em>proxima</em></strong></span> <span class='ocrx_word' id='word_1_220' title='bbox 544 2540 693 2601; x_wconf 83' lang='lat' dir='ltr'><strong><em>occasione</em></strong></span> <span class='ocrx_word' id='word_1_221' title='bbox 711 2536 860 2620; x_wconf 89' lang='lat' dir='ltr'><strong><em>peccandi.</em></strong></span> <span class='ocrx_word' id='word_1_222' title='bbox 874 2557 906 2597; x_wconf 90' lang='lat' dir='ltr'><strong><em>n.</em></strong></span> <span class='ocrx_word' id='word_1_223' title='bbox 919 2538 967 2596; x_wconf 89' lang='grc'><strong><em>65.</em></strong></span> <span class='ocrx_word' id='word_1_224' title='bbox 981 2542 1008 2595; x_wconf 88' lang='lat' dir='ltr'><strong><em>et</em></strong></span> <span class='ocrx_word' id='word_1_225' title='bbox 1020 2552 1081 2617; x_wconf 84' lang='lat' dir='ltr'><strong><em>seg.</em></strong></span> 
     </span>
    </p>

    <p class='ocr_par' dir='ltr' id='par_1_10' title="bbox 131 2618 1228 2945">
     <span class='ocr_line' id='line_1_29' title="bbox 131 2618 1137 2706; baseline -0.009 -17"><span class='ocrx_word' id='word_1_226' title='bbox 131 2630 202 2706; x_wconf 79' lang='lat' dir='ltr'><strong><em>Cep.</em></strong></span> <span class='ocrx_word' id='word_1_227' title='bbox 218 2624 256 2685; x_wconf 88' lang='lat' dir='ltr'><strong><em>V.</em></strong></span> <span class='ocrx_word' id='word_1_228' title='bbox 278 2626 427 2702; x_wconf 78' lang='lat' dir='ltr'><strong><em>Quomodo</em></strong></span> <span class='ocrx_word' id='word_1_229' title='bbox 446 2644 513 2688; x_wconf 84' lang='lat' dir='ltr'><strong><em>cunt</em></strong></span> <span class='ocrx_word' id='word_1_230' title='bbox 530 2623 818 2696; x_wconf 85' lang='lat' dir='ltr'><strong><em>consuetudinariis,</em></strong></span> <span class='ocrx_word' id='word_1_231' title='bbox 838 2630 868 2683; x_wconf 90' lang='lat' dir='ltr'><strong><em>et</em></strong></span> <span class='ocrx_word' id='word_1_232' title='bbox 886 2618 1021 2683; x_wconf 86' lang='lat' dir='ltr'><strong><em>recidivis</em></strong></span> <span class='ocrx_word' id='word_1_233' title='bbox 1038 2639 1072 2681; x_wconf 89' lang='grc'><strong><em>6.</em></strong></span> <span class='ocrx_word' id='word_1_234' title='bbox 1090 2622 1137 2681; x_wconf 89' lang='grc'><strong><em>70.</em></strong></span> 
     </span>
     <span class='ocr_line' id='line_1_30' title="bbox 249 2701 1139 2793; baseline -0.004 -22"><span class='ocrx_word' id='word_1_235' title='bbox 249 2719 277 2771; x_wconf 90' lang='lat' dir='ltr'><strong><em>et</em></strong></span> <span class='ocrx_word' id='word_1_236' title='bbox 294 2729 354 2790; x_wconf 87' lang='lat' dir='ltr'><strong><em>seg.</em></strong></span> <span class='ocrx_word' id='word_1_237' title='bbox 371 2715 414 2771; x_wconf 83' lang='lat' dir='ltr'><strong><em>Et</em></strong></span> <span class='ocrx_word' id='word_1_238' title='bbox 426 2712 581 2793; x_wconf 88' lang='lat' dir='ltr'><strong><em>signanter</em></strong></span> <span class='ocrx_word' id='word_1_239' title='bbox 600 2729 667 2771; x_wconf 89' lang='lat' dir='ltr'><strong><em>cum</em></strong></span> <span class='ocrx_word' id='word_1_240' title='bbox 689 2706 881 2783; x_wconf 87' lang='lat' dir='ltr'><strong><em>ordinandis,</em></strong></span> <span class='ocrx_word' id='word_1_241' title='bbox 901 2706 935 2766; x_wconf 88' lang='lat' dir='ltr'><strong><em>iu</em></strong></span> <span class='ocrx_word' id='word_1_242' title='bbox 951 2701 1052 2785; x_wconf 84' lang='lat' dir='ltr'><strong><em>atiquo</em></strong></span> <span class='ocrx_word' id='word_1_243' title='bbox 1070 2704 1139 2767; x_wconf 84' lang='lat' dir='ltr'><strong><em>nitio</em></strong></span> 
     </span>
     <span class='ocr_line' id='line_1_31' title="bbox 250 2788 1228 2945; baseline -0.008 -88"><span class='ocrx_word' id='word_1_244' title='bbox 250 2794 434 2945; x_wconf 52' lang='lat' dir='ltr'><strong><em>igmwim&#39;</em></strong></span> <span class='ocrx_word' id='word_1_245' title='bbox 454 2796 511 2877; x_wconf 85' lang='lat' dir='ltr'><strong><em>qni</em></strong></span> <span class='ocrx_word' id='word_1_246' title='bbox 526 2795 649 2858; x_wconf 89' lang='lat' dir='ltr'><strong><em>iubiant</em></strong></span> <span class='ocrx_word' id='word_1_247' title='bbox 668 2791 851 2877; x_wconf 87' lang='lat' dir='ltr'><strong><em>suscipiendo</em></strong></span> <span class='ocrx_word' id='word_1_248' title='bbox 874 2788 975 2853; x_wconf 88' lang='lat' dir='ltr'><strong><em>ordini</em></strong></span> <span class='ocrx_word' id='word_1_249' title='bbox 993 2806 1087 2851; x_wconf 86' lang='lat' dir='ltr'><strong><em>sacro.</em></strong></span> <span class='ocrx_word' id='word_1_250' title='bbox 1106 2809 1135 2851; x_wconf 92' lang='lat' dir='ltr'><strong><em>n.</em></strong></span> <span class='ocrx_word' id='word_1_251' title='bbox 1224 2854 1228 2861; x_wconf 58' lang='grc'><strong><em>,</em></strong></span> 
     </span>
    </p>

    <p class='ocr_par' dir='ltr' id='par_1_11' title="bbox 308 2886 404 2945">
     <span class='ocr_line' id='line_1_32' title="bbox 308 2886 404 2945; baseline 0.01 -1"><span class='ocrx_word' id='word_1_252' title='bbox 308 2890 337 2944; x_wconf 88' lang='lat' dir='ltr'><strong><em>et</em></strong></span> <span class='ocrx_word' id='word_1_253' title='bbox 374 2886 404 2945; x_wconf 89' lang='grc'><strong><em>9.</em></strong></span> 
     </span>
    </p>

    <p class='ocr_par' dir='ltr' id='par_1_12' title="bbox 135 2962 1139 3645">
     <span class='ocr_line' id='line_1_33' title="bbox 135 2962 1138 3054; baseline -0.01 -19"><span class='ocrx_word' id='word_1_254' title='bbox 135 2974 204 3050; x_wconf 76' lang='lat' dir='ltr'><strong><em>Cep.</em></strong></span> <span class='ocrx_word' id='word_1_255' title='bbox 220 2972 272 3034; x_wconf 87' lang='lat' dir='ltr'><strong><em>Vt.</em></strong></span> <span class='ocrx_word' id='word_1_256' title='bbox 292 2968 442 3046; x_wconf 83' lang='lat' dir='ltr'><strong><em>Quomodb</em></strong></span> <span class='ocrx_word' id='word_1_257' title='bbox 457 2990 525 3033; x_wconf 88' lang='lat' dir='ltr'><strong><em>cum</em></strong></span> <span class='ocrx_word' id='word_1_258' title='bbox 540 2970 750 3054; x_wconf 82' lang='lat' dir='ltr'><strong><em>penitentibus</em></strong></span> <span class='ocrx_word' id='word_1_259' title='bbox 768 2970 824 3051; x_wconf 87' lang='lat' dir='ltr'><strong><em>gui</em></strong></span> <span class='ocrx_word' id='word_1_260' title='bbox 839 2966 947 3031; x_wconf 87' lang='lat' dir='ltr'><strong><em>babent</em></strong></span> <span class='ocrx_word' id='word_1_261' title='bbox 964 2962 1138 3045; x_wconf 74' lang='lat' dir='ltr'><strong><em>Latiguam</em></strong></span> 
     </span>
     <span class='ocr_line' id='line_1_34' title="bbox 252 3052 1136 3128; baseline -0.01 -9"><span class='ocrx_word' id='word_1_262' title='bbox 252 3074 428 3128; x_wconf 86' lang='lat' dir='ltr'><strong><em>censuram,</em></strong></span> <span class='ocrx_word' id='word_1_263' title='bbox 451 3066 506 3118; x_wconf 91' lang='lat' dir='ltr'><strong><em>out</em></strong></span> <span class='ocrx_word' id='word_1_264' title='bbox 526 3074 629 3119; x_wconf 88' lang='lat' dir='ltr'><strong><em>casum</em></strong></span> <span class='ocrx_word' id='word_1_265' title='bbox 650 3062 841 3118; x_wconf 87' lang='lat' dir='ltr'><strong><em>rescroaturn.</em></strong></span> <span class='ocrx_word' id='word_1_266' title='bbox 863 3072 896 3119; x_wconf 90' lang='grc'><strong><em>6.</em></strong></span> <span class='ocrx_word' id='word_1_267' title='bbox 919 3054 968 3113; x_wconf 88' lang='grc'><strong><em>89.</em></strong></span> <span class='ocrx_word' id='word_1_268' title='bbox 989 3052 1024 3113; x_wconf 88' lang='grc'><strong><em>84</em></strong></span> <span class='ocrx_word' id='word_1_269' title='bbox 1044 3058 1074 3110; x_wconf 90' lang='lat' dir='ltr'><strong><em>et</em></strong></span> <span class='ocrx_word' id='word_1_270' title='bbox 1091 3052 1136 3111; x_wconf 74' lang='grc'><strong><em>86.</em></strong></span> 
     </span>
     <span class='ocr_line' id='line_1_35' title="bbox 251 3135 1136 3226; baseline -0.011 -23"><span class='ocrx_word' id='word_1_271' title='bbox 251 3145 314 3204; x_wconf 80' lang='lat' dir='ltr'><strong><em>Aut</em></strong></span> <span class='ocrx_word' id='word_1_272' title='bbox 332 3146 381 3203; x_wconf 88' lang='lat' dir='ltr'><strong><em>tt.</em></strong></span> <span class='ocrx_word' id='word_1_273' title='bbox 403 3139 618 3226; x_wconf 82' lang='lat' dir='ltr'><strong><em>Obligationem</em></strong></span> <span class='ocrx_word' id='word_1_274' title='bbox 639 3137 849 3204; x_wconf 77' lang='lat' dir='ltr'><strong><em>denurniandi.</em></strong></span> <span class='ocrx_word' id='word_1_275' title='bbox 871 3157 904 3199; x_wconf 89' lang='lat' dir='ltr'><strong><em>n.</em></strong></span> <span class='ocrx_word' id='word_1_276' title='bbox 923 3138 973 3198; x_wconf 86' lang='grc'><strong><em>85.</em></strong></span> <span class='ocrx_word' id='word_1_277' title='bbox 992 3136 1064 3196; x_wconf 79' lang='lat' dir='ltr'><strong><em>Aut.</em></strong></span> <span class='ocrx_word' id='word_1_278' title='bbox 1077 3135 1136 3195; x_wconf 87' lang='lat'><strong><em>111.</em></strong></span> 
     </span>
     <span class='ocr_line' id='line_1_36' title="bbox 253 3216 1138 3322; baseline -0.009 -37"><span class='ocrx_word' id='word_1_279' title='bbox 253 3227 500 3322; x_wconf 62' lang='lat' dir='ltr'><strong><em>impedimentum</em></strong></span> <span class='ocrx_word' id='word_1_280' title='bbox 517 3226 706 3289; x_wconf 85' lang='lat' dir='ltr'><strong><em>matrimonii</em></strong></span> <span class='ocrx_word' id='word_1_281' title='bbox 719 3224 871 3287; x_wconf 87' lang='lat' dir='ltr'><strong><em>dirimens.</em></strong></span> <span class='ocrx_word' id='word_1_282' title='bbox 887 3244 921 3285; x_wconf 91' lang='grc'><strong><em>6.</em></strong></span> <span class='ocrx_word' id='word_1_283' title='bbox 935 3224 984 3283; x_wconf 83' lang='grc'><strong><em>84.</em></strong></span> <span class='ocrx_word' id='word_1_284' title='bbox 997 3227 1026 3281; x_wconf 89' lang='lat' dir='ltr'><strong><em>et</em></strong></span> <span class='ocrx_word' id='word_1_285' title='bbox 1037 3219 1085 3281; x_wconf 87' lang='grc'><strong><em>85.</em></strong></span> <span class='ocrx_word' id='word_1_286' title='bbox 1092 3216 1138 3281; x_wconf 82' lang='lat' dir='ltr'><strong><em>vo</em></strong></span> 
     </span>
     <span class='ocr_line' id='line_1_37' title="bbox 253 3308 1139 3393; baseline -0.006 -25"><span class='ocrx_word' id='word_1_287' title='bbox 253 3309 412 3385; x_wconf 72' lang='lat' dir='ltr'><strong><em>impediens</em></strong></span> <span class='ocrx_word' id='word_1_288' title='bbox 437 3315 457 3372; x_wconf 88' lang='grc'><strong><em>6</em></strong></span> <span class='ocrx_word' id='word_1_289' title='bbox 479 3312 601 3393; x_wconf 89' lang='lat' dir='ltr'><strong><em>petendo</em></strong></span> <span class='ocrx_word' id='word_1_290' title='bbox 627 3312 732 3375; x_wconf 84' lang='lat' dir='ltr'><strong><em>debito.</em></strong></span> <span class='ocrx_word' id='word_1_291' title='bbox 753 3330 786 3371; x_wconf 92' lang='grc'><strong><em>6.</em></strong></span> <span class='ocrx_word' id='word_1_292' title='bbox 809 3312 859 3371; x_wconf 86' lang='grc'><strong><em>86.</em></strong></span> <span class='ocrx_word' id='word_1_293' title='bbox 881 3308 938 3371; x_wconf 88' lang='lat' dir='ltr'><strong><em>Hie</em></strong></span> <span class='ocrx_word' id='word_1_294' title='bbox 960 3311 1139 3368; x_wconf 86' lang='lat' dir='ltr'><strong><em>annotantur</em></strong></span> 
     </span>
     <span class='ocr_line' id='line_1_38' title="bbox 254 3390 1137 3486; baseline -0.011 -29"><span class='ocrx_word' id='word_1_295' title='bbox 254 3391 451 3486; x_wconf 65' lang='grc'><strong>1066161666</strong></span> <span class='ocrx_word' id='word_1_296' title='bbox 463 3396 651 3459; x_wconf 85' lang='lat' dir='ltr'><strong><em>obtinendam</em></strong></span> <span class='ocrx_word' id='word_1_297' title='bbox 663 3394 908 3476; x_wconf 86' lang='lat' dir='ltr'><strong><em>dispensationem</em></strong></span> <span class='ocrx_word' id='word_1_298' title='bbox 922 3395 942 3452; x_wconf 87' lang='grc'><strong><em>6</em></strong></span> <span class='ocrx_word' id='word_1_299' title='bbox 954 3393 986 3454; x_wconf 83' lang='lat' dir='ltr'><strong><em>S.</em></strong></span> <span class='ocrx_word' id='word_1_300' title='bbox 997 3390 1137 3453; x_wconf 69' lang='grc'><strong>966506-</strong></span> 
     </span>
     <span class='ocr_line' id='line_1_39' title="bbox 255 3474 1134 3561; baseline 0.002 -30"><span class='ocrx_word' id='word_1_301' title='bbox 255 3480 347 3531; x_wconf 79' lang='lat' dir='ltr'><strong><em>trarra</em></strong></span> <span class='ocrx_word' id='word_1_302' title='bbox 355 3490 388 3530; x_wconf 83' lang='lat' dir='ltr'><strong><em>en</em></strong></span> <span class='ocrx_word' id='word_1_303' title='bbox 396 3475 1083 3561; x_wconf 58' lang='lat' dir='ltr'><strong><em>impedirerentnsmetis,etirreguiaritatibusm.</em></strong></span> <span class='ocrx_word' id='word_1_304' title='bbox 1091 3474 1134 3535; x_wconf 93' lang='grc'><strong><em>87.</em></strong></span> 
     </span>
     <span class='ocr_line' id='line_1_40' title="bbox 256 3554 1025 3645; baseline 0.003 -21"><span class='ocrx_word' id='word_1_305' title='bbox 256 3554 394 3612; x_wconf 73' lang='lat' dir='ltr'><strong><em>F0e¹1¹¹¹le</em></strong></span> <span class='ocrx_word' id='word_1_306' title='bbox 406 3560 568 3637; x_wconf 76' lang='lat' dir='ltr'><strong><em>exequendi</em></strong></span> <span class='ocrx_word' id='word_1_307' title='bbox 583 3563 841 3645; x_wconf 88' lang='lat' dir='ltr'><strong><em>dispensationem.</em></strong></span> <span class='ocrx_word' id='word_1_308' title='bbox 855 3582 887 3623; x_wconf 90' lang='lat' dir='ltr'><strong><em>n.</em></strong></span> <span class='ocrx_word' id='word_1_309' title='bbox 905 3564 954 3624; x_wconf 89' lang='grc'><strong><em>88.</em></strong></span> <span class='ocrx_word' id='word_1_310' title='bbox 1021 3620 1025 3626; x_wconf 92' lang='grc'><strong>.</strong></span> 
     </span>
    </p>
   </div>
   <div class='ocr_carea' id='block_1_4' title="bbox 0 0 1258 3975">
    <p class='ocr_par' dir='ltr' id='par_1_13' title="bbox 0 0 1258 3975">
     <span class='ocr_line' id='line_1_41' title="bbox 0 0 1258 3975; baseline 0 0"><span class='ocrx_word' id='word_1_311' title='bbox 0 0 1258 3975; x_wconf 95' lang='lat' dir='ltr'><strong><em> </em></strong></span> 
     </span>
    </p>
   </div>
  </div>
 </body>
</html>
