2475 3975
374 238 402 321 §2
417 239 447 299 l.
464 236 550 299 Circo
564 234 694 319 officiam
706 242 812 320 patrie.
1076 246 1096 307 5

88 350 134 403 est
143 338 321 421 proticibus
330 338 496 411 efficerent
506 338 521 400 i
530 341 809 420 ponitenthnanta
818 341 856 402 sit
866 341 986 405 illorum
1000 342 1100 405 delor-

83 427 197 497 milas,
212 433 241 485 et
252 424 424 505 magnitudo
434 425 630 503 percipiatur3
644 426 769 503 ideoque
780 428 955 489 tuncacrior
968 430 1096 507 requiri-

84 519 140 571 tur
158 510 302 570 eorrectio
315 553 323 581 ‚
336 517 370 569 ut
390 506 485 587 ipsein
507 507 607 569 lethali
631 508 763 585 lethargo
782 511 970 590 expergefiat.
984 514 1096 574 Verum

82 593 210 671 quidem
231 601 294 663 cst,
317 590 396 669 quiid
417 592 463 671 (ut
480 592 583 652 dicunt
599 592 747 672 doctores)
769 594 801 655 in
822 602 888 654 actu
909 596 1097 657 conlessionis

79 678 235 738 abstinere
251 677 377 735 debeant
395 676 563 737 confessarii
580 674 596 736 i
611 678 795 738 correctione
810 679 941 739 iacienda
952 725 960 748 ,
971 698 1009 741 nc
1021 678 1097 742 lorti

81 761 222 821 exterriti
238 760 414 838 poenitentes
430 769 545 839 peccata
562 763 726 837 reticeant3
741 761 935 844 nihilominirs
946 762 1003 824 hoc
1014 765 1097 824 intel·

79 844 191 922 ligitur
209 845 383 925 regulariter
398 844 568 923 loquendo,
593 844 733 905 caetcrirm
752 847 901 907 multoties
920 848 1039 927 expedit
1058 847 1096 909 ad

81 931 229 991 ulteriora
257 948 316 989 non
339 931 516 1009 procedere,
540 938 570 989 et
592 932 692 989 statim
711 933 903 1007 pmnitentem
925 935 1094 1011 corripere,

1 1066 3 1073 ,
81 1014 236 1093 praecipud
249 1012 317 1075 crim
335 1014 495 1073 confitetur
508 1022 660 1091 peccatum
681 1014 765 1073 valde
780 1034 922 1086 enorme,
934 1018 1020 1077 autsi
1034 1018 1097 1096 ips'e

81 1099 178 1159 suerit
196 1099 233 1158 in'
247 1099 346 1177 aliquo
360 1098 433 1159 citio
451 1096 638 1169 habituatus‚
653 1105 688 1157 ut
707 1099 816 1177 peccati
832 1101 1005 1176 gravitatem
1017 1120 1097 1161 com·

81 1182 263 1263 prehendat.
277 1182 418 1243 Advertat
437 1192 554 1255 tamen,
570 1201 607 1241 ne
627 1200 696 1243 eum
719 1191 888 1261 exasperet,
911 1201 965 1243 nce
985 1195 1098 1263 pcrtcr·

83 1277 165 1327 reat.
179 1268 377 1347 Quapropter,
396 1276 549 1345 postquam
561 1284 651 1338 cum,
666 1276 811 1344 quantum
824 1286 898 1346 opus
910 1268 1016 1338 suerit,
1030 1288 1096 1329 cor·

83 1352 234 1431 ripucrit,
254 1352 352 1411 statim
375 1351 400 1410 ci
422 1352 555 1410 animum
574 1351 660 1409 faciat
678 1350 715 1410 ad
735 1352 847 1429 reliqua
865 1360 981 1429 peccata
1003 1354 1096 1413 conli-

83 1436 197 1507 tcndn,
214 1435 314 1495 dicens
334 1456 342 1494 ε
366 1434 427 1516 Ejo
446 1432 565 1513 'scotori
577 1435 622 1495 cie
638 1442 665 1495 te
682 1434 720 1495 ol>
739 1434 792 1495 ltoe
810 1434 882 1494 citio
906 1438 1096 1517 recipiscere?

83 1522 161 1581 Non
180 1523 223 1579 ito
236 1526 304 1581 eat?
324 1520 362 1579 Et
382 1522 522 1598 qarortiam
542 1518 594 1579 line
612 1518 707 1599 so'cere
720 1528 904 1600 caporatie,
918 1529 977 1581 cato
995 1520 1097 1583 animo

83 1602 193 1665 lidori.
206 1607 313 1686 Itaque
330 1608 439 1664 errario
459 1601 574 1683 reliquo
592 1612 729 1685 peccata,
751 1602 831 1665 nillil
846 1605 978 1666 reticens.
1000 1608 1093 1679 Cave,

84 1706 209 1769 qataeso,
229 1708 265 1749 ne
282 1689 324 1751 ais
343 1684 465 1769 aliquod
484 1686 671 1769 coctilepiam
695 1690 926 1767 commissurus,-
941 1690 994 1752 doc
1016 1691 1096 1753 enim
1150 1733 1152 1739 .

83 1782 163 1838 esaet
179 1773 347 1835 maximum
362 1776 494 1835 omittam
512 1782 710 1855 peccatorum,
728 1793 796 1854 quae
813 1774 960 1855 dacaeque
976 1776 1096 1837 manmi-

84 1858 167 1921 aieti.
180 1861 278 1941 Ipitar
297 1858 344 1920 dio
362 1858 463 1919 omnia
476 1860 576 1919 animo
590 1856 666 1937 sorti
673 1903 682 1932 ,
696 1862 778 1919 uince
793 1861 939 1941 teipsum.-
953 1862 1096 1944 Confitere

86 1943 192 2008 omitia
203 1943 332 2022 sineere:
347 1945 429 2004 Deae
441 1941 520 2004 enim
534 1950 663 2024 perotus
676 1950 720 2005 eat
737 1942 792 2006 atti
802 1963 932 2025 parcere.

127 2033 158 2092 5.
171 2031 284 2090 Deinde
293 2031 325 2089 in
337 2027 397 2088 fine
409 2029 597 2088 consessionis
613 2035 746 2106 oportet,
760 2038 793 2088 ut
804 2031 994 2092 confessarius
1007 2032 1096 2094 velte·

86 2113 229 2178 mentiori
243 2113 351 2173 ardore
368 2132 401 2172 ac
415 2113 513 2172 studio
533 2112 704 2185 incumbat,
718 2121 753 2173 ut
774 2116 928 2192 poenitenti
946 2117 1096 2194 percipere

87 2201 173 2262 saciat
195 2199 371 2278 gravitatem
390 2205 421 2258 et
433 2197 658 2257 multitudinem
670 2196 734 2272 ejus
747 2206 950 2274 peecatorum,
970 2217 1003 2257 ac
1015 2201 1098 2260 mise·

87 2303 155 2346 rum
172 2282 370 2342 damnationis
387 2291 497 2342 statum
515 2281 548 2340 in
567 2298 627 2358 quo
647 2281 813 2357 reperitur;
829 2281 880 2339 sed
903 2278 959 2341 hoe
980 2299 1097 2363 semper

88 2368 216 2430 maxima
235 2383 304 2425 cum
330 2364 472 2424 charitate
497 2363 560 2424 fiat.
583 2361 795 2424 Verumtamen
816 2372 860 2423 est
886 2372 1097 2444 congruentius

1 2477 2 2490 2
88 2461 159 2514 tune
174 2449 273 2512 verbis
289 2449 475 2528 gravioribus
493 2449 558 2520 uti,
576 2457 610 2507 ut
629 2448 671 2507 sic
688 2445 795 2508 melitis
811 2448 848 2507 ad
861 2448 968 2510 bonam
988 2454 1097 2515 mentis

88 2537 203 2614 frugem
213 2535 312 2595 redire
329 2535 439 2613 possit;
452 2530 647 2592 nihilomimls
657 2532 773 2592 efficere
791 2532 893 2604 debet,
905 2543 938 2593 ut
950 2538 1096 2612 paenitens

88 2621 234 2697 intelligat
250 2617 418 2696 hoc,quod
438 2619 464 2676 ei
486 2616 614 2690 elicitur,
631 2634 691 2676 non
713 2617 750 2675 ab
768 2618 869 2677 onimo
882 2619 975 2688 irato,
989 2620 1040 2678 scd
1060 2639 1096 2682 ex

89 2704 230 2783 singulari
249 2721 349 2761 umore
367 2712 397 2762 et
415 2700 672 2762 commiseratione
691 2718 760 2778 erga
778 2718 861 2759 suam
874 2702 1004 2761 animam
1027 2723 1097 2782 pro-

89 2789 202 2850 cedere.
226 2785 312 2859 Quod
332 2786 442 2862 poterit
460 2783 516 2845 hoo
537 2784 625 2844 modo
641 2785 766 2862 exprimi
783 2805 791 2842 ε
810 2783 873 2844 Fili
888 2784 951 2855 mi,
966 2789 1097 2849 conside-

89 2891 176 2934 rosne
184 2871 276 2932 uitam
287 2867 441 2946 docilitati,
453 2888 543 2949 quoin
553 2867 667 2929 demitti
674 2874 689 2926 i
698 2869 865 2949 Percipisne
875 2867 1006 2948 nauium,
1019 2871 1098 2952 quod

1 2971 2 2974 ’
88 2965 228 3042 operatus
255 2961 308 3015 es?
333 2954 413 3030 Quid
446 2954 501 3016 tili
528 2951 603 3013 ninii
633 2951 872 3033 secit‘anqaam
896 2959 977 3015 Deae
1007 2965 1094 3033 teias,

1 3085 3 3092 ν
90 3061 175 3124 quent
189 3048 222 3100 tat
235 3038 279 3099 ite
298 3037 409 3118 perdite
423 3037 642 3118 contempsisti?
652 3040 687 3098 Si
696 3039 769 3098 Jeau
781 3037 896 3098 Christo
906 3036 1008 3100 uallata
1020 3039 1098 3118 sate-

91 3135 132 3188 act
150 3123 206 3187 atti
218 3122 385 3198 inimicior,
403 3121 546 3202 potuisses
567 3139 633 3182 cum
650 3119 702 3184 ttto
721 3130 746 3182 te
761 3140 859 3202 perere
880 3123 1030 3203 pejorem?
1042 3125 1099 3186 Sed

92 3227 208 3290 qttaeso,
225 3203 427 3267 anintodaerle
444 3206 564 3288 proiecit
581 3205 629 3266 tte
641 3209 738 3267 lescle.
755 3208 813 3266 Hic
832 3214 877 3265 eat
898 3205 946 3267 itie
966 3209 1020 3288 (μα’
1032 3209 1098 3270 cam

93 3302 162 3356 esset
178 3294 279 3362 Deus,
293 3287 408 3351 nullius
419 3308 519 3372 epona,
533 3291 632 3370 [cactus
645 3299 689 3352 eet
704 3291 790 3352 leonto
806 3298 927 3370 propter
943 3299 969 3350 tc
981 3314 992 3350 .-
1004 3291 1100 3353 coluit

92 3379 169 3438 acori
181 3377 215 3438 in
233 3392 334 3450 croco,
351 3381 386 3433 at
405 3381 430 3434 tc
441 3373 475 3436 de
491 3371 609 3454 inperito
619 3373 781 3434 redimeret.
795 3374 841 3435 at
852 3373 903 3453 sili
910 3420 919 3450 ,
937 3374 966 3436 ai
979 3368 1099 3436 interitio

92 3471 226 3523 mortania
243 3475 334 3530 casea,
348 3457 377 3518 ei
391 3456 423 3517 iu
441 3458 496 3520 liae
507 3469 604 3535 noete,
620 3461 679 3538 qud
698 3458 796 3520 iturus
813 3459 943 3539 fitiaeea?
955 3459 1009 3520 uti
1020 3477 1099 3519 noae

94 3551 192 3608 casea?
207 3559 282 3604 essee
303 3541 337 3602 in
354 3550 462 3604 aeterno
482 3545 548 3624 ipae
566 3540 690 3622 inserui.
707 3543 787 3618 Quid
804 3543 839 3604 de
855 3552 880 3604 te
895 3542 1008 3622 foetam
1023 3544 1096 3620 erit,

93 3631 119 3693 ai
131 3632 226 3692 citant
239 3625 380 3689 lactente
399 3627 517 3689 doctam
528 3645 635 3710 perpete
650 3627 684 3688 in
698 3626 846 3711 poatccitm
859 3627 975 3687 uiuere?
985 3626 1099 3686 Poteris
