2475 3975
369 193 435 257 Art.
451 195 481 254 5.
494 195 539 256 De
557 192 711 256 ordinibus
724 193 798 276 maj.
1030 201 1088 262 rto

84 292 189 372 gratias
210 293 336 374 agendas
355 296 641 375 :imperatorium
660 294 697 356 ad
718 293 859 360 beneficia
874 294 1056 376 impetranda
1075 324 1083 362 ε

82 378 328 460 Propitiotorinna
337 425 347 452 ,
356 380 393 439 ad
406 379 524 441 veniam
542 381 746 442 obtinendam.

118 467 165 526 96.
180 497 220 512 --
232 466 317 525 Missa
333 465 406 527 veria
425 465 568 526 definitur
586 467 628 528 sic
639 489 648 526 ε
661 469 718 528 Εει
732 468 871 548 Corporis
889 469 1088 551 etSonpuinis

81 549 206 610 Dounini
224 551 296 615 Jesu
318 549 430 626 Christi
444 553 640 627 consecratio,
665 559 695 612 ει
716 549 835 613 oblatio.
856 554 893 613 lit
917 562 961 614 est
982 573 1087 615 verum
1131 579 1140 594 ·

82 633 275 706 sacrificium,
287 635 422 696 omnium
434 635 561 696 aliorum
579 638 726 698 rationem
739 639 935 716 complectens
948 659 957 714 3
970 638 1087 700 eadem-

80 735 137 794 que
155 727 200 778 est
218 717 314 778 hostia
338 738 404 798 qum
423 721 455 781 in
477 738 566 780 cruce
583 721 681 794 oblata
701 723 781 795 suit,
804 721 868 784 sold
887 725 1002 786 notione
1020 722 1088 803 offe·

78 799 167 863 rendi
182 799 319 875 diuerso,
337 812 371 863 ut
387 803 472 866 docet
484 805 570 864 Trid.
584 823 654 866 sess.
670 807 719 866 m.
733 824 759 886 o,
773 809 803 868 2.
816 809 978 868 Essentiam
992 809 1088 868 Sacri-

78 885 139 946 srcii
157 886 208 947 alii
226 887 330 952 dicunt
349 890 507 950 consistere
524 890 555 947 in
569 889 801 966 consecratione,
815 891 865 954 alii
880 893 911 955 in
924 891 1084 968 oblatione,

15 1029 19 1036 ,
79 973 129 1033 olii
149 972 181 1032 in
199 974 384 1054 sumptione,
403 975 453 1034 alii
474 971 597 1040 demina
617 973 800 1052 probabiliirs
820 977 852 1036 in
875 977 1088 1038 consecratione

79 1057 213 1122 simulet
231 1059 399 1139 sumptione
414 1101 423 1131 ‚
443 1068 478 1118 ut
488 1056 636 1121 Bellonae.
650 1060 737 1132 Solo,
752 1062 866 1121 Bonos.
883 1063 995 1120 Tonrn.
1009 1057 1043 1138 (l.
1058 1063 1088 1121 6.

78 1159 111 1203 n.
125 1139 219 1219 505.)
233 1143 279 1204 Ad
293 1144 447 1221 essentiam
463 1152 564 1204 autem
578 1144 713 1204 sacrificii
728 1143 912 1225 probabilius
924 1145 1089 1222 requiritur

79 1228 259 1288 consecratio
282 1229 436 1306 utriusque
455 1229 583 1306 speciei,
605 1246 716 1308 nempe
737 1231 822 1308 panis
845 1237 875 1290 et
898 1229 982 1304 vini;
1003 1229 1090 1289 aliter

79 1327 141 1370 non
152 1313 222 1370 satis
233 1313 449 1390 exprimeretur
461 1315 704 1374 commemoratio
719 1313 853 1376 sacrificii
866 1315 982 1375 cruenti
994 1313 1088 1375 erucis
1151 1387 1152 1391 Ἰ

78 1394 121 1473 (n.
140 1393 234 1474 506.).

116 1479 169 1541 et.
191 1507 231 1525 -ι-
252 1481 351 1557 Quaer.
376 1483 401 1544 1.
423 1483 496 1558 Qum
519 1484 714 1562 requirantur
735 1485 772 1545 ad
793 1485 911 1546 Missam
934 1483 1088 1562 perficien-

79 1566 174 1626 dam?
194 1565 264 1628 Tria
285 1574 356 1627 sunt
378 1569 540 1629 necessaria
559 1589 567 1627 a
589 1569 736 1646 Intentio,
760 1569 907 1642 austerio,
928 1577 957 1630 et
976 1567 1086 1650 fornia.

74 1648 252 1727 Requiritur
272 1651 397 1712 intentio
418 1652 626 1726 consecrandi,
647 1653 709 1714 sive
729 1653 904 1718 conficiendi
923 1655 1088 1716 Sacramen-

78 1743 172 1808 tum,
197 1734 302 1794 saltem
325 1737 484 1805 virtualis,
511 1738 622 1797 seilicet
645 1756 712 1814 quae
734 1746 901 1814 perseveret
928 1756 965 1798 ox
990 1739 1089 1799 inten-

78 1819 161 1881 tione
180 1819 286 1878 oetuali
308 1817 392 1896 priits
412 1817 531 1892 habita,
551 1839 642 1896 quam
660 1818 740 1878 certis
754 1821 842 1879 habet
858 1821 908 1895 qui
925 1832 1045 1897 paratur
1059 1831 1089 1882 ει

78 1901 191 1968 accedit
212 1902 249 1962 ad
270 1901 502 1975 celebrandum,
520 1902 604 1980 juxta
625 1903 701 1963 dicta
725 1900 773 1962 hic
794 1905 881 1969 ml).
900 1905 988 1962 Plura
1009 1923 1089 1963 nunc

78 1994 152 2047 sunt
172 1986 301 2049 notanda
324 1988 363 2047 de
383 1981 509 2050 materia
527 1998 558 2049 et
576 1988 672 2050 forma
690 1989 795 2053 nisse.
809 1985 942 2052 Moterio
962 1996 1005 2048 est
1027 1990 1089 2065 ipse

79 2072 216 2132 Christus
234 2072 402 2145 Dominus,
422 2074 541 2135 realiter
560 2076 688 2140 existens
708 2073 764 2133 sub
783 2073 935 2151 speciebus
955 2074 1038 2149 panis
1060 2082 1090 2133 et

78 2157 155 2217 vini.
168 2156 255 2215 Panis
270 2157 485 2236 consecrandus
499 2156 592 2217 debet
602 2175 666 2217 esse
684 2157 793 2215 usualis
809 2166 840 2216 et
852 2158 1037 2228 eommunis,
1053 2174 1089 2217 ex

78 2240 181 2303 farina
198 2240 333 2313 triticea,
356 2250 480 2318 etvaqua
504 2242 632 2302 naturali
655 2240 769 2319 (saltem
792 2260 847 2319 pro
869 2240 974 2319 majori
995 2242 1089 2321 parte)

79 2324 254 2396 conlectus,
274 2324 402 2404 igneque
422 2333 520 2387 coetus
541 2343 594 2403 per
617 2324 740 2396 modum
761 2326 865 2405 paule,
887 2335 917 2388 et
939 2343 1000 2386 non
1021 2344 1089 2397 eum

78 2410 137 2471 alia
153 2406 277 2469 materia
293 2427 427 2489 exaequo
441 2410 486 2470 vel
499 2412 581 2489 quasi
592 2410 755 2489 permixtus
766 2412 811 2491 (ut
824 2412 865 2471 ait
877 2412 916 2472 D.
933 2410 1088 2490 Theanus),

79 2510 114 2555 ac
130 2510 193 2555 nou
213 2503 390 2573 corruptus,
409 2504 461 2557 aut
483 2496 668 2575 corruptioni
682 2498 854 2575 proximum
875 2496 945 2557 aliis
965 2508 1089 2558 nonest

80 2579 206 2641 materia
228 2589 306 2660 apta.
322 2581 361 2643 Ut
379 2590 480 2641 autem
498 2582 537 2641 sit
553 2582 675 2642 materia
694 2582 792 2653 licita,
816 2582 848 2640 in
860 2582 985 2641 Ecclesia
999 2584 1089 2641 latina

81 2664 168 2743 panis
185 2662 273 2726 debet
290 2683 353 2726 esse
371 2684 512 2746 azymus,
525 2667 558 2725 in
571 2668 671 2726 Graeca
683 2666 876 2734 fermentatus
890 2661 964 2742 (tto.
975 2683 1007 2724 n.
1021 2664 1087 2735 l98.

82 2745 124 2809 od
143 2746 237 2827 205).
251 2746 306 2811 llic
319 2760 419 2811 autem
433 2750 597 2819 nomndum
612 2752 642 2810 l.
658 2748 738 2827 quod
751 2750 776 2808 si
787 2749 904 2809 Graecus
919 2750 1024 2810 transit
1036 2764 1090 2827 pcr

81 2833 148 2893 loeo
161 2834 332 2895 Latinorum
353 2836 395 2915 (et
410 2835 451 2895 sio
463 2836 583 2899 latinus
601 2851 654 2911 per
670 2832 822 2913 Graeciam)
839 2833 891 2894 ubi
914 2851 974 2893 non
994 2835 1090 2914 sitllc-

53 2950 60 2959 -
81 2919 185 2995 closis,
199 2919 232 2979 in
245 2937 303 2998 qua
316 2922 392 2982 ritus
404 2922 522 2984 Graecus
536 2928 672 2981 servetur
684 2963 692 2991 ,
706 2928 803 2997 potest
816 2937 870 2996 pro
884 2937 937 2977 suo
947 2917 1087 2992 arbitrio,

80 3004 114 3065 iu
138 3020 241 3084 azymo
257 3014 289 3065 et
308 3006 341 3065 in
358 3006 533 3068 sermentato
555 3004 725 3075 celebrare,
741 3004 782 3063 ita
805 3003 1003 3062 communiter
1024 3002 1088 3073 DD.

79 3086 115 3166 (l.
125 3106 151 3150 c.
161 3107 194 3149 n.
203 3089 296 3168 205.).
306 3091 475 3151 Notandum
485 3092 516 3150 2.
531 3088 612 3169 quod
625 3104 794 3149 consecrare
807 3086 932 3147 hostiam
947 3086 1088 3159 fractam,

80 3175 131 3234 vol
150 3176 324 3235 maculatam
345 3193 405 3236 non
425 3176 515 3252 licet3
530 3175 581 3235 sed
593 3193 654 3235 non
672 3183 717 3235 est
730 3174 874 3245 mortale,
886 3173 943 3234 nisi
963 3175 1090 3236 tractura

80 3260 131 3323 vel
148 3260 262 3323 macula
275 3270 351 3321 essct
367 3260 452 3321 valde
470 3261 620 3340 enormis,
634 3266 670 3320 ut
683 3260 786 3321 dicunt
806 3256 915 3333 Qtturta'
923 3302 933 3331 ,
943 3258 1089 3339 Posquol.

82 3353 112 3407 ει
132 3340 164 3405 lo
183 3342 274 3407 Croix
293 3344 377 3405 addit
397 3364 466 3406 cum
486 3344 615 3420 Gobuto,
637 3343 718 3423 quod
739 3344 763 3404 si
782 3343 909 3405 fractora
931 3344 1092 3423 deprehen·

82 3429 173 3490 datur
191 3438 258 3507 post
278 3428 477 3502 oblationem,
493 3430 560 3489 talis
579 3428 674 3488 hostia
694 3426 775 3487 licite
794 3424 1030 3497 consecrabitur,
1050 3442 1090 3483 se·

82 3513 165 3573 cluso
178 3512 314 3573 scandalo
327 3514 429 3591 populi
441 3510 474 3593 (l.
483 3533 509 3573 c.
522 3532 555 3572 n.
564 3511 659 3591 lodd-
678 3511 847 3573 Notandum
859 3514 892 3573 5.
904 3510 984 3585 quod
997 3506 1091 3565 hostia

83 3596 172 3660 debet
197 3615 259 3659 esso
280 3598 383 3676 ligorae
404 3597 598 3673 orbicularis,
622 3604 652 3657 ει
674 3592 769 3679 major
793 3611 848 3671 pro
873 3590 1044 3735 smmrrdotu
1065 3586 1090 3645 si
