2475 3975
154 90 194 155 58
314 138 320 152 .
445 90 558 155 Prccis
571 89 753 173 cciascscorii.
771 92 847 173 cap.
860 92 892 153 2.

154 196 269 264 tentes,
297 189 457 257 sumendus
487 201 532 253 est
554 211 697 254 numerus
719 203 844 265 certus,
863 191 889 252 si
911 188 1015 255 baberi
1042 198 1168 272 potest3

153 277 329 351 sinautem,
342 278 532 356 exquiratur,
547 278 662 357 quoties
683 278 716 339 in
736 278 803 352 die,
820 276 869 339 vel
887 275 1096 351 bebdomada,
1117 278 1169 340 vel

153 362 307 425 inmense
330 362 556 441 cogitationibus
575 361 793 425 consenserint.
815 360 872 423 Sed
896 362 921 423 si
944 380 997 423 nec
1017 364 1107 423 etiam
1133 363 1168 423 id

153 444 298 523 explicare
311 448 443 527 possint,
458 445 702 525 interrogentur,
718 446 794 508 udm
812 447 1017 524 concupierint
1034 446 1170 525 singulas

47 570 56 579 -
153 530 316 601 mulieres,
337 549 404 609 quae
420 530 476 595 sibi
491 539 708 603 occurrerunt,
728 530 776 591 vel
796 530 829 591 in
844 541 975 592 mentem
991 539 1139 609 veperunt
1157 552 1168 609 ;

152 622 204 677 aut
221 614 294 677 nbm
310 613 501 678 habitualitec
520 618 650 693 turpiter
664 614 703 677 de
722 616 820 695 aliqua
844 618 875 677 in
891 616 1061 694 particulari
1083 616 1167 694 cogi-

152 700 243 761 tarint
258 743 266 771 ,
290 714 453 777 numquam
472 700 570 776 pravis
584 700 774 761 consensibus
787 700 949 761 resistendo
964 744 973 774 ,
987 709 1018 760 et
1031 719 1069 761 an
1083 718 1168 760 sem·

152 798 206 863 per
225 784 307 845 illam
327 784 554 862 concupierint,
576 785 624 845 vel
642 803 681 845 an
702 783 819 847 mutium
837 784 956 863 quando
978 786 1071 863 ipsam
1083 788 1166 865 aspi-

150 868 275 929 ciebant.
287 870 414 934 Demum
428 870 764 949 interrogenturetiam,
777 868 851 933 ubm
864 868 961 931 media
971 872 1166 948 apposuerint

151 952 189 1015 ud
205 954 295 1015 malas
310 954 500 1032 cogitationes
520 953 725 1033 exequendas;
742 972 832 1031 nam,
847 964 881 1014 ut
901 954 1030 1016 diximus
1042 956 1073 1013 in
1084 954 1167 1016 libro

152 1037 186 1118 (t.
200 1041 231 1101 2.
248 1059 280 1103 n.
300 1040 383 1119 tt),
398 1048 469 1101 tunc
488 1040 537 1099 illa
557 1040 674 1112 media,
694 1040 749 1100 etsi
773 1038 992 1112 indifferentia,
1014 1037 1165 1109 bmalitia

151 1125 269 1186 interna
291 1126 506 1200 informantur,
522 1133 553 1186 et
568 1122 636 1185 idei)
647 1122 817 1203 explicanda
836 1130 871 1185 ut
887 1132 1005 1202 peccata
1020 1133 1162 1199 externa,

151 1209 213 1271 sive
223 1228 311 1288 opera
327 1210 464 1287 incoepta.

189 1292 488 1357 tt).11.circaverba
507 1290 661 1367 obscoena,
682 1292 904 1373 interrogentur
923 1294 953 1353 l.
973 1292 1079 1355 Coram
1094 1295 1166 1375 qui-

151 1379 225 1453 bus,
243 1385 274 1441 et
291 1380 406 1458 quoties
429 1378 469 1439 ita
485 1377 576 1439 locuti
594 1386 683 1451 sunt,
703 1379 819 1438 ratione
839 1376 986 1453 scandali3
1000 1395 1038 1439 an
1061 1397 1164 1459 coram

150 1462 244 1533 viris,
265 1473 318 1524 aut
333 1462 483 1535 beminis,
498 1463 629 1523 uxoratis
645 1507 654 1537 ,
672 1471 724 1523 aut
742 1466 823 1523 noni
834 1462 952 1539 pueris,
966 1462 1014 1522 vel
1029 1462 1165 1539 adultis?

148 1546 262 1611 sacilinio
280 1548 361 1610 enim
381 1544 613 1608 scandalizantur
629 1547 752 1626 puellae,
765 1555 795 1606 et
818 1545 924 1625 pueri,
943 1544 1033 1623 qubm
1046 1547 1164 1622 adulti,

150 1634 315 1713 pracsertim
339 1630 443 1714 quiin
464 1634 521 1693 huc
543 1631 616 1692 vitio
636 1640 706 1691 suut
727 1625 884 1709 habituali.
899 1624 1012 1710 2.Quoe
1028 1629 1164 1695 dixerint

150 1714 266 1781 verba?
286 1736 324 1784 aa
345 1737 375 1779 v.
391 1736 420 1797 g.
443 1716 628 1784 nominarint
648 1714 785 1794 pudenda
803 1712 890 1774 semis
911 1710 928 1793 b
946 1731 1001 1773 suo
1022 1712 1165 1778 diversi?

150 1802 207 1864 huc
234 1804 314 1865 enirn
339 1801 497 1866 difficulter
524 1809 680 1864 excusatur
704 1796 722 1872 b
748 1796 878 1859 mortali.
904 1796 932 1857 5.
958 1794 1038 1858 Niim
1067 1800 1165 1864 verba

149 1889 329 1969 protulerint
349 1905 386 1947 ex
404 1886 469 1959 ira,
495 1884 541 1945 vel
558 1883 652 1961 joco?
672 1902 740 1961 nam
765 1898 801 1961 ex
823 1882 868 1941 ira
890 1878 1038 1943 difficillius
1064 1884 1166 1948 aderit

150 1973 360 2055 complacentia
372 1980 402 2032 et
415 1969 594 2033 scandalum.
608 1968 713 2031 Caveat
725 1966 917 2051 confessarius
928 1966 965 2028 ab
974 1966 1165 2032 absolvendis

149 2059 319 2141 hujusmodi
338 2056 475 2118 recidivis
498 2055 531 2116 in
552 2054 707 2132 colloquiis
726 2053 883 2132 turpibus,
905 2053 1039 2129 quamvis
1059 2054 1165 2132 dicant

149 2165 181 2208 se
193 2165 227 2214 ca
246 2144 402 2224 protulisse
422 2159 456 2201 ex
468 2139 554 2218 joco,
570 2141 628 2202 uisi
648 2138 731 2218 priuis
748 2136 963 2208 emendentur,
976 2138 1024 2198 vel
1037 2139 1163 2220 signum

148 2230 415 2292 extraordinarium
434 2228 544 2288 doloris
563 2226 697 2286 afferant.
721 2227 752 2286 b.
777 2221 856 2308 Nalm
876 2217 1052 2304 jactaverim
1068 2242 1100 2285 se
1121 2225 1164 2287 dc

148 2315 247 2390 aliquo
256 2315 395 2390 peccato?
410 2319 481 2368 tunc
494 2311 574 2369 enim
583 2313 638 2370 tria
646 2319 762 2388 peccata
772 2309 943 2385 frequenter
957 2320 1162 2384 concurrunt,

147 2398 257 2460 scilicet
276 2410 417 2472 magnum
437 2392 605 2452 scandalum
625 2393 834 2463 audientium,
853 2390 994 2468 jactantia
1018 2392 1056 2452 dc
1078 2396 1162 2456 malo

148 2479 323 2555 commisso,
344 2483 374 2536 ct
389 2477 598 2554 complacentia
622 2477 660 2538 de
677 2484 794 2556 peccato
812 2483 929 2557 narrate
942 2496 951 2533 a
966 2475 1093 2554 idedque
1110 2481 1163 2540 in-

148 2563 316 2642 terrogandi
334 2569 423 2636 sunt,
448 2561 486 2621 de
506 2579 565 2640 quo
581 2571 698 2640 peccato
712 2563 745 2622 in
761 2562 856 2640 specie
874 2577 906 2620 se
923 2559 1062 2638 jactarint
1076 2559 1109 2642 (l.
1124 2567 1159 2625 2.

148 2671 179 2714 tt.
201 2649 276 2728 tet.
295 2650 518 2724 Interrogantur
538 2649 651 2720 etiam,
675 2665 714 2708 an
736 2647 869 2721 delectati
884 2654 953 2724 suant
966 2645 1069 2706 audire
1082 2648 1161 2710 alios

148 2731 301 2798 inhonestb
320 2733 491 2810 loquentes,
508 2742 537 2794 ct
560 2751 597 2794 au
615 2743 689 2794 tunc
710 2731 893 2812 adverterint
907 2729 945 2790 ad
965 2732 1160 2815 cerrectioms

145 2828 346 2901 praeceptum,
367 2823 502 2895 putantes
514 2836 579 2878 caru
601 2819 808 2896 prolaturam?

182 2905 232 2966 dl.
243 2905 295 2964 lll.
309 2901 390 2963 Circa
404 2919 491 2980 opera
506 2903 743 2980 interrogentur,
755 2917 881 2979 quacum
895 2917 961 2962 rem
974 2898 1159 2982 habuerint?

145 2989 218 3052 nim
241 2985 311 3048 ali'as
330 3005 398 3048 cum
422 2987 522 3058 eadem
544 2987 719 3064 peccarint?
739 2986 791 3046 ubi
813 2995 965 3066 peccatum
991 2987 1080 3046 suerit
1103 2980 1160 3065 pa-

48 3103 50 3108 s
144 3082 254 3142 tratum
275 3072 322 3151 (ad
341 3072 505 3132 occasiones
522 3069 748 3150 removendas),
770 3069 884 3148 quoties
908 3079 1061 3147 peccatum
1082 3090 1159 3133 cou-
1220 3136 1222 3142 λ

144 3166 344 3229 summatum,
368 3163 398 3217 et
425 3164 499 3234 quot
524 3164 605 3216 actus
625 3157 785 3233 interrupti
803 3155 974 3228 adfuerint,
994 3156 1117 3238 seorsim
1138 3155 1158 3218 b

144 3244 288 3323 peccato?
316 3239 390 3300 nbm
421 3248 538 3318 peccato
568 3237 698 3302 multbm
726 3237 795 3299 ante
822 3238 1049 3300 consenserint?
1077 3241 1159 3302 Nam

144 3337 216 3390 tunc
235 3333 315 3386 actus
334 3325 443 3385 interni
463 3327 743 3404 interrumpuntur,
755 3323 839 3402 juxta
856 3323 933 3385 dicta
947 3321 980 3403 (t.
1000 3341 1025 3382 ο.
1042 3342 1075 3384 n.
1090 3326 1157 3405 56.)

144 3418 175 3470 et
195 3407 259 3469 tium
277 3406 396 3486 expedit
413 3409 540 3472 formare
554 3409 723 3488 judicium,
741 3410 827 3482 toties
853 3409 1046 3486 multiplicata
1065 3407 1157 3471 luisse

144 3500 258 3566 paccata
268 3535 279 3568 ,
299 3500 371 3569 quot
396 3494 519 3554 morula
550 3495 668 3572 sumni,
688 3492 909 3568 distractionis,
929 3504 987 3555 etc.
1005 3491 1157 3554 adfuerint
