2475 3975
150 162 207 223 586
363 162 974 245 Ερϋωηο(1011111113ιηοιηίίεείιαηοιιίειε

150 263 243 336 dem,
266 282 327 327 non
346 264 420 329 aerb
443 266 619 327 sacrificium
644 266 827 344 conficeret3
847 268 959 331 deesset
981 270 1063 332 euim
1085 280 1151 337 tuac
1227 250 1228 299 f

146 347 269 426 mystica
288 350 416 413 victime
432 351 577 413 mactatio.
598 350 674 411 ibid.
698 369 730 412 a.
752 353 801 413 19.

183 432 321 496 Sacerdos
339 435 430 497 verba
447 436 670 497 consecrationis
698 436 849 514 profereus
871 454 961 517 super
983 456 1092 516 panem
1120 450 1149 504 et

147 514 270 591 viuum,
290 520 342 581 scd
359 529 440 581 extra
459 520 577 581 missua
592 562 601 591 ,
616 518 713 581 aalide
730 520 849 598 quidem
867 564 875 593 ‚
892 521 943 581 sed
965 523 1068 584 illicite
1080 542 1149 587 con·

145 609 260 674 socrat,
276 620 345 663 nam
367 612 428 665 tota
452 605 497 663 vis
520 604 747 665 consecrationis
766 605 797 666 in
824 606 922 667 verbis
943 605 1054 667 Christi
1076 626 1144 669 oon-

144 683 231 746 sistit.
245 688 290 747 De
306 688 402 749 sacrif.
426 688 507 749 miss.
532 689 682 767 1.s.cap.
703 691 752 751 ii.
771 708 803 749 n.
821 692 869 751 11.

183 770 218 830 ln
241 771 335 832 iorni
358 773 586 835 consecrationis
609 772 737 834 deiectus
760 773 890 833 accidere
917 782 1066 852 possunt,
1096 775 1145 856 qui

145 852 323 930 invalidam,
340 869 372 920 et
386 858 538 931 deiectus,
557 858 608 938 qui
624 858 755 919 illicitam
772 856 888 920 tantiam
908 860 989 919 iiiam
1010 860 1145 923 reddant.

145 938 279 1003 illicitam
291 942 393 1018 dicas,
413 946 438 1006 si
456 944 611 1006 omittatur
624 962 680 1003 vox
699 947 776 1003 etaim
787 986 796 1015 ‚
809 952 839 1003 et
856 944 981 1005 verbum
1001 952 1054 1005 est.
1069 947 1144 1007 item

143 1027 337 1091 siiooovoeis
357 1029 411 1093 icoc
429 1030 545 1092 dicatur
565 1026 655 1091 istud.
675 1028 840 1089 invalidum
863 1028 889 1089 si
903 1046 958 1107 pro
971 1026 1023 1090 boc
1035 1030 1144 1091 substi·
1227 1048 1228 1111 3

145 1120 245 1173 turtur
258 1112 338 1176 iliud
348 1158 357 1189 ‚
369 1116 417 1176 vel
429 1112 477 1176 itio
487 1131 542 1193 pro
554 1112 693 1173 adverbio
710 1120 873 1191 sumptum.
888 1112 1019 1173 Dubium
1031 1124 1093 1185 est,
1106 1134 1144 1177 an
1227 1116 1228 1167 l

146 1187 273 1251 invalida
289 1192 329 1252 sit
345 1191 523 1253 consecratio
540 1189 658 1261 calicis,
681 1188 740 1248 iilis
759 1189 962 1250 tautummodo
974 1190 1072 1250 verbis
1084 1210 1149 1271 pro

144 1273 232 1333 latis:
248 1276 307 1338 Hit
323 1282 367 1337 eti
380 1270 461 1338 coiis
472 1270 636 1355 Suoquirtt‘s
648 1274 707 1334 attet'
715 1316 725 1346 ,
739 1272 851 1341 ceteris
867 1273 981 1334 omissis
996 1294 1006 1353 ;
1023 1274 1148 1354 ideoque

143 1358 168 1418 si
190 1358 221 1419 id
236 1360 312 1423 iortd
337 1359 513 1440 contigerit,
534 1358 694 1439 repetendo
710 1366 779 1420 sunt
798 1357 852 1419 sub
874 1357 1041 1423 conditione
1057 1362 1148 1423 verba

144 1447 366 1508 consecrationis
378 1446 453 1508 vini.
467 1444 542 1507 ibid.
556 1463 621 1523 cap.
642 1446 691 1507 ib.
716 1462 748 1505 n.
770 1444 819 1505 ib.

179 1528 318 1589 Sacerdos
329 1530 425 1591 vaildd
435 1538 603 1602 consecrat,
625 1530 678 1590 etsi
693 1526 793 1589 lethali
808 1526 932 1588 erimine
950 1529 988 1589 sit
1003 1528 1147 1605 iniectus,

144 1614 436 1683 excommunicatus,
458 1610 638 1683 haereticus,
665 1611 851 1689 degradatus.
874 1612 964 1674 uictae
992 1622 1090 1675 tauma
1113 1626 1148 1678 ut
1227 1598 1228 1613 ἶ

143 1692 269 1755 celebret
280 1740 291 1771 ,
314 1694 403 1757 debet
424 1712 486 1757 esse
503 1694 535 1754 in
555 1702 634 1757 statu
655 1696 784 1775 gratia,
808 1704 838 1757 et
864 1694 881 1756 'a
909 1696 1011 1757 lethaii
1028 1708 1148 1777 peccato

143 1777 227 1839 liber.
244 1778 318 1841 ibid.
337 1801 364 1841 c.
381 1782 430 1841 11.
449 1798 481 1839 n.
499 1782 527 1840 1.
1039 1796 1041 1802 ·

180 1864 297 1943 Alioqui
324 1865 450 1945 duplicis
478 1864 573 1943 culpae
598 1880 684 1923 reum
707 1881 738 1923 se
763 1864 940 1943 constituit,
965 1866 1149 1927 conficiendo

143 1948 252 2011 scilieet
272 1951 317 2012 vei
336 1948 520 2029 suscipiendo
537 1946 658 2026 indigne
680 1956 915 2021 sacramentum,
937 1957 968 2010 ct
989 1949 1151 2030 infideliter
1227 1958 1228 1963 ’

144 2034 266 2114 sibiipsi
281 2033 486 2096 ministrando.
503 2032 578 2094 ibid.
599 2051 630 2090 n.
651 2033 680 2092 2.
965 2075 967 2079 ·

182 2122 269 2182 Vetat
282 2119 492 2181 Tridentinunr
510 2134 577 2178 sess.
602 2117 650 2176 15.
670 2135 697 2175 o.
718 2111 1022 2192 adducentem,
1040 2131 1080 2174 nc
1096 2132 1147 2175 sa·

145 2204 244 2265 cerdos
273 2205 381 2282 peceati
409 2202 541 2263 mortalis
566 2219 658 2272 reus,
680 2198 868 2277 quantumvis
891 2199 1060 2271 contritus,
1089 2201 1149 2260 nisi

143 2287 226 2365 priris
240 2289 441 2348 sacramentali
455 2286 633 2346 consessione
651 2283 782 2362 expiatus
796 2326 805 2354 ,
824 2281 861 2342 ad
877 2281 1085 2344 celebrandum
1098 2301 1150 2344 ae·

143 2373 235 2432 cedat.
247 2370 321 2429 ibid.
336 2390 367 2429 n.
377 2373 407 2430 5.
428 2371 577 2430 Permittit
591 2379 690 2428 umen
705 2365 903 2428 sacerdotibus
919 2364 1151 2428 celebrationem
1227 2375 1228 2442 ς

143 2454 254 2533 praevio
275 2452 392 2513 aarum
407 2462 474 2515 aeto
486 2453 693 2529 contritionis,
709 2451 871 2514 dummodo
884 2452 979 2530 gravis
990 2453 1152 2513 necessitas

143 2547 269 2619 urgeat,
294 2555 349 2600 nec
358 2539 398 2600 sit
416 2539 499 2618 eopia
516 2539 709 2614 coniemarii3
732 2539 821 2600 simul
843 2537 913 2600 verb
933 2539 965 2598 in
985 2555 1021 2598 eo
1043 2557 1151 2600 rerum
1227 2553 1228 2560 ³

143 2634 251 2688 euentu
274 2624 416 2699 mandat,
433 2633 468 2686 ut
486 2625 538 2703 qui
560 2624 601 2684 ita
623 2623 814 2684 celebraverit
834 2621 1055 2701 quamprimum
1076 2641 1152 2685 con·

142 2713 271 2774 litentur.
292 2710 370 2770 ibid.
383 2727 467 2771 num.
479 2713 510 2772 1.
522 2711 617 2789 Atque
627 2711 665 2770 ita
676 2709 800 2786 explicat
815 2716 993 2787 praeceptum
1009 2707 1150 2772 divinum

142 2797 181 2859 ab
200 2793 342 2874 Apostoio
357 2795 501 2856 traditum
517 2817 526 2854 a
549 2795 650 2876 probet
665 2801 763 2854 cutam
775 2794 904 2872 scipsum
923 2791 1018 2855 bauto.
1031 2795 1068 2854 in
1079 2811 1152 2854 casu

143 2880 215 2944 verb
238 2879 372 2958 urgentis
393 2880 573 2941 necessitatis
590 2898 651 2939 non
675 2879 781 2940 suffieit
799 2877 933 2952 attritio,
954 2877 1151 2944 sedotuninb

143 2967 282 3027 contritio
300 2964 486 3044 requiritur,
504 2962 552 3023 vei
568 2963 670 3024 saliem
696 2961 807 3024 attritio
828 2979 917 3041 quam
937 2961 1070 3024 sacerdos
1082 2962 1152 3022 sine
1227 2997 1228 3044 3

142 3050 227 3130 eulpa
249 3051 458 3111 contritionem
469 3047 689 3110 existimaverit.
712 3045 789 3108 iilud
811 3045 881 3106 verb
901 3053 1100 3127 praeceptum,
1115 3054 1153 3108 ot
1227 3051 1228 3054 ’

141 3135 361 3216 quamprimtim
382 3133 557 3214 confiteatur
572 3178 583 3210 ‚
601 3151 707 3196 verum
733 3141 776 3196 est
797 3142 1002 3212 praeceptum,
1028 3138 1058 3192 et
1084 3149 1151 3194 nou

142 3219 295 3280 consilium
309 3241 318 3294 3
333 3237 387 3280 uec
407 3219 448 3280 ita
470 3219 696 3297 intelligendum
715 3227 782 3296 est,
802 3226 836 3278 ut
856 3217 987 3278 sacerdos
1012 3233 1074 3278 non
1101 3226 1151 3276 tc·

141 3309 246 3360 nentur
270 3304 384 3362 crimen
406 3321 493 3364 suum
516 3302 675 3372 confiteri,
699 3303 755 3362 nisi
775 3301 893 3380 quaudo
913 3298 1015 3362 rursirs
1037 3309 1082 3362 cst
1099 3320 1152 3362 ce·

140 3383 318 3442 lebraturus.
340 3387 409 3444 ilaec
433 3388 533 3446 omnia
555 3403 592 3446 ex
613 3386 701 3446 variis
722 3385 867 3447 damnatis
894 3385 1152 3465 propositionibus
1227 3399 1228 3424 i

140 3469 223 3519 cruta
241 3463 328 3524 iatius
340 3459 532 3541 explicantur.
547 3469 623 3530 ibid.
641 3487 725 3530 num.
745 3471 775 3530 b.
817 3492 821 3497 ·

178 3536 290 3614 Urgens
316 3550 490 3622 necessitas,
512 3553 551 3612 de
576 3553 635 3632 qud
654 3549 702 3614 iaie
718 3596 726 3630 ,
744 3571 778 3614 ea
798 3559 953 3630 consetur,
969 3552 994 3615 si
1012 3555 1154 3620 sacerdos
