2475 3975
127 171 186 233 tto
341 168 479 253 Epitome
494 168 635 232 doctrinae
650 166 770 232 motulis
784 174 812 231 et
823 168 969 231 teneatue

407 352 582 415 Vlclllilils
602 354 859 419 conluctatus,

165 540 291 602 Eccleoii
308 544 429 601 meante
451 545 513 599 tota
539 539 674 617 Episcopi
704 536 870 614 jurisdictio
901 540 1069 601 devolvitur
1094 544 1129 603 ad

126 625 289 703 mpritulum
320 621 493 684 cathedr-ciis
513 624 648 684 Ecclesiae
679 638 733 701 per
756 631 871 683 textum
898 626 930 684 in
961 644 1026 704 mp.
1052 625 1130 695 nia,

126 728 219 791 qtae,
241 720 273 771 et
293 728 357 790 cap.
393 707 467 771 θιὶιιι
490 704 583 780 oiim,
606 706 643 770 do
674 705 805 787 sunjonai.
834 717 863 769 et
892 709 974 771 obed.
1001 730 1034 772 ac
1058 713 1132 772 illud

127 795 246 872 quaidcm
259 812 324 855 eam
342 810 396 873 per
412 810 589 861 aeexercerc
603 800 722 872 posset,
734 792 791 851 nisi
810 792 939 854 obstaret
954 794 1004 871 jus
1022 814 1133 857 novum

127 879 262 941 Trident.
278 896 347 941 cess.
361 880 411 941 tt.
426 896 491 959 cap.
515 880 565 940 lt.
581 877 618 941 aie
640 872 708 959 lies.
734 876 814 956 quod
841 880 984 951 mandat,
1002 889 1038 940 ut
1056 881 1133 943 intri

126 970 193 1023 octo
212 964 275 1025 dice
298 971 365 1041 post
382 962 555 1039 inductam,
579 980 631 1025 ocu
652 1006 661 1035 ‚
681 967 715 1021 nt
737 961 847 1023 decidit
866 964 897 1022 S.
913 966 1023 1043 congr.
1040 1008 1050 1037 ‚
1069 974 1135 1043 post

125 1044 258 1109 habitam
275 1047 411 1108 notitiam
429 1048 608 1117 vacationis,
630 1046 780 1107 vicarium
801 1048 978 1107 constituere
1001 1057 1136 1109 teneatur

126 1149 282 1213 perquem
306 1132 388 1193 illam
409 1140 554 1191 exerceat.
576 1128 694 1192 sivero
708 1130 859 1208 negligat,
879 1132 926 1191 vel
944 1132 1070 1191 Ecclesia
1085 1150 1135 1193 ve·

127 1236 197 1279 cons
221 1224 318 1277 careat
336 1216 490 1294 capitulo,
515 1225 588 1277 tune
610 1214 647 1275 ad
661 1216 921 1293 Metropolitanum
943 1224 1073 1294 speetat3
1088 1218 1136 1277 vel
1207 1214 1208 1217 ’

126 1305 151 1364 si
174 1302 249 1363 nulli
271 1298 401 1377 subjecta
417 1300 508 1361 inerit
523 1344 531 1373 ‚
544 1299 583 1361 acl
599 1300 776 1360 viciniorem
802 1301 990 1378 Episcopum.
1014 1302 1046 1361 Si
1065 1300 1135 1362 varl

126 1398 198 1448 tunc
210 1386 453 1463 Metropolitanus
461 1385 609 1447 ramrerit
621 1426 629 1457 ,
639 1382 689 1462 jus
706 1383 785 1444 istucl
801 1385 907 1445 transit
917 1384 956 1445 ed
974 1386 1135 1464 capitulum

126 1471 368 1549 llctropolitanae.
390 1472 457 1531 llaec
478 1470 580 1531 omnia
601 1486 639 1531 ex
664 1468 867 1530 Decisionibus
892 1471 924 1529 S.
950 1471 1061 1549 Gongr.
1085 1469 1135 1531 de·
1210 1490 1211 1501 ³

126 1554 320 1619 ducunturin
340 1556 393 1616 lib.
405 1555 436 1613 2.
448 1572 511 1632 cap.
528 1556 559 1614 ⁹.
573 1572 606 1615 ιι.
625 1556 656 1615 2.
675 1555 720 1613 lie
739 1554 814 1631 Syn.
834 1552 951 1615 diteces.

164 1636 276 1697 Verum
298 1638 420 1712 antiqua
436 1638 620 1693 consuetudo
642 1636 841 1712 quarumdam
864 1638 1061 1699 Ecclesiartun
1077 1680 1085 1711 ‚
1101 1646 1135 1698 ut

124 1720 254 1783 vacantis
276 1720 409 1781 Ecclesiae
431 1716 649 1779 administratio
673 1726 803 1779 transeat
823 1719 855 1778 in
878 1719 1008 1799 aliquem
1032 1723 1066 1783 in
1087 1740 1135 1783 ec·

126 1805 283 1868 clesiastict
310 1802 455 1883 dignitate
489 1803 710 1877 constitutum,
740 1801 896 1870 retinenda
928 1812 1005 1881 est,
1034 1814 1070 1867 ut
1101 1822 1136 1869 ex
1213 1824 1214 1827 ¹

126 1888 309 1953 iteratim.

166 1972 401 2055 Dispensationce
421 1971 460 2034 ab
472 1971 631 2054 apostolica
649 1970 724 2035 Scde
742 1971 779 2035 ad
795 1970 987 2053 Episcopum,
1004 1993 1058 2037 seu
1075 1975 1138 2055 ejus

127 2062 279 2122 vicarium
305 2059 474 2137 generalem
498 2060 643 2136 delegatas
655 2103 667 2135 ,
697 2067 728 2120 et
759 2069 828 2122 ante
855 2061 989 2138 Episcopi
1022 2061 1138 2122 obitum

129 2144 265 2206 nondum
297 2144 465 2204 executioni
499 2143 679 2217 mandatas,
705 2143 823 2204 Vicario
851 2144 1005 2220 capitulari
1032 2145 1138 2224 exequi
1214 2201 1216 2220 λ

126 2230 296 2299 nonlicet,
318 2228 389 2307 quia
405 2246 460 2292 nco
474 2237 520 2290 est
545 2229 726 2310 Episcopus,
749 2244 804 2290 neo
826 2227 960 2290 Vicerius
988 2231 1136 2309 Episcopi.

126 2312 203 2374 lbid.
221 2331 253 2374 n.
270 2313 300 2373 5.

166 2398 263 2458 Semel
283 2394 356 2456 veri
376 2396 517 2458 electuri
538 2397 670 2477 capitulo
689 2397 826 2458 vicarios
841 2395 994 2458 removeri
1008 2415 1071 2460 non
1086 2415 1140 2476 po·

127 2488 211 2554 test,
234 2481 292 2542 nisi
312 2482 398 2543 causi
421 2481 558 2561 agritii
579 2484 613 2548 S.
638 2486 747 2564 congr.
775 2481 821 2544 uti
844 2481 977 2545 (leonum
996 2485 1138 2547 retertur.

126 2565 203 2628 ibid.
216 2584 248 2628 n.
268 2568 299 2628 l.

166 2652 275 2713 Utrum
297 2652 431 2714 Viearius
452 2653 670 2734 capitularisea
683 2655 794 2734 possit,
816 2671 883 2731 que
906 2670 968 2716 non
994 2653 1051 2716 uisi
1073 2675 1140 2738 epe·

126 2735 192 2797 ciali
208 2737 347 2798 mandato
362 2739 493 2800 licerius
506 2739 640 2818 Episcopi
660 2733 908 2818 prestare'potcst
921 2779 932 2812 ,‚
952 2739 1095 2801 Doctores
1108 2741 1139 2803 in

127 2829 283 2900 utramque
297 2829 412 2898 partem
426 2823 590 2902 disputant.
606 2823 684 2886 lbid.

165 2901 241 2964 Cim
260 2905 393 2968 Vicarius
407 2908 584 2985 apostolicus
601 2908 691 2968 datur
710 2907 844 2970 Ecclesiae
864 2907 998 2984 vacanti,
1023 2910 1137 2972 nullam

127 2986 217 3048 hehet
238 2989 327 3049 aliam
347 2993 553 3053 auctoritatem
572 3001 788 3070 praeteream,
819 3009 909 3070 quarn
929 2992 1039 3054 vicarii
1061 2995 1139 3073 capi·

128 3071 236 3133 talares
250 3073 285 3134 ei
307 3075 459 3137 occasione
474 3075 623 3139 obtineat.
638 3077 683 3136 lie
703 3076 778 3154 Syn.
791 3073 878 3141 dioee.
892 3075 915 3135 l.
937 3076 967 3136 2.
987 3093 1014 3136 a.
1031 3077 1080 3138 to.

100 3298 102 3301 .
128 3244 320 3308 VlSlTATlO
334 3247 818 3394 DIOECESANsslffiSECTOglggROR.
835 3246 998 3310 ttottlttttt
1008 3245 1140 3320 Quoto

163 3474 323 3551 Episcopus
339 3495 399 3538 non
417 3480 594 3556 prohibetur
615 3482 737 3561 quidem
756 3483 802 3543 bos
815 3486 974 3562 quotannis
990 3485 1140 3550 diaecesim

124 3563 208 3607 suam
227 3557 368 3630 visitare,
384 3561 437 3620 sed
458 3565 578 3624 nonnisi
603 3566 722 3625 unicam
752 3570 957 3630 tantummodo
973 3587 1027 3647 per
1048 3589 1143 3631 annos
