2475 3975
168 114 206 217 id
450 152 562 215 Prosit
572 148 758 232 cortfasson'a'.
777 150 851 232 Cap.
862 150 893 212 5.

169 272 231 315 som
247 253 440 326 continuum,
454 261 506 313 aut
518 270 571 330 per
592 259 653 312 tres
673 270 788 313 menses
805 251 1007 313 discontinuos
1024 252 1102 313 iutra
1120 268 1177 311 nn·

169 354 265 411 num,
283 336 380 398 lou.
400 354 462 397 nou
480 343 639 397 excusatur
651 334 669 397 lt
681 336 764 413 gravi
785 337 871 415 eulpa
886 335 962 413 (ἱῶ.
980 338 1010 397 l.
1032 355 1065 396 n.
1078 335 1175 415 262).

169 424 199 483 6.
229 425 275 487 dn
290 422 404 485 debitas
431 421 554 499 largitus
577 421 617 481 sit
640 421 840 500 eleemosynas
864 419 976 482 habens
997 422 1177 483 beneficium

169 508 298 589 pingue,
319 524 481 586 congruam
501 506 665 569 excedens?
677 506 707 565 7.
727 507 775 567 Αιι
788 507 949 567 attenderit
967 507 1005 567 ad
1026 508 1177 567 instruen-

168 592 221 653 dos
233 594 264 654 in
280 592 414 655 doctriua
433 589 591 655 christiana
617 608 744 671 pueros,
757 599 789 651 et
804 590 927 653 rusticos
943 593 1019 652 eirca
1034 592 1176 666 mysteria

169 674 255 751 ildei,
270 686 300 739 et
322 676 419 737 media
438 675 476 737 ad
500 677 653 739 salutem?
668 674 836 739 Pressertim
855 693 894 736 an
913 676 1068 736 iustruerlt
1086 676 1177 735 rudes

169 762 245 823 circa
261 762 395 825 dolorem
414 770 601 841 peecatorum
614 761 811 823 necesarium
831 760 869 821 ad
884 760 1074 822 obtinendam
1089 760 1177 819 abso-

169 845 333 924 lutionem
351 864 468 909 necnon
492 862 600 926 pueros
629 846 707 907 eirea
735 846 977 907 communionem
1006 854 1092 907 etate
1116 846 1177 924 qud

166 928 229 1007 jam
253 931 291 992 ad
309 948 375 993 eam
389 940 459 993 sunt
480 932 602 1003 idonei,
625 929 771 993 nimicdm
791 931 942 993 ordinarie
964 931 1113 1009 loquendo
1136 932 1177 992 alr

169 1032 247 1079 anuo
262 1018 378 1079 decimo
393 1019 531 1097 usquead
543 1018 774 1091 duodecimum,
793 1018 841 1077 vel
853 1016 898 1076 'ad
913 1035 1064 1078 summum
1078 1016 1116 1075 ad
1127 1018 1180 1075 dc·

168 1102 279 1164 cimam
302 1112 442 1181 quartum
461 1102 538 1180 (tto.
552 1103 582 1162 6.
596 1121 630 1162 c.
644 1103 713 1163 tot.
725 1119 756 1163 o.
766 1099 824 1164 Sat
836 1098 910 1181 hiel?
922 1101 1079 1162 Sciendum
1092 1103 1179 1163 euim

169 1186 201 1247 S.
220 1184 360 1247 corolum
373 1189 577 1247 Borromoeum
596 1187 659 1245 suis
672 1185 808 1265 parochis
820 1186 991 1265 praecepisse
1005 1195 1038 1246 ut
1052 1186 1089 1245 ad
1098 1204 1181 1247 eom·

169 1272 344 1332 munionem
362 1268 483 1329 idoneos
500 1269 660 1331 redderent
678 1288 802 1349 pueros,
820 1271 919 1331 statim
933 1270 1012 1331 acad
1026 1270 1180 1331 decimum

170 1370 282 1415 anuum
297 1355 500 1434 pervenissent
513 1352 628 1433 (wid).
641 1356 680 1415 At
689 1354 810 1433 quidam
820 1352 939 1433 parochi
947 1362 1078 1414 renuunt
1086 1357 1181 1415 etiam

169 1439 291 1517 pueris,
309 1439 360 1517 qui
382 1438 420 1499 ad
436 1456 548 1500 aunum
571 1439 1004 1518 perveneriutduodecimum,
1021 1437 1182 1499 Eucharis-

169 1524 241 1583 tiam
267 1523 462 1596 ministrare,
484 1533 517 1585 et
532 1529 612 1584 cur?
639 1533 675 1585 ut
698 1523 922 1585 incommodum
945 1522 1087 1603 effugiant
1110 1524 1182 1584 illos

170 1607 348 1668 instruendi.
363 1608 394 1668 8.
412 1607 579 1687 interroget
594 1608 699 1670 sedulo
708 1653 718 1684 ,
735 1627 774 1669 an
796 1608 902 1682 facile,
917 1617 949 1669 et
965 1608 1005 1668 ob
1032 1606 1182 1669 humanos

169 1702 317 1771 respectus
341 1696 541 1756 attestationes
562 1696 595 1757 iu
616 1696 734 1775 scriptis
754 1695 870 1756 dederit
896 1694 1049 1757 initiandis
1075 1714 1181 1756 neees-

168 1781 275 1854 sarias‚
292 1785 327 1839 ut
345 1778 390 1839 illi
405 1780 516 1858 possint
527 1781 647 1841 ordines
660 1781 875 1858 susciperelin
890 1779 946 1841 hoc
964 1781 1045 1840 enim
1057 1790 1182 1858 oportet

169 1872 205 1925 ut
220 1863 340 1944 parochi
358 1882 419 1925 uon
432 1865 494 1925 sold
514 1867 621 1927 notitia
636 1865 771 1944 negativa
785 1866 846 1925 siut
865 1865 1019 1940 contenti,
1034 1863 1104 1926 edm
1125 1868 1181 1927 de-

168 1950 256 2012 beant
271 1948 381 2012 habere
398 1951 554 2030 positivam
568 1950 606 2012 de
619 1951 755 2032 ipsorum
774 1950 941 2031 probitate,
961 1957 993 2011 et
1010 1968 1181 2012 sacramen-

170 2046 270 2099 torum
288 2037 453 2115 frequentia
464 2059 474 2115 ς
487 2047 517 2098 et
531 2037 597 2100 idcd
617 2047 757 2099 tenentur
768 2038 984 2116 particulariter
999 2037 1036 2098 de
1051 2035 1100 2097 his
1115 2057 1183 2099 om·

168 2122 256 2184 nibus
284 2123 448 2184 certiorari.
476 2121 660 2200 Quandoque
690 2123 886 2184 inveniuntur
913 2121 1069 2184 ordinandi
1094 2125 1182 2184 nrille

168 2209 262 2288 culpis
276 2209 407 2285 onerati,
429 2209 480 2287 qui
495 2209 543 2268 vix
557 2209 646 2270 semel
664 2208 697 2267 in
712 2225 790 2268 anuo
804 2209 1044 2268 communionem
1057 2225 1182 2286 aecepe-

168 2293 231 2352 riut
242 2335 250 2364 ,
262 2292 323 2354 imd
340 2295 390 2371 qui
406 2297 496 2354 etiam
510 2301 691 2371 praeceptum
702 2290 835 2370 paschale
844 2292 1016 2364 omiserint,
1029 2301 1059 2351 et
1067 2291 1181 2356 deiude

168 2379 305 2438 audacter
320 2379 526 2440 attestationes·
534 2379 654 2456 parochi
674 2387 854 2455 praesentant
875 2378 913 2439 de
935 2397 1053 2439 morum
1068 2377 1181 2441 hones·

169 2472 246 2536 tate,
267 2473 298 2526 et
316 2471 565 2524 sacramentorum
579 2463 758 2540 frequentia.
781 2466 833 2524 lsti
853 2461 916 2541 jam
940 2473 1041 2542 postea
1056 2465 1180 2527 ordines
1219 2530 1220 2543 ἶ

166 2548 349 2627 suscipiunt,
363 2557 394 2608 ct
408 2545 577 2608 scandalum
597 2547 676 2608 ficunt
694 2549 805 2627 populo
817 2569 827 2625 ς
840 2549 920 2610 etde
937 2549 1076 2609 omuibus
1094 2551 1179 2629 ipso-
1218 2608 1219 2637 ,

167 2651 235 2694 rum
255 2633 371 2709 flagitiis
388 2631 533 2709 parochus
552 2632 690 2710 equidem
704 2635 848 2694 rationem
865 2635 926 2693 Deo
939 2633 1063 2695 reddere
1074 2635 1178 2710 debet,
1217 2678 1218 2731 p

167 2735 235 2778 nam
248 2717 381 2794 Episcopi
395 2718 426 2777 in
439 2715 496 2778 hoo
512 2717 645 2795 parochis
662 2718 808 2779 eredunt:
822 2719 874 2778 sed
892 2719 1027 2798 Episcopi
1045 2718 1180 2781 sedulio·
1216 2760 1217 2825 l

167 2821 214 2864 res
226 2803 318 2863 {idam
330 2819 390 2862 non
408 2811 548 2882 prestant
562 2803 698 2880 parochis
709 2806 742 2866 in
753 2802 809 2865 hae
827 2805 948 2866 materia
965 2813 1026 2879 tam
1037 2808 1147 2882 gravi,
1162 2808 1180 2867 d

166 2905 224 2967 qua
236 2887 314 2948 salus
328 2887 437 2966 pendet
456 2887 650 2966 populorum.

204 2975 253 3034 tt.
268 2971 399 3046 Quarto,
412 2973 437 3033 si
456 2971 568 3033 accedit
591 2974 754 3054 Episcopus
773 2975 950 3055 negligentis
965 2974 1176 3048 conscientie,

47 3103 49 3108 .
165 3058 356 3119 confessarius
378 3058 541 3138 interroget
564 3058 592 3117 l.
616 3061 663 3120 dn
687 3059 818 3122 debitam
839 3059 976 3122 adhibeat
988 3059 1178 3138 diligentiam

166 3141 285 3220 (preter
301 3143 429 3203 scientiae
443 3142 578 3222 examen)
600 3144 632 3204 iu
657 3163 688 3204 se
702 3144 889 3206 certiorando
906 3145 944 3205 de
961 3144 1087 3223 positiva
1104 3164 1177 3223 pro-

165 3226 257 3287 bitate
277 3227 532 3292 ordinandorum?
550 3238 640 3306 prout
655 3231 731 3291 sacri
743 3247 888 3303 canones,
900 3229 1130 3302 Tridentiuum,
1144 3239 1178 3291 et

165 3309 321 3389 Apostolus
353 3312 541 3391 imponunt,
575 3313 702 3375 minime
730 3313 940 3392 acquiescendo
975 3312 1177 3392 parochorum

165 3396 420 3473 attestationibus,
446 3417 513 3476 quaa
533 3399 580 3480 (ut
605 3399 747 3477 diximus)
777 3408 813 3460 ut
835 3396 1000 3480 plurimdm
1018 3407 1071 3458 aut
1094 3400 1177 3460 salsae

165 3488 235 3536 sunt
248 3521 256 3550 ,
274 3489 326 3538 aut
338 3491 489 3556 suspectae.
501 3485 530 3543 2.
542 3486 587 3544 dn
599 3484 744 3563 approbet
752 3483 789 3544 ad
800 3483 994 3545 consessiones
1007 3482 1175 3543 sacerdotes

165 3561 256 3618 satin
280 3562 412 3624 moribus
424 3571 455 3622 ct
474 3565 608 3630 doctrina
628 3573 791 3648 expertos?
806 3569 900 3631 Aliter
913 3570 956 3629 illi
976 3567 1044 3648 plus
1068 3568 1172 3629 damni
