2475 3975
135 167 194 232 50⁰
331 165 470 248 Epitome
483 163 625 228 doctriua
636 159 955 228 morcinctocuoniec

437 347 441 360 ’
552 379 759 448 culusum.

172 576 312 638 clausura
340 573 475 634 virorum
497 569 595 650 moad
616 587 723 632 corum
751 567 929 632 monasteria
948 571 1092 634 asseritur
1119 573 1156 638 in

133 661 218 722 uultt
242 656 396 742 Reputans
414 651 604 738 discipline,
632 671 670 715 ex
696 653 756 732 qud
779 663 929 715 eruuntur
952 659 1115 736 sequentia
1141 680 1151 720 c

171 749 323 830 Tanqulm
338 751 446 811 abusus
469 749 635 810 declaratur
655 747 803 826 ingressus
825 743 992 825 promiscud
1010 750 1154 814 virorum

132 857 201 899 cum
218 835 346 898 imminis
366 834 445 895 intra
470 843 574 912 septa,
600 833 650 892 rel
670 832 797 892 claustra
810 831 980 895 monasterii
1001 834 1058 895 sub
1070 855 1155 914 prns-

132 931 213 983 tcxtu
233 919 395 982 comitandi
417 921 563 982 solemnes
592 916 847 996 supplicationes,
874 936 940 996 qua
961 918 1041 980 fiunt
1067 922 1155 983 intra

133 1008 235 1068 eadem
253 1014 334 1084 septa
350 1023 418 1066 cum
431 1006 482 1068 SS.
497 1001 687 1066 Eucharistiae
697 1010 894 1078 sacramento,
909 1004 973 1065 sive
988 1019 1058 1066 cum
1072 1006 1154 1067 San·

133 1090 412 1168 etorumreliquiis,
437 1099 493 1151 ete.

172 1184 394 1248 confirmantur
415 1181 661 1257 constitutiones,
682 1189 713 1240 et
732 1179 898 1240 sanctiones
920 1199 1023 1244 omnes
1037 1183 1153 1246 Roma-

133 1287 242 1332 norum
264 1267 442 1330 Pontificum
467 1283 556 1346 super
576 1267 702 1326 claustra
727 1261 986 1328 monasteriorum.
1010 1269 1153 1348 Denique

132 1364 311 1418 revocantur
330 1369 524 1432 quecumque
536 1351 688 1413 iacultatos
701 1348 887 1428 dispensandi
900 1349 997 1429 quoad
1009 1355 1151 1418 camdem

132 1439 297 1501 clausuram
309 1437 326 1498 d
339 1454 528 1517 quocumque
548 1444 579 1498 et
602 1437 839 1515 quibuscumque
854 1453 1011 1498 concessu.

171 1534 265 1592 Suum
281 1541 378 1592 tamen
394 1531 446 1607 jus
467 1531 607 1590 asseritur
623 1531 661 1588 iis
675 1526 934 1601 concemionibus,
956 1547 1023 1609 qun
1043 1531 1081 1593 ad
1102 1532 1149 1594 sa-

132 1631 235 1677 vorem
254 1619 324 1674 sunt
341 1629 597 1691 quarumcumque
613 1612 760 1673 nobilium
773 1612 987 1688 soeminarum,
1010 1614 1047 1676 ed
1063 1617 1149 1694 quod

132 1715 236 1760 eorum
250 1696 376 1774 majores
388 1696 577 1767 fundatores,
596 1715 648 1756 seu
661 1698 789 1775 insignes
805 1696 1001 1760 benefactores
1010 1699 1151 1777 ejusdcm

132 1783 301 1843 monasterii
322 1777 496 1856 extiterint,
510 1780 590 1842 etde
611 1780 667 1842 bdc
683 1782 868 1842 concessione
890 1784 1149 1849 confirmationem

132 1865 169 1926 ub
202 1867 366 1946 Apostolicd
389 1867 464 1928 Sede
490 1866 687 1929 obtinuerint.
717 1867 800 1927 Sicut
830 1868 921 1928 etiam
946 1871 1085 1932 asseritur
1109 1872 1150 1932 iis

132 1951 285 2026 luminis,
308 1970 375 2033 quoe
400 1959 470 2016 sunt
490 1953 737 2031 consanguinea,
760 1951 913 2015 staffines
939 1971 1068 2034 eorum,
1093 1958 1149 2036 qui

131 2036 300 2099 dominium
316 2038 453 2100 obtinent
468 2037 500 2097 in
517 2037 731 2114 temporalibus
744 2035 815 2095 locis
826 2078 835 2107 ,
848 2037 900 2097 ubi
919 2037 1011 2099 situm
1023 2050 1068 2108 est
1079 2058 1149 2103 mo-
1236 2069 1237 2122 ἦ

132 2124 317 2195 nestorium,
339 2118 501 2184 dummodd
527 2130 626 2182 umen
647 2122 810 2200 Apostolica
835 2124 982 2183 concessio
1009 2126 1148 2203 expedita

126 2210 173 2269 ,sit
190 2210 221 2269 in
241 2207 336 2271 iormd
355 2208 479 2279 Brevis,
498 2207 544 2268 vel
567 2206 623 2267 sub
643 2206 784 2285 plumbo,
801 2206 908 2285 dequd
925 2226 958 2269 re
976 2209 1148 2273 authentica

132 2294 307 2353 documenta
317 2292 576 2353 enlribitasintloci
588 2293 669 2353 illius
679 2292 858 2369 ordinariis,
866 2291 1031 2355 dummodo
1041 2304 1146 2359 amen

132 2377 169 2437 iis
180 2378 364 2437 facultatibus
374 2384 496 2436 utuntur
506 2395 566 2436 non
578 2377 615 2435 ad
626 2377 808 2453 evagandum
821 2394 874 2454 per
887 2379 1077 2451 monasteria,
1090 2381 1145 2442 sed

130 2460 192 2518 sold
210 2457 327 2534 pietatis
344 2460 463 2535 gratia,
487 2476 520 2517 ac
541 2460 579 2521 de
602 2478 708 2519 eorum
730 2462 859 2522 adventu
876 2471 906 2522 et
926 2464 1058 2543 ingressu
1078 2483 1147 2526 cer-

131 2542 220 2602 tiores
235 2548 320 2602 antea
345 2540 417 2601 liunt
433 2543 621 2620 superiores,
638 2553 696 2604 cte.
865 2551 871 2559 '

170 2636 272 2712 eroad
284 2636 457 2701 monialium
471 2638 636 2698 clausuram
648 2639 802 2718 provisum
814 2650 857 2703 cst
868 2643 899 2702 in
909 2642 993 2703 uultu
1005 2639 1147 2707 solutore

131 2723 165 2785 iu
180 2718 329 2783 Catltolc'cu
340 2766 351 2797 ,
370 2722 427 2798 qud
446 2722 478 2783 in
493 2724 705 2786 constitutione
728 2724 792 2787 lraec
815 2727 1017 2788 continentur.
1067 2749 1070 2755 ·
1236 2719 1237 2730 ¹

170 2805 391 2869 Confirmantur
412 2807 636 2870 constitutiones
657 2827 760 2871 omnes
784 2810 1020 2875 antecedentium
1042 2812 1148 2875 Ponti·

131 2892 220 2955 licum
237 2888 292 2949 sub
304 2890 398 2968 poenis
415 2890 447 2950 in
465 2892 523 2951 illis
538 2894 694 2954 contentis.

171 2980 355 3037 Revocantur
370 2974 521 3037 facultates
546 2995 648 3037 omnes
673 2976 862 3056 dispensandi
881 2977 978 3055 quoed
994 2977 1076 3043 hunc
1095 2984 1146 3045 in·

130 3077 281 3138 gressum,
310 3060 486 3139 cuicumque
503 3070 533 3121 et
552 3080 606 3139 pro
621 3077 806 3139 quocumque
824 3079 967 3124 concessa
980 3108 990 3136 ,
1004 3073 1035 3125 et
1047 3076 1145 3130 trans-

130 3143 589 3221 gressorcssubjiciunturiisdcm
600 3145 974 3226 poenis,quibussubjaccnt
983 3149 1144 3215 violatores

130 3228 272 3286 clausurus
292 3228 478 3291 monialium,

168 3310 262 3367 Suum
278 3320 376 3373 tamen
385 3312 435 3388 jus
453 3312 645 3385 conceditur,
659 3315 757 3392 quoad
773 3316 1006 3397 dispensationes
1014 3320 1143 3384 Ordina-

129 3389 183 3447 riis
203 3390 355 3462 locorum,
374 3404 404 3455 ct
417 3397 482 3456 aliis
506 3397 667 3476 respective
688 3402 913 3478 superioribus,
927 3404 978 3482 qui
997 3403 1048 3481 jus
1062 3407 1142 3467 obti-

125 3470 402 3609 gcffldstgensandi
422 3478 456 3539 in
477 3482 592 3543 casibus
611 3486 799 3564 necessariis,
822 3496 854 3548 et
877 3488 1000 3549 servatis
1018 3487 1140 3569 dejure
