2475 3975
358 138 386 220 ς.
400 138 466 200 vn.
480 138 525 200 De
540 137 719 220 inputatae
730 140 871 206 dornone.
1080 146 1119 209 95

97 252 191 313 idam
205 249 293 309 sentit
317 244 558 307 Card.n⁰etrueai
578 242 600 306 l.
621 263 646 305 a.
661 264 694 305 n.
711 247 742 306 8.
765 247 816 308 ubi
836 249 879 307 sio
898 248 1023 327 inquit:
1045 250 1115 311 Non

96 331 195 399 amuel
214 338 394 413 compertum
413 329 528 410 sitisse,
550 328 631 411 quod
652 329 768 391 damon
793 330 929 413 aliquam
947 342 1061 411 partem
1081 336 1115 397 in

96 419 235 481 leoniano
249 432 367 495 corpore
376 412 494 494 eoeperit
508 413 722 492 quodammodo
732 414 879 496 pouidere
890 460 900 490 ‚
913 415 1113 495 pomerulos,

96 502 259 585 linpuam,
279 498 325 563 uel
344 498 433 560 etiarn
446 498 676 575 ueretillaHiaa
692 498 732 579 fit
751 498 888 583 linquam
900 500 1115 564 obstantissima

95 588 192 649 uerbo
210 584 363 668 proferre,
392 581 459 643 liclt
480 600 563 643 mena
592 582 668 643 talia
691 593 760 646 tuna
782 606 843 647 uon
866 586 1013 647 uolnertat.
1037 586 1116 648 Hine

94 674 253 753 impetus,
270 678 299 731 et
322 668 444 749 affectus
467 664 645 749 quandoque
660 686 690 729 ae
707 669 834 751 turpiter
852 668 1027 732 denudandi
1043 688 1116 751 pro·

93 752 233 833 ueniunt.
255 754 336 815 Hine
360 752 510 833 salioru,
538 769 605 833 quie
634 771 681 813 me
701 755 878 816 conscribere
897 756 999 836 pudet.
1021 755 1114 832 quue

94 842 170 903 satis
183 840 378 903 confirmatur
391 837 407 897 a
421 838 452 898 S.
475 837 578 897 Thone.
590 836 626 897 tle
638 835 718 899 analo
731 846 836 919 quast.
851 843 881 901 5.
896 849 955 901 art.
970 841 999 899 5.
1011 838 1062 901 ad.
1083 842 1112 900 9.

94 927 152 986 ubi
180 928 222 986 sie
246 924 331 985 (locet
353 944 360 981 τ
385 925 542 981 Daunones
563 920 661 998 secere
680 931 824 1001 panum,
844 932 880 983 ut
894 923 1026 986 nomime
1052 944 1113 985 reon

93 1011 270 1075 decurtant
297 1009 444 1090 spetiosa
472 1006 558 1067 relius
570 1051 581 1083 ‚
606 1005 640 1067 iu
671 1016 817 1086 quantum
840 1011 902 1070 Deo
930 1010 1114 1091 permittente

92 1095 277 1177 perturbant
296 1094 449 1155 interiores
474 1110 551 1153 utres
576 1089 755 1165 serisitioas,
780 1091 888 1173 quibua
909 1093 1112 1175 perturbatis,

96 1178 215 1262 lipatut·
225 1198 300 1243 ustos
312 1177 439 1240 rationis
460 1176 615 1249 lcumena,
630 1196 697 1258 quoe
717 1176 829 1259 iudipet
841 1178 990 1257 predictis
1002 1176 1115 1239 uiribus

96 1268 140 1327 aa
171 1270 260 1328 worm
279 1272 399 1340 actum,
418 1261 496 1323 sicut
516 1270 598 1343 patet
626 1261 660 1323 in
689 1262 865 1343 arreptitiis.
886 1262 991 1344 Lipato
1015 1270 1115 1323 autem

95 1368 158 1413 trau
178 1350 331 1417 rationis,
352 1344 431 1408 ttiltil
452 1346 621 1427 imputatur
643 1345 758 1407 lanuini
783 1344 1016 1426 adportatum,
1039 1349 1116 1409 sieut

94 1454 151 1497 neo
179 1434 286 1499 leatt'ae.
313 1431 394 1493 Unde
420 1430 579 1493 sensadolus
604 1430 658 1491 laoa
684 1420 821 1492 diaulus
851 1449 913 1491 uon
934 1431 992 1492 erit
1021 1450 1113 1494 eausa

92 1520 226 1601 peceati,
250 1516 369 1579 etionni
386 1520 427 1577 ait
454 1517 675 1589 remanetur,
702 1518 756 1595 qui
778 1512 856 1577 alitis
871 1524 1111 1598 easetpeeeatum.

95 1607 202 1667 Potest
220 1604 311 1682 igitur
326 1601 411 1678 juxta
435 1602 468 1661 S.
495 1600 638 1661 Thamara
658 1601 776 1661 damon
806 1619 869 1662 esso
893 1620 1009 1662 cauum
1031 1614 1113 1663 actos

95 1688 222 1765 turpis,
240 1697 271 1747 at
287 1686 377 1747 simul
399 1687 438 1745 ita
456 1686 547 1765 ligare
564 1704 652 1747 usum
679 1687 820 1761 rationis,
832 1697 868 1748 ut
885 1695 967 1747 aetus
988 1684 1112 1749 minime

1 1823 2 1834 .
95 1772 267 1851 imputetur
282 1772 396 1832 homini
411 1773 446 1833 ad
464 1774 591 1852 eulpam.

139 1860 216 1920 Huic
238 1868 339 1919 autern
360 1860 468 1937 opponi
489 1867 612 1938 possunt
630 1860 697 1920 dure
719 1860 936 1941 propositiones
956 1856 1113 1921 Michaelis

96 1942 232 2010 Melinos
251 1946 426 2026 proscripta
439 1944 475 2006 ab
486 1948 591 2008 lunae.
602 1948 663 2009 XI.
680 1948 778 2008 Prima
794 1967 825 2007 n.
842 1948 893 2009 ll.
906 1946 1042 2008 dicebat:
1056 1944 1115 2008 lolt

98 2027 334 2110 blasphemavit,
353 2039 380 2092 et
404 2037 500 2091 tannen
523 2051 584 2094 non
610 2031 738 2111 peccavit
756 2029 943 2102 latitante,
962 2030 1036 2111 quia
1052 2029 1115 2107 fuit

97 2135 136 2178 ea
152 2115 296 2176 dtentonis
308 2112 459 2177 uiolentia.
474 2118 572 2177 Altera
589 2137 622 2177 n.
636 2120 701 2189 to„
712 2137 779 2194 quae
788 2119 881 2194 magis
892 2116 1038 2173 adorsum
1051 2131 1114 2189 per·
1207 2143 1211 2148 ¹

98 2203 192 2271 tinet,
204 2201 319 2266 dicabat
334 2223 343 2259 ι
356 2199 412 2263 too
424 2220 461 2262 ea
471 2198 612 2262 uiolentia
632 2199 817 2262 deuouisse
831 2196 963 2278 propriis
976 2195 1113 2259 titanibus

96 2280 249 2365 polluebat
258 2283 355 2346 eodone
369 2293 516 2366 tempore,
534 2303 592 2365 quo
610 2282 739 2344 anundus
750 2281 875 2345 tautae
886 2279 927 2342 at
938 2284 1035 2343 Deum
1045 2299 1113 2361 pre-

99 2387 157 2431 tes.
171 2370 228 2430 Sed
241 2370 436 2448 respondetur
455 2373 484 2431 l.
498 2369 584 2430 hasce
599 2370 814 2449 propositiones
835 2387 896 2428 esse
911 2376 1045 2446 patenter
1058 2366 1112 2426 l'al·

98 2473 147 2518 sas
161 2476 169 2514 z
182 2473 251 2516 nant
265 2457 361 2534 prima
377 2457 518 2516 innititur
528 2457 619 2518 textui
634 2457 677 2515 illi
695 2457 822 2516 :Pereat
835 2452 896 2514 dies
908 2453 941 2514 in
951 2471 1012 2532 qua
1023 2460 1113 2514 natus
1193 2517 1202 2533 .

98 2559 187 2617 sutri,
202 2547 231 2600 et
243 2559 304 2602 noa
321 2541 356 2600 in
373 2560 435 2622 qua
450 2540 561 2603 dietum
575 2549 643 2602 est.-
658 2543 819 2621 Coneeptua
832 2548 875 2600 est
885 2540 981 2600 lonso.
995 2538 1062 2600 loli.
1077 2540 1106 2596 5.

99 2630 131 2690 5.
146 2629 233 2686 lluno
254 2635 368 2687 textum
390 2627 472 2688 varie
494 2630 641 2706 explicant
665 2627 842 2703 interpretes
862 2644 870 2683 ε
892 2623 999 2684 listins
1020 2624 1110 2699 dicit,

91 2710 182 2790 :quet
195 2711 252 2772 lob
264 2722 381 2788 optaret
396 2713 457 2772 illio
472 2715 584 2773 nnllam
598 2712 665 2772 lieri
677 2711 709 2771 in
728 2711 864 2770 laturum
877 2727 937 2769 suae
951 2707 1112 2766 nativitatis

92 2797 285 2858 ,mentionem
300 2807 422 2876 proptor
435 2817 517 2858 suam
542 2799 763 2858 infelicitatem:
781 2791 980 2866 Potentius,
1002 2789 1034 2851 nt
1048 2799 1109 2860 est,

97 2880 201 2958 (verba
216 2880 300 2958 Estii)
310 2899 378 2942 suite
394 2877 633 2960 infelicissimus,
649 2883 748 2961 itaque
757 2886 860 2960 pereat
873 2877 1015 2962 dies,neo
1024 2877 1112 2935 anni·

96 2963 233 3027 tersoria
256 2963 410 3026 recolatur.
425 2967 482 3026 Alii
506 2976 690 3027 autemeam
713 2965 816 3027 Tirino
832 2963 936 3040 ajunt,
955 2959 1035 3037 quod
1056 2961 1111 3021 lob

97 3049 319 3126 inculpabiliter
336 3052 483 3110 naturales
504 3052 692 3112 malediceret
715 3067 862 3110 aerumnas
883 3056 1021 3122 tanquan}
1043 3063 1111 3105 suo·

97 3152 168 3197 rum
185 3135 369 3194 cruciatuum
386 3155 495 3196 causas.
511 3137 589 3210 Quid
610 3139 702 3217 igitur
726 3136 765 3196 ad
783 3133 846 3194 haee
870 3132 1021 3210 pertinent
1034 3132 1112 3193 blas·

98 3221 238 3303 phemio,
254 3231 285 3280 et
305 3223 445 3282 violantia
463 3223 630 3284 daemonis?
644 3220 791 3284 Caeterirm
806 3236 867 3278 non
890 3229 1051 3296 repugnat,
1069 3221 1111 3280 ait

100 3305 192 3370 tort.
203 3308 374 3370 Petruceins
397 3306 457 3370 loco
475 3327 543 3390 sup.
559 3310 623 3380 eit,
644 3307 726 3386 quitd
746 3307 862 3364 daemon
875 3306 965 3384 possit
978 3306 1110 3383 linguam

96 3389 230 3452 hominis
251 3393 372 3453 movo‘re
391 3393 427 3453 ad
457 3396 555 3473 turpia
576 3393 666 3453 verba
686 3389 869 3470 proferenda.
893 3389 1051 3465 Relortque
1070 3393 1110 3450 P.

97 3478 235 3536 loannes
252 3476 394 3556 Baptista
413 3475 586 3538 Scararnelli
609 3476 742 3554 (invit.
765 3477 841 3534 Van.
863 3473 978 3530 sororis
1001 3473 1111 3533 Mariae

103 3558 284 3642 crucifixor)
314 3560 393 3642 qttod
419 3563 567 3626 daemones
593 3563 688 3642 ipsam
709 3561 746 3623 ad
777 3553 1042 3638 blasphemandum
1063 3575 1112 3615 ao·
