2475 3975
345 171 396 232 Ec
408 166 542 251 operabam
553 163 707 228 Benedicti
715 166 805 231 xttt
1018 169 1073 230 99!

112 269 284 350 Cuiusmodi
300 280 370 331 sunt
392 271 485 331 etiam
503 269 614 330 detenti
631 268 741 347 injuste
758 267 791 328 in
811 267 975 330 carceribus
989 311 997 338 ,
1011 287 1078 345 quan

75 357 216 434 injustitie
233 364 303 415 tunc
313 353 471 433 judicanda
486 363 575 417 estex
592 354 737 414 sententis
748 355 778 412 In
788 352 852 429 ejus
869 352 1077 422 iavorcmiatd,

76 459 142 518 qum
153 441 185 500 in
195 439 360 517 judicatum
375 439 548 516 transierim
568 456 637 499 nam
653 439 678 498 si
702 436 874 516 interposita
890 437 929 496 sit
951 435 1081 514 appelta-

73 525 135 596 tio,
150 526 245 585 exitus
259 523 323 602 ejus
335 524 538 606 appellationis
555 522 753 604 expectandus
766 532 829 602 est;
844 539 915 602 qum
932 520 1032 582 omnia
1044 535 1081 579 ex

73 607 197 669 demotis
205 605 234 668 S.
249 611 282 669 C.
299 607 374 668 lbid.
394 625 479 668 num.
494 607 543 668 52.

112 695 263 754 Sententia
283 693 314 752 in
334 693 464 754 furorem
477 694 520 752 rei
539 691 589 752 iiia
605 691 716 752 dicitur
730 690 798 764 hic,
819 691 878 771 qud
897 708 967 752 reus
982 698 1017 750 ut
1035 688 1082 750 in·

75 795 185 838 nocens
211 776 374 836 absolvitur
398 793 451 856 per
474 778 653 837 sententiam
674 777 880 849 definitivam,
896 777 973 836 sicut
993 775 1083 835 ctiam

72 863 133 940 qud
147 879 185 921 eu
198 859 340 922 beetends
355 859 484 923 deductis
495 862 662 920 declaratur
674 861 835 936 innocens3
852 878 885 919 aa
896 860 1016 920 tandem
1026 875 1084 929 eu,

73 943 132 1022 qud
144 945 307 1006 absolvitur
317 963 384 1004 cum
395 947 523 1006 eiausuli
537 961 597 1006 ιιοιι
608 942 786 1005 molestetur.
799 946 866 1006 Non
879 944 948 1004 verb
960 963 994 1003 ca
1007 989 1014 1015 ‚
1025 942 1085 1020 qud

73 1030 238 1090 ntusoivitur
258 1044 327 1092 cum
340 1047 398 1112 peu
419 1030 505 1092 setta.
521 1031 588 1092 iIaec
609 1030 709 1092 omnia
726 1047 762 1090 cx
776 1029 901 1093 decretis
916 1030 946 1090 S.
958 1031 991 1090 c.
1006 1026 1082 1087 Ibid.

74 1132 164 1177 ιιιιιιι.
179 1117 228 1178 55.

113 1201 157 1258 Ex
173 1199 303 1260 evidenti
319 1200 455 1261 Ecclesiae
480 1199 610 1262 utilitate
631 1198 785 1260 absentem
804 1199 842 1260 ad
863 1196 1086 1259 distributiones
1139 1198 1144 1210 '

72 1284 207 1346 admittit
218 1283 357 1364 scissae.
373 1287 463 1346 VIII.
474 1286 506 1346 in
522 1305 587 1364 cup.
603 1287 684 1346 unio.
703 1285 737 1346 de
747 1282 842 1346 cleric.
864 1305 925 1346 non
937 1283 1027 1345 resid.
1050 1282 1085 1342 ta

72 1361 176 1430 Sento.
195 1371 291 1442 Quare
306 1369 438 1429 absensd
452 1369 542 1431 choro
560 1371 646 1429 causti
659 1372 846 1447 negotIorum
861 1370 994 1444 Ecclesiae
1009 1386 1086 1438 suae,

71 1455 123 1513 rel
143 1454 263 1532 capituli
274 1497 283 1530 ,
293 1453 516 1518 distributiones
529 1455 673 1536 percipit,
685 1465 718 1517 ut
729 1453 805 1536 saepi
815 1455 968 1538 censuitS.
978 1455 1087 1532 Congr.

71 1538 154 1608 tbtd.
168 1557 199 1600 ιι.
213 1541 243 1604 8.

114 1625 220 1703 Itaque
242 1625 399 1688 canonieus
420 1623 609 1704 theologus,
635 1626 695 1706 qud
718 1625 768 1688 dic
788 1627 881 1707 legit,
906 1633 1003 1706 potest
1026 1639 1089 1686 non

72 1710 191 1770 amissis
211 1709 471 1772 distributionibus
490 1709 507 1770 5
529 1712 621 1771 choro
638 1713 758 1786 abesse,
773 1713 830 1774 etsi
842 1730 947 1775 vacare
963 1712 1008 1772 illi
1024 1727 1089 1792 pos·

71 1803 141 1866 eet,
165 1801 201 1856 ut
221 1795 423 1858 emsuit'saer.
442 1795 550 1872 congr.
566 1795 610 1854 Ib.
628 1813 660 1856 ιι.
679 1797 728 1855 55.
765 1804 768 1807 ’

116 1880 193 1940 Hinc
210 1881 300 1943 etiam
318 1879 475 1938 canonicus
498 1879 754 1956 poenitentiarius,
773 1879 821 1939 vei
839 1878 913 1939 alius
933 1879 1091 1940 canonicus

74 1964 118 2026 ab
132 1965 277 2043 Episcopo
297 1959 457 2043 deputatus
475 1963 507 2023 in
522 1979 592 2025 eum
612 1963 733 2037 locum,
753 1962 827 2049 dum
846 1973 912 2024 actu
931 1963 1014 2025 audit
1027 1979 1092 2024 eon·

71 2051 238 2123 sessiones,
255 2048 322 2111 tutb
335 2049 417 2109 abest
437 2047 579 2119 debaro,
603 2059 634 2111 et
654 2050 879 2111 distributiones
900 2049 1034 2121 obtinet,
1058 2056 1093 2108 ut

72 2136 193 2214 pluries
211 2134 325 2195 consuit
344 2134 375 2193 S.
391 2134 424 2195 C.
446 2134 491 2193 Ib.
510 2152 543 2193 ιι.
562 2136 611 2194 55.
624 2136 655 2195 Si
671 2134 744 2195 verb
766 2135 843 2194 absit
861 2134 935 2195 dum
951 2140 1017 2195 actu
1030 2149 1092 2193 nou

71 2219 165 2280 audit
187 2218 403 2290 contessiones,
428 2215 652 2281 distributiones
676 2216 802 2281 minime
827 2218 974 2299 percipit,
999 2226 1034 2285 ut
1055 2235 1093 2278 ox

72 2304 146 2365 aliis
163 2302 244 2365 decr.
259 2302 290 2361 S.
304 2303 338 2361 C.
355 2302 399 2363 Ib.
794 2301 798 2308 '

115 2390 263 2449 Lucratur
281 2387 372 2448 etiam
394 2386 507 2449 fruetus
529 2386 716 2468 prebende,
736 2406 797 2450 non
816 2388 889 2453 verb
907 2388 1092 2451 distributio·

73 2492 170 2546 nem,
189 2473 242 2534 etsi
261 2474 365 2534 absens
385 2472 459 2546 ilie,
483 2476 534 2551 qui
557 2472 646 2535 babet
665 2476 848 2537 eanonicatni
862 2494 915 2536 suo
929 2493 1091 2547 annmam,

75 2557 134 2619 sed
161 2565 243 2617 extra
268 2558 438 2631 civitatem,
466 2574 567 2618 curam
598 2561 792 2637 ammarum
816 2569 936 2620 tenetur
957 2560 1037 2618 enim
1060 2560 1094 2619 in

76 2642 211 2723 paroecid
228 2642 357 2703 residere
378 2659 432 2721 pro
445 2660 480 2702 eo
495 2652 647 2722 tempore,
664 2662 724 2722 quo
743 2646 775 2705 in
796 2642 955 2722 parochiali
969 2641 1094 2702 Ecotesit

75 2730 213 2803 residet,
233 2739 263 2791 ot
279 2738 461 2791 sacramenta
480 2730 677 2792 administrat.
698 2732 741 2791 Ita
759 2750 795 2793 ex
811 2734 902 2793 Cone.
916 2731 1000 2792 Trid.
1022 2746 1092 2791 sess.

75 2818 133 2879 22.
150 2830 213 2891 cap.
231 2816 261 2873 5.
276 2812 311 2875 de
328 2812 450 2893 reform.
473 2814 572 2875 addita
588 2816 673 2877 fluite
688 2818 738 2878 65.
757 2816 860 2879 Sancti
868 2814 924 2880 Pt't'
940 2815 975 2880 V.

120 2900 179 2971 Qui
201 2896 272 2960 rerd
293 2898 383 2961 babet
401 2916 502 2960 curam
520 2901 687 2962 animarum
710 2903 742 2963 in
762 2902 797 2963 ed
813 2902 960 2973 Iicaiesid,
982 2901 1014 2959 in
1036 2900 1094 2977 qud

77 2992 129 3045 cst
145 2984 318 3056 canonieus,
332 2983 357 3043 si
373 2991 437 3043 toto
454 3002 489 3045 eo
504 2994 639 3064 tempore
659 2995 819 3066 occupator
830 2994 898 3046 amu
910 2986 941 3043 in
954 2986 1099 3047 exercitio‘

77 3084 210 3138 eorum,
234 3084 301 3143 quaa
322 3074 453 3145 spectant
478 3069 514 3129 nd
538 3088 640 3131 curum
661 3073 849 3144 animarum,
872 3069 1095 3133 distributiones

78 3151 272 3233 quotidianus
288 3150 412 3226 obtinet.
431 3153 507 3213 ibid.
524 3173 555 3214 n.
570 3156 619 3217 55.
964 3181 968 3185 ·

124 3236 180 3296 uas
199 3243 243 3295 est
263 3236 404 3315 Episcopo
426 3240 553 3300 servitiis
574 3241 636 3301 suis
656 3240 818 3320 adiungere
838 3240 942 3302 saitem
963 3242 1097 3320 geminos

77 3319 242 3393 canonicos
259 3318 449 3395 cathedralis,
463 3339 514 3383 seu
529 3325 617 3385 etiam
630 3327 848 3405 collegiatarum
861 3345 871 3403 3
888 3333 1017 3387 attamen
1035 3344 1112 3387 non.

77 3410 186 3489 potest
197 3402 319 3480 seligere
328 3408 519 3480 canonicum,
533 3426 583 3468 seu
595 3408 786 3488 dignitatem,
801 3427 897 3488 neque
910 3412 999 3470 ctiam
1012 3406 1098 3467 coad-

77 3494 230 3573 jutorem.
248 3490 306 3550 IIos
321 3488 393 3551 verb
405 3491 514 3552 lucrari
527 3492 641 3553 tructus
652 3492 818 3571 praebendae
828 3539 835 3563 ,
847 3514 908 3553 non
919 3492 989 3551 verb
999 3490 1098 3549 distri·

81 3574 228 3653 butioues
247 3580 370 3635 constet.
383 3576 426 3635 lta
442 3577 628 3657 expluribus
645 3577 726 3639 decr.
744 3578 774 3637 S.
792 3579 824 3639 G.
837 3578 881 3637 th.
894 3594 926 3635 n.
940 3574 977 3633 57
983 3616 994 3650 ,
1010 3573 1059 3633 58.
