2475 3975
164 221 204 279 90
443 210 557 276 Prosit
567 211 752 295 corrsaaarit.
768 219 841 301 Cup.
860 222 889 280 l.

163 326 257 401 praet.
271 334 304 399 p.
317 314 378 397 53.)
390 312 540 387 dixerint,
555 332 616 375 non
637 325 681 377 est
697 316 911 395 dubitandum,
926 322 1000 401 quin
1015 324 1040 385 si
1056 325 1184 387 confes·

163 405 257 466 sarius
272 402 442 483 cognoverit
461 401 656 479 paenitentem
674 420 735 463 non
753 412 825 466 satis
840 407 998 487 diligenter
1019 410 1184 471 conscien-

163 490 235 551 tiam
257 508 340 551 suam
356 488 538 559 discussisse,
551 496 686 547 teneatur
698 489 761 568 ipsc
779 510 847 553 cunr
870 493 1183 577 interrogare,¹prids

162 576 200 637 de
220 576 342 655 peccetis
362 575 394 634 in
416 590 482 650 qnae
493 571 703 635 verosimiliter
721 576 850 637 incidere
869 587 1003 657 poterat,
1017 571 1047 641 et
1069 591 1181 658 postea

164 662 201 721 de
229 678 333 721 corum
355 658 471 735 specie,
493 664 523 716 et
550 674 696 728 numero,
721 670 755 720 ut
782 662 927 739 probatur
950 682 985 723 ex
1010 683 1036 725 c.
1064 665 1181 727 Omm’s

163 744 317 824 utriusque
329 743 417 804 aeaeis
429 787 436 813 ,
449 741 759 805 dal’oeait.etcc1iit.
772 747 854 807 Rom.
865 745 953 827 (Vide
963 745 986 807 l.
998 751 1029 809 6.
1040 767 1075 808 n.
1087 750 1179 827 607.)

200 832 249 892 ⁶20.
270 833 307 889 Et
326 825 373 889 hic
391 828 483 887 marita
500 827 759 889 animadvertenda
781 825 851 892 sunt
871 852 880 890 ε
903 834 928 892 1.
948 832 1105 912 perperim
1122 852 1180 894 cos

162 933 268 993 agore,
291 914 343 991 qui
362 912 453 971 rudes·
473 912 647 983 dimittunt,
675 923 710 973 ut
728 914 834 976 melitis
852 933 884 977 ae
903 919 1084 979 examinent.
1110 920 1181 979 Hoc

162 1002 201 1061 P.
216 1000 336 1079 Sequere·
349 995 491 1075 (Corasess.
506 996 582 1057 itast.
597 1016 623 1057 c.
634 997 677 1075 ἢ.)
688 1010 771 1060 vocat
784 1018 914 1061 errorem
931 1002 1179 1077 intolerabilem,

163 1093 192 1146 ct
207 1084 276 1161 jure
291 1084 421 1163 optimo:
436 1083 504 1159 quia
521 1080 687 1158 hujusmodi
699 1083 845 1163 homines,
859 1084 1004 1164 quantdm
1015 1086 1177 1158 laborent,

163 1167 320 1231 difficulter
342 1186 374 1227 se
395 1165 626 1239 examinabunt,
643 1178 677 1227 ut
694 1187 748 1246 par
766 1178 832 1243 cst,
852 1180 881 1230 et
903 1171 943 1230 ita
960 1169 1080 1244 exacte,
1094 1172 1180 1232 sicut

163 1262 258 1334 potest
281 1255 342 1332 ipse
364 1250 554 1312 confessarius
574 1268 624 1311 eos
648 1254 831 1315 examinare:
847 1262 877 1315 et
893 1254 994 1316 contri
1008 1299 1016 1327 ,
1030 1253 1101 1316 edm
1127 1256 1178 1316 di·

163 1339 244 1399 missi
264 1346 348 1409 sunt,
372 1336 538 1415 periculum
560 1337 618 1396 erit
632 1381 641 1407 ,
654 1346 688 1398 ut
705 1341 836 1401 exterriti
858 1340 1030 1399 difficultate
1051 1358 1084 1400 se
1104 1360 1179 1404 exa·

164 1423 296 1485 minandi
309 1468 317 1496 ,
330 1422 346 1483 d
362 1420 528 1483 confitendo
538 1420 729 1483 retrahantur
741 1469 749 1496 ,
760 1435 790 1485 et
800 1425 830 1484 in
842 1426 966 1503 peccatis
976 1424 1179 1488 obdurescant

162 1508 245 1590 (ibid.
259 1528 289 1569 o.
301 1506 358 1569 Sed
369 1504 453 1583 doec.)
462 1529 474 1581 ,·
484 1524 541 1583 qua
551 1506 588 1566 dc
600 1526 634 1566 re
646 1510 836 1569 confessarius
849 1509 936 1569 debet
948 1510 1058 1588 ipsoex
1072 1508 1179 1588 hujus·

163 1595 243 1655 modi
256 1593 468 1673 poenitentibus
481 1602 597 1668 peccata
610 1593 780 1672 exquirere,
793 1612 840 1654 eos
849 1590 1059 1672 interrogando
1072 1614 1180 1657 secun·

163 1677 235 1740 ddm
246 1678 381 1739 ordinem
393 1686 605 1753 praeceptorum
618 1719 626 1747 ,
642 1676 787 1755 praecipue
796 1679 821 1737 si
833 1686 903 1737 sunt
914 1678 1016 1737 lamuli
1024 1723 1032 1749 ,
1042 1680 1175 1758 aurigae,

163 1764 308 1825 muliones
319 1806 327 1834 ,
340 1762 470 1833 milites,
486 1761 644 1830 satellites,
656 1779 819 1840 caupones,
833 1771 863 1822 et
872 1762 921 1821 alii
936 1760 1024 1838 hujus
1034 1766 1175 1841 generis,

163 1848 214 1924 qui
230 1848 321 1908 vitam
340 1848 435 1907 solent
448 1846 555 1906 ducere
568 1855 685 1905 aetcrnae
699 1846 800 1905 salutis
816 1846 1012 1925 negligentes,
1026 1856 1055 1905 et
1068 1866 1176 1909 rerum

163 1933 332 1995 divinarum
353 1934 539 2012 ignorantes,
554 1932 658 2011 procul
674 1929 690 1991 d
710 1930 918 2003 concionibus,
932 1939 963 1991 et
975 1931 1125 1992 Ecclesiis.
1138 1935 1177 1994 Et

162 2017 219 2079 boc
239 2017 322 2096 pejor
346 2037 430 2079 error
453 2026 547 2096 osset,
571 2019 595 2076 si
617 2018 656 2076 ob
675 2019 820 2077 delectum
842 2018 985 2076 examinis
1005 2015 1176 2078 dimitteret

162 2109 292 2186 aliquem
312 2105 437 2178 rudem,
452 2104 504 2182 qui
525 2101 609 2162 antei
627 2111 749 2180 propter
768 2103 908 2162 ruborem
925 2101 1044 2178 aliquod
1068 2119 1176 2180 pecca·

162 2205 227 2257 tum
249 2191 421 2266 reticuerit,
439 2189 572 2268 quamvis
594 2188 761 2265 repetendae
777 2195 872 2246 essent
884 2187 1078 2246 consessiones
1090 2187 1174 2246 mul·

162 2290 260 2342 torum
281 2295 446 2350 annorum,
461 2284 582 2352 propter
593 2275 688 2350 majus
698 2272 862 2350 perieulum
876 2270 954 2348 quod
970 2279 1039 2329 tune
1050 2270 1172 2345 subest,

162 2381 270 2441 nempe
289 2359 369 2439 qubd
388 2360 412 2418 si
429 2377 489 2418 non
509 2359 630 2429 redeat,
646 2357 754 2434 peribit
771 2353 914 2434 (Ibidem).
928 2355 1069 2414 Advertat
1090 2355 1174 2418 nibi-

161 2445 291 2511 lominds
307 2443 498 2504 confessarius
511 2460 541 2501 sc
555 2460 614 2501 non
635 2441 728 2508 teneri
750 2449 811 2500 tam
832 2435 946 2517 minuti
967 2437 1020 2499 bos
1040 2440 1173 2503 interro·

161 2551 230 2614 gare
243 2553 251 2606 3
263 2532 427 2606 interroget
444 2526 558 2586 tautdm
572 2525 609 2586 dc
622 2528 764 2604 pcccatis,
780 2526 811 2585 in
824 2542 889 2602 quae
900 2523 1024 2582 faciliter
1037 2523 1172 2589 incidere

163 2623 305 2699 possunt,
319 2613 445 2692 'spectati
464 2631 568 2674 corum
590 2611 759 2672 conditione
779 2621 807 2670 et
826 2609 983 2688 capacitate
995 2628 1004 2683 ;
1016 2607 1079 2668 imb
1100 2608 1169 2677 erim

161 2703 325 2782 poenitens,
341 2697 408 2759 licdt
418 2699 499 2758 rudis
513 2741 521 2770 ,
534 2698 669 2758 videatur
680 2695 858 2756 sufficienter
867 2710 928 2753 esse
941 2694 1125 2766 instructus,
1140 2706 1166 2755 et

161 2790 286 2866 diligens
305 2785 337 2845 in
355 2783 521 2844 confitendo
535 2793 650 2862 peccata
668 2800 736 2841 cum
756 2781 816 2840 suis
829 2777 1075 2849 circumstantiis,
1083 2777 1169 2854 juxta

160 2884 270 2936 statum
284 2887 371 2930 suum
390 2879 419 2930 et
439 2871 627 2948 capacitatem
640 2868 708 2946 (alio
726 2866 806 2925 enirn
820 2866 908 2929 modo
932 2872 1049 2924 tenetur
1060 2884 1092 2924 se
1105 2859 1170 2928 exa·

161 2961 274 3020 minare
295 2955 417 3024 doctae,
431 2963 461 3014 ct
479 2955 535 3014 alio
560 2953 675 3028 rudis),
692 2960 763 3010 tuno
781 2949 972 3011 confessarius
990 2947 1064 3008 nihil
1087 2951 1165 3012 aliud

161 3029 278 3106 tenetur
306 3042 488 3118 interrogare
509 3037 654 3118 (Ibidem).
675 3040 713 3097 ll.
735 3037 920 3109 Notandum,
938 3034 1044 3094 melius
1058 3052 1120 3096 csse
1144 3044 1166 3100 si

160 3127 351 3190 confessarius
370 3127 520 3206 sigillatim
536 3125 683 3184 oxarninct
701 3130 817 3202 peecata
840 3121 940 3182 statim
957 3139 990 3179 ac
1003 3138 1035 3179 ea
1047 3125 1168 3199 exponit

151 3213 322 3294 ‚pmnitens,
342 3211 431 3289 qudm
453 3221 486 3272 ut
509 3209 627 3269 differat
648 3227 771 3269 examen
788 3226 881 3286 usque
900 3205 938 3265 ad
964 3205 1079 3282 fiuem3
1096 3209 1168 3284 quia

154 3307 209 3364 ¹aut
220 3297 344 3356 sarciliter
361 3297 552 3356 confessarius
565 3294 749 3354 obliviscitur
765 3312 870 3352 eorum
884 3309 952 3370 quae
966 3291 1080 3351 audivit
1094 3335 1102 3363 ,
1116 3302 1168 3352 aut

159 3380 331 3461 obligandus
347 3390 421 3441 esset
434 3383 579 3459 poenitens
593 3398 661 3440 cum
678 3398 731 3439 suo
749 3380 831 3456 gravi
850 3395 941 3438 onere
953 3375 991 3435 ad
1008 3377 1168 3454 repetenda

159 3469 287 3529 consessa
303 3464 415 3545 (itta).
429 3467 482 3526 ΙΙΙ.
500 3469 605 3526 Errare
617 3483 667 3524 eos
685 3463 893 3532 confessarios,
913 3461 964 3538 qui
977 3461 1082 3520 volunt
1104 3480 1167 3522 cer·

159 3559 224 3609 tum
240 3549 386 3626 judicium
404 3551 498 3610 iacere
515 3552 553 3610 de
573 3550 684 3629 peccati
704 3549 863 3628 qualitate,
875 3566 914 3608 an
933 3547 972 3606 sit
991 3563 1102 3622 grave,
1119 3549 1165 3608 vel

159 3633 243 3705 leve,
263 3632 445 3710 exquirendo
458 3633 474 3694 d
486 3637 609 3696 rudibus
619 3636 683 3695 istis
702 3638 726 3695 si
742 3653 796 3715 pro
815 3634 933 3696 mortali
947 3629 1114 3710 habebant,
1128 3653 1164 3694 an
