2475 3975
149 188 212 254 599
337 183 628 269 Epitomedoctn‘aoe
639 177 763 249 morolio
779 178 968 242 etcoaom'cc

147 286 320 368 culpabilis,
338 288 452 350 etiamsi
464 287 495 348 id
515 285 673 346 obtentum
684 285 724 344 sit
741 282 846 344 mediis
859 282 970 342 illicitis
979 323 993 354 ,.
1004 281 1090 343 taleis
1101 291 1159 342 tes·

147 374 313 446 tibus‚etc.
327 371 425 434 adhuc
442 378 577 432 consetur
596 368 844 448 impedimentum
856 366 1007 431 oecultum
1018 366 1059 426 ad
1077 364 1159 426 huno

148 457 296 520 ellectum.
309 457 386 520 lbid.
398 475 429 516 n.
440 456 490 517 tu.

186 543 341 621 Expressio
353 558 505 602 causarum
519 583 528 610 ,
544 555 708 618 earumque
729 537 892 598 verificatio
914 533 953 594 ad
974 533 1161 598 validitatem

148 625 378 706 dispensationis
390 624 531 704 pertinet.
544 623 630 684 bulla
647 621 696 686 Ad
707 618 872 702 apostolico
883 616 1046 684 seruitutis.

424 792 617 856 nocratttt
633 791 874 855 cufflstttttt.

186 965 221 1026 ln
235 963 372 1026 Ecclesiis
391 961 542 1024 ruralibus
562 961 652 1042 longb
668 961 779 1023 dissitis
791 959 807 1021 b
821 959 983 1040 parochiali
996 961 1163 1026 decernunt

148 1047 304 1127 Episcopi,
322 1057 357 1110 ut
370 1047 535 1110 sacerdotes
549 1046 591 1108 ibi
604 1047 695 1108 sacris
710 1055 865 1123 operantes
880 1047 1025 1124 populum
1047 1048 1162 1109 doctri·
1231 1072 1232 1121 ῃ

147 1152 216 1194 nam
231 1132 420 1196 christianam
438 1132 574 1194 doceant.
589 1132 741 1210 lincycllca
752 1132 822 1192 Etsi
840 1130 1095 1194 minimc.caveat
1116 1144 1161 1194 ta-
1231 1132 1232 1175 t

147 1237 220 1280 rnen
237 1218 384 1298 parochus
409 1235 449 1278 ne
468 1214 597 1278 nimidm
619 1216 732 1278 tribuat
751 1215 854 1277 alione
877 1233 998 1294 opere,
1017 1218 1072 1278 sed
1091 1217 1161 1280 cam

148 1305 235 1382 pucri
250 1303 288 1366 ad
300 1311 516 1371 sacramentum
535 1299 728 1363 Eucharistiae
743 1308 773 1362 ot
791 1299 1034 1362 Confirmationis
1049 1304 1161 1367 admit-

147 1387 229 1448 tendi
240 1397 310 1452 eunt
323 1431 332 1462 ,
347 1387 416 1452 oiim
428 1387 528 1466 sponsi
546 1385 863 1466 conjugiojuugendi,
879 1403 976 1466 perse
988 1387 1056 1448 illos
1065 1399 1161 1456 mutet

148 1471 221 1550 quid
237 1473 408 1538 didicerint.
424 1473 503 1536 lbid.
517 1491 550 1534 n.
564 1474 612 1536 li.

185 1560 252 1618 Non
267 1567 312 1618 ost
327 1556 497 1619 tolerandus
510 1577 574 1620 mos
591 1560 623 1618 in
639 1556 791 1618 nonnullis
806 1555 979 1618 dioeccsibus
998 1557 1158 1638 obtinens,

147 1649 182 1701 ut
193 1641 277 1716 pueri
294 1643 383 1702 unius
399 1645 534 1718 parmcloe
554 1643 586 1702 iu
604 1641 803 1719 alihparoeoid
819 1642 980 1705 doceantur
992 1642 1160 1706 doctrinam

147 1725 356 1798 christianam,
376 1727 630 1804 quemadmodum
642 1727 795 1804 rescripsit
814 1728 846 1786 S.
861 1729 893 1787 C.
913 1727 1002 1787 (lonc.
1019 1728 1059 1788 ad
1070 1731 1159 1791 cord.
1231 1732 1232 1789 ἶ

147 1808 370 1874 [mammem
381 1809 432 1876 dic
450 1814 468 1872 9
482 1814 558 1891 bug.
577 1813 664 1874 1739.
678 1813 752 1875 lust.
772 1811 851 1872 llccl.
865 1813 895 1871 9.
915 1828 948 1872 u.
962 1814 1019 1890 103
1032 1813 1085 1876 scd
1099 1815 1161 1875 siu-
1231 1810 1232 1857 ἕ

146 1894 208 1972 guli
228 1895 348 1973 parochi
365 1897 486 1962 crudire
506 1915 574 1960 suos
596 1897 728 1973 debent,
748 1896 797 1956 vel
816 1895 921 1956 saltem
941 1913 1065 1971 curare,
1077 1907 1114 1958 ut
1127 1900 1161 1962 in
1231 1912 1232 1977 j

147 1980 274 2059 paroecid
288 1982 481 2055 erudiantur,
496 2002 556 2045 non
572 1989 672 2043 tomen
687 1978 925 2060 reprehendendi
938 1991 1010 2049 sunt
1026 1982 1089 2057 illi,
1107 1986 1159 2064 qui

147 2064 181 2125 iu
191 2066 326 2129 Ecclesiis
345 2070 424 2141 suis,
439 2066 508 2132 tictt
521 2086 581 2133 aon
599 2067 661 2127 sint
681 2064 819 2147 parochis
829 2065 992 2143 subjectae,
1008 2067 1112 2131 fideles
1124 2070 1160 2133 ed
1231 2137 1232 2144 χ

148 2150 330 2219 confluentes
349 2153 475 2228 docent,
503 2152 667 2215 dummodb
690 2150 849 2215 exhibeant
872 2150 1011 2232 parochis
1036 2156 1159 2220 nomina
1231 2221 1232 2228 ,

148 2250 272 2311 eorum,
292 2239 343 2317 qui
356 2258 404 2301 eas
416 2240 615 2323 frequentant.
624 2235 701 2297 lbid.
712 2254 745 2297 n.
758 2238 808 2297 15.
1231 2243 1233 2306 Ῑ

186 2320 418 2404 ludimagistri,
441 2333 503 2385 tam
532 2323 670 2385 conducti
691 2320 709 2382 h
733 2322 964 2395 communitate,
985 2322 1077 2403 qtrhm
1098 2342 1161 2387 nou
1231 2347 1232 2354 ¹

147 2404 306 2478 conducti,
326 2416 386 2467 tam
414 2407 533 2481 clerici,
552 2404 642 2485 quim
659 2406 726 2468 laici
740 2405 887 2485 ¹hortandi
911 2416 982 2469 suut
1000 2406 1106 2487 priris,
1126 2416 1161 2471 ut

147 2485 272 2547 doceant
294 2507 363 2551 suos
386 2488 577 2553 christianam
600 2491 790 2561 doctrinam,
810 2501 873 2550 tum
895 2494 984 2553 etiam
1009 2486 1160 2572 cogendi,

147 2585 183 2629 ex
196 2572 233 2631 D.
246 2573 277 2633 S.
288 2576 321 2643 C.
335 2576 368 2639 G.
380 2576 417 2637 ad
430 2574 566 2657 Archiep.
581 2574 692 2653 Spalat.
701 2574 750 2635 die
759 2575 796 2635 17
809 2574 965 2639 1111668.
976 2576 1053 2637 ibid.
1065 2598 1097 2639 n.
1109 2580 1159 2640 tt.

187 2656 360 2725 Doctrinam
380 2658 569 2722 christianam
585 2678 646 2722 nou
668 2677 771 2721 omnes
789 2659 863 2720 scire
876 2663 1030 2737 acqualiter
1042 2681 1161 2725 neccsse
1231 2657 1232 2662 ’

149 2750 216 2820 ost,
234 2744 321 2821 plura
338 2748 418 2807 caim
435 2748 509 2809 scitu
523 2757 594 2811 sunt
606 2746 767 2809 necessaria
778 2747 995 2820 ecclesiasticis,
1009 2747 1100 2825 quhm
1110 2749 1161 2809 lai-

149 2832 213 2905 cis,
232 2830 319 2908 plura
337 2830 468 2908 adultis,
484 2832 574 2910 quarn
587 2834 689 2911 pneris
702 2841 731 2892 et
749 2833 876 2911 puellis3
890 2833 976 2912 plura
991 2833 1161 2898 valentibus

147 2914 288 2995 ingeniti,
305 2914 396 2993 quiam
413 2916 579 2979 hebetibus.
593 2918 670 2980 lust.
681 2918 759 2981 Eccl.
770 2919 821 2978 79.
839 2936 871 2983 n.
885 2921 934 2980 19.

186 2999 217 3060 Si
232 3001 298 3078 quis
311 3019 371 3063 uon
384 3002 483 3063 credat
500 3002 704 3080 explicitura,
725 3020 793 3079 quae
815 3004 891 3064 scitu
910 3004 1071 3065 necessaria
1088 3013 1161 3067 sunt

79 3092 85 3099 ’
147 3088 320 3149 necessitate
348 3087 461 3162 medii,
483 3084 578 3153 multb,
595 3087 778 3166 probabilius
794 3097 856 3163 cst,
881 3089 967 3151 illum
985 3108 1042 3155 nea
1061 3090 1161 3153 valide

147 3170 331 3233 absolutione
346 3174 473 3251 potitum
483 3172 586 3240 luisse.
597 3173 703 3235 illicita
713 3180 757 3233 est
769 3172 891 3251 quidem
904 3175 983 3237 corte
997 3176 1030 3235 in
1042 3192 1079 3235 eo
1090 3193 1161 3238 casu

147 3252 313 3329 absolutio,
332 3276 386 3321 nec
399 3265 493 3337 potest
514 3256 708 3322 confessarius
729 3256 795 3318 tutb
809 3258 853 3319 uti
866 3260 1000 3337 oppositi
1012 3258 1161 3322 huicscu·
1231 3295 1232 3310 2

147 3336 259 3407 tentia,
273 3347 304 3402 et
322 3342 538 3409 absolutionem
556 3342 614 3401 illis
627 3342 699 3419 ,qui
714 3339 778 3408 trec
791 3342 928 3420 explicite
940 3345 1158 3423 ignoraverint,
1231 3411 1232 3414 ,

146 3418 315 3559 ῑιέἔιεῖῧῗ,
330 3432 408 3563 11Γέ
418 3426 619 3503 propositione
635 3424 821 3494 damnatdab
834 3430 1005 3492 Innocentio
1012 3432 1077 3492 XI.
1088 3450 1160 3497 cun·
1231 3417 1232 3492 l

145 3512 158 3552 s
204 3540 213 3555 .
262 3520 350 3563 1.n.
407 3546 415 3563 .

182 3576 214 3631 Si
229 3584 299 3653 quis,
314 3584 384 3649 verb
403 3588 521 3663 ignoret
544 3609 597 3667 oa,
622 3612 689 3682 quac
714 3595 875 3667 necessario
894 3604 966 3659 suut
989 3598 1162 3663 necessitatc
