2475 3975
107 145 167 206 570
291 140 429 222 Epitomc
439 140 579 203 doctrinar
595 136 715 201 scoralia
729 146 756 199 ct
767 141 914 201 caroniae

107 254 224 305 ternum
238 288 247 315 ,
260 244 307 303 rel
321 241 506 313 fraternum,
524 250 559 303 ut
577 259 614 301 cx
636 240 739 303 multis
751 238 916 315 Theologis.
931 238 1053 301 11ιίι1.ιι.
1067 239 1114 299 10.
1207 319 1218 332 Ι
1232 265 1233 280 ι

104 329 135 391 81
157 346 194 389 eo
210 317 328 389 careant
340 338 384 388 est
397 326 541 406 parochus
556 324 634 395 loci,
654 325 705 385 uhi
722 334 767 385 est
780 327 1002 411 monasterinm.

143 413 258 475 Eamuli
277 411 418 473 hahentes
433 411 555 471 domum
573 419 603 470 et
625 409 767 471 familiam
788 411 820 469 in
842 410 899 471 alia
924 408 1050 488 paroecia
1072 410 1118 470 di·

105 498 189 559 rerst
204 498 243 558 ah
266 497 328 568 ch,
349 512 439 574 quam
465 494 552 556 hahet
571 494 678 554 domus
703 492 796 564 heri,
824 493 986 573 parochum
1012 495 1117 555 matri-

106 582 200 645 monii
230 581 340 643 hsheut
364 579 609 657 illuminaus
630 587 675 639 est
698 577 805 639 domus
820 588 851 639 et
875 580 995 639 familia.
1015 582 1057 641 lu
1079 596 1115 639 ex

105 666 222 729 statutis
237 667 308 727 cleri
323 666 446 727 Romani
466 665 541 726 ibid.
555 683 588 725 u.
605 665 657 725 20.
682 663 862 741 disponitur.
878 664 908 725 Si
923 664 995 726 vero
1021 664 1116 725 domi·

106 752 207 814 cilium
224 751 343 813 familiar
359 750 487 813 habeant
502 760 585 812 extra
598 748 721 826 urbem,
735 756 766 809 et
778 750 810 811 ln
825 748 900 809 urhe
915 750 1113 819 famulatum,

107 846 177 897 tuuc
192 854 291 897 eoram
304 836 433 916 parocho
450 837 564 899 urhuuo
575 833 765 897 contrahunt.
787 836 860 895 lust.
878 836 954 896 Ecel.
966 837 1015 897 88.
1034 852 1066 897 ιι.
1083 837 1112 897 5.

143 920 175 981 st
195 922 357 1002 Episcopus
382 922 503 983 mandet
530 921 617 982 alicui
639 916 787 997 parocho,
811 928 846 979 ut
874 920 986 980 assistat
1010 920 1116 981 matri·

107 1005 230 1082 monio,
251 1016 391 1085 reputans
406 1007 486 1069 hunc
498 1024 560 1069 esse
575 1022 680 1067 verum
704 1000 865 1081 parochum
887 1005 1059 1066 alterutrius
1078 1022 1116 1067 ex

107 1090 374 1165 contrahentibus,
396 1102 428 1155 et
444 1094 469 1153 si
489 1101 587 1171 postea
608 1090 794 1167 reperiatur,
815 1088 884 1149 vcro
904 1108 963 1149 unu
981 1108 1044 1149 csse
1063 1110 1114 1167 pa·

107 1174 233 1237 rochum
249 1177 391 1248 illorum,
416 1175 512 1237 adhuc
537 1185 634 1236 tamen
659 1173 831 1235 mandatum
852 1174 987 1252 Episcopi
1011 1176 1113 1243 valet,

109 1267 142 1319 ut
153 1278 310 1324 consensus
331 1263 386 1322 istc
402 1263 598 1335 sustineatur,
619 1266 654 1319 ut
678 1260 768 1318 semel
782 1266 812 1319 et
825 1257 934 1319 itcrhm
949 1258 1080 1321 decisum
1098 1260 1114 1320 a

108 1344 140 1405 S.
165 1346 276 1425 congr.
293 1348 434 1410 refertur.
459 1349 557 1409 lnstit.
569 1346 677 1407 Ecclcs.
695 1346 744 1405 88.
760 1363 791 1405 ιι.
812 1346 841 1404 1.

145 1430 369 1493 Matrimonium
390 1436 480 1494 ctiam
501 1433 578 1493 houh
596 1431 655 1491 fide
672 1437 856 1490 contractum
871 1446 969 1489 eoram
986 1430 1115 1509 parocho

107 1522 137 1575 et
150 1516 240 1574 unico
261 1524 334 1575 teste
357 1536 419 1578 uon
438 1519 535 1587 valet,
561 1525 595 1575 ut
617 1534 653 1575 ex
673 1532 813 1592 responso
827 1514 857 1575 S.
871 1514 1113 1591 Congregatiouis

106 1599 226 1659 Concssii
248 1608 370 1659 consur.
396 1602 441 1660 De
459 1603 532 1679 Syn.
552 1600 635 1659 dioec.
659 1600 682 1658 l.
707 1601 754 1659 10.
776 1618 802 1659 c.
818 1602 847 1659 11.
872 1618 903 1659 ιι.
929 1602 957 1659 ὅ.
977 1602 1114 1663 Vicissim

105 1683 185 1743 valet
212 1690 397 1744 contractum
418 1702 518 1746 eorem
543 1684 661 1745 duobus
690 1683 814 1745 testibus
840 1686 904 1745 sine
930 1684 1058 1762 parocho
1084 1687 1116 1747 in

107 1763 194 1840 loco,
214 1768 267 1830 ubi
282 1788 343 1833 uon
360 1778 406 1833 cst
425 1771 481 1831 uisi
505 1769 682 1845 hereticus,
699 1770 747 1831 vel
758 1771 783 1831 si
797 1778 858 1845 est,
880 1770 967 1831 illum
985 1770 1114 1835 adeundi

105 1852 199 1916 libera
218 1864 345 1935 potestas
356 1856 447 1918 deest.
467 1857 543 1918 lhid.

145 1939 277 2005 Perocho
287 1951 453 2021 presente,
466 1942 505 2002 ita
516 1950 614 2004 tamen
628 1948 661 2002 ut
675 1938 877 2020 natuevideat
889 1938 1117 2014 contrahentes,

107 2042 205 2104 neque
223 2027 345 2086 auribus
366 2027 456 2086 verba
481 2043 588 2088 eorum
618 2026 786 2106 percipiat,
817 2026 1041 2090 matrimonium
1072 2043 1118 2094 est

107 2111 249 2184 nullum,
269 2108 315 2172 uti
336 2111 493 2172 delinitum
508 2120 552 2172 est
572 2109 589 2170 h
605 2111 636 2170 S.
655 2111 887 2188 Congregatione
905 2113 1028 2176 Concilii
1049 2125 1119 2194 post

106 2195 233 2274 diligens
251 2215 374 2258 examen
388 2197 420 2258 iu
441 2196 527 2257 causa
542 2194 675 2256 Romana
696 2193 745 2254 die
768 2197 785 2255 7
804 2195 903 2256 martii
925 2198 1070 2261 170011
1092 2221 1118 2262 sr

107 2279 252 2359 parochus
274 2281 456 2362 affectaverit
473 2299 534 2343 ιιοιι
557 2277 717 2360 inteilipcrc
737 2280 826 2340 verba
855 2281 1116 2358 contrahentium,

107 2366 332 2424 matrimonium
348 2367 446 2425 valore
464 2367 616 2444 respondit
637 2365 694 2424 alio
721 2364 838 2426 decreto
860 2367 930 2426 anni
959 2369 1061 2442 1005,
1084 2372 1117 2432 1ιι

107 2449 192 2508 causi
223 2449 441 2527 Ulyssipoueusi
463 2450 494 2508 S.
524 2451 729 2529 Congregatio.
751 2451 794 2510 De
816 2449 889 2530 Syn.
921 2451 1006 2512 dioec.
1024 2453 1045 2512 1.
1063 2456 1115 2516 15.

106 2551 132 2592 c.
160 2533 208 2593 25.
233 2552 265 2594 ιι.
283 2535 313 2594 11.
1177 2534 1179 2538 ”

144 2618 228 2678 runc
252 2637 323 2680 vero
340 2639 402 2682 nors
422 2617 526 2680 audire
553 2616 672 2697 affectat
696 2617 860 2700 parochus,
880 2621 904 2681 si
927 2623 1040 2686 invitus
1061 2629 1119 2689 ed-

106 2703 243 2768 hibeatur
263 2705 301 2764 ad
318 2704 484 2766 contractius
506 2704 751 2778 celebrationem,
778 2713 808 2766 et
827 2705 893 2766 data
909 2707 998 2786 opera
1015 2716 1119 2791 'neque

107 2791 206 2853 nidore
231 2790 316 2861 vult,
339 2808 436 2870 neque
458 2791 610 2868 percipere
636 2789 704 2852 cirm
722 2801 821 2852 tamen
839 2791 923 2852 facile
944 2805 1062 2871 posset,
1084 2811 1119 2860 ct
1220 2867 1221 2874 ἵ

108 2885 196 2937 testes
216 2874 383 2947 audierint,
406 2883 437 2935 et
458 2874 608 2946 viderint,
624 2894 690 2952 quse
711 2874 870 2936 superatio
885 2877 942 2935 fuit
957 2877 1066 2939 decreti
1082 2885 1115 2944 S.

107 2961 345 3039 Congrcgatiouis
367 2962 399 3021 iu
426 2957 593 3035 Carthagrn.
620 2962 751 3020 matrim.
776 2979 847 3022 aun.
871 2962 957 3022 1755.
985 2964 1037 3026 lati
1056 2985 1116 3046 pro

105 3047 210 3106 similis
232 3047 412 3106 matrimonii
429 3044 588 3105 validitate.
604 3045 680 3105 lhid.
694 3065 726 3106 ιι.
745 3049 790 3106 11.

144 3128 290 3191 Paroehus
306 3174 314 3202 ,
332 3130 380 3190 cui
403 3129 594 3190 interdictum
615 3139 659 3192 cst
676 3131 713 3190 ah
736 3130 898 3212 Episcopo,
920 3152 958 3194 nc
982 3134 1117 3196 interve·

106 3215 168 3276 nist
195 3216 385 3276 matrimonio
408 3213 632 3287 contrahendo,
658 3214 754 3275 adhuc
783 3225 882 3277 tanam
926 3237 986 3280 non
1013 3219 1118 3284 reddit

106 3297 329 3359 matrimonium
348 3299 523 3368 invalidum.
544 3300 588 3358 lta
602 3318 639 3359 ex
658 3300 746 3360 decis.
765 3301 796 3361 S.
816 3305 959 3380 congreg.
979 3306 1022 3363 De
1038 3305 1115 3383 Syn.

105 3379 189 3436 dioec.
208 3380 229 3437 l.
251 3381 299 3437 15.
313 3399 341 3439 c.
361 3385 460 3443 150.
484 3384 514 3443 1.
538 3383 620 3444 ldem
638 3384 739 3457 dicas,
757 3385 782 3444 si
798 3387 971 3448 Ordinarius
992 3387 1116 3452 tanthm

105 3467 184 3549 rctct
203 3462 312 3520 vicario
342 3465 490 3537 parochi,
512 3485 551 3527 ue
578 3468 712 3540 assistat,
731 3469 783 3529 ille
812 3468 913 3531 contra
938 3473 1117 3537 mandatum

101 3546 224 3596 resistat.
244 3545 317 3601 ltcm
330 3545 441 3619 pariter
456 3546 652 3620 judicandum
670 3561 734 3627 est,
756 3555 781 3614 ai
805 3555 850 3616 vcl
870 3555 1037 3634 parochus,
1065 3561 1117 3619 rel
