2475 3975
146 186 207 249 110
343 183 482 267 Epitome
493 179 633 246 dutciaco
645 176 765 255 ucoruiir
777 186 805 243 et
814 176 961 243 canonicor

144 286 178 347 id
212 304 275 350 non
306 286 439 349 rescierit
473 294 543 361 ante
573 294 723 365 acceptam
758 282 893 361 beneficii
932 282 1157 362 possessionem.

141 370 218 433 lbid.
235 390 268 433 ιι.
284 373 334 434 12.
646 374 650 383 ’

180 456 256 519 Cdm
273 455 443 537 parochiani
456 455 567 519 babent
581 456 632 536 jus
653 454 829 517 nominandi
852 453 1015 535 parocbum
1038 457 1154 519 ratione

141 541 344 616 fundationis,
358 549 430 613 tune
447 542 574 621 singuli,
588 558 640 601 seu
660 558 773 617 mares,
788 558 840 600 seu
864 540 1009 611 ioeminae,
1023 560 1074 602 seu
1096 544 1155 601 rni-

142 644 230 689 uurea
246 626 357 688 babent
377 626 428 703 jus
442 625 617 688 nominandi
637 626 669 685 in
687 622 846 704 eap'ita‚ut
857 643 892 685 ex
910 627 1014 687 Plione
1032 627 1071 699 de
1083 645 1154 701 con·

141 722 219 775 trov.
234 722 352 793 patron.
367 713 417 773 all.
432 714 500 773 100.
517 732 549 774 n.
564 710 792 774 autumatur.
807 710 883 773 lbid.
898 730 930 772 n.
944 714 993 773 15.

181 796 385 867 comendae,
398 798 561 876 prioratus,
576 806 665 875 atquo
681 796 880 875 praeceptorias
890 794 1004 857 ordinis
1017 799 1154 861 llierosu·
1209 850 1210 883 ,

141 883 279 962 lymituni
292 880 309 941 b
323 881 489 941 canonistis
505 881 628 959 quidom
648 888 799 958 tamquam
823 879 963 941 beneficia
987 880 1152 956 habentur,
1209 888 1210 919 ¹

141 967 174 1027 io
191 966 300 1045 quibus
311 967 335 1040 si
349 966 534 1038 intercedant
550 985 668 1045 preces,
683 967 850 1045 pactiones,
865 972 895 1025 et
907 982 1048 1040 munera,
1063 970 1154 1031 simo·

140 1051 193 1113 nia
210 1050 427 1113 committitur:
443 1052 475 1113 id
488 1060 588 1127 tumen
607 1054 716 1131 negant
735 1051 886 1111 cummuni
905 1068 1050 1112 censensu
1074 1052 1154 1118 theu·

141 1136 224 1215 lugi,
243 1136 528 1210 animadvertentes,
552 1154 617 1197 non
644 1152 707 1196 esse
736 1135 796 1195 illis
820 1152 968 1197 annexum
991 1137 1153 1216 spiritualis

141 1220 300 1281 ministerii
312 1221 504 1295 exercitium,
519 1238 616 1299 neque
627 1216 789 1280 necessat-id
801 1219 927 1280 conferri
939 1218 1071 1294 clericis,
1084 1242 1151 1301 quar
1209 1246 1210 1255 2

141 1305 203 1367 duo
215 1306 337 1385 exigunt
352 1305 511 1382 benefieia3
524 1322 705 1383 quamquam
721 1303 822 1387 negari
836 1322 896 1382 non
910 1313 1021 1383 potest,
1033 1307 1152 1383 gravem

142 1384 685 1470 abusumeiinraintaroedcre,quem
693 1388 798 1449 tollere
807 1387 927 1449 adnisus
937 1399 981 1449 est
990 1386 1081 1452 maor.
1090 1394 1150 1454 XI.
1209 1442 1210 1489 p

141 1473 176 1535 in
194 1491 249 1535 suo
264 1473 350 1535 Brevi
363 1474 401 1534 ad
415 1492 556 1555 magnum
574 1472 747 1551 magistrum
758 1472 891 1549 ejusdem
900 1474 1033 1547 ordinis,
1047 1476 1079 1535 in
1091 1494 1152 1554 quo
1209 1490 1210 1499 ¹

141 1556 230 1615 etiam
247 1556 374 1617 declarat
391 1560 560 1618 collationes
574 1558 662 1637 bosco
677 1558 790 1637 nullas,
802 1567 834 1619 et
849 1558 947 1620 irritas
959 1576 1021 1621 esse
1034 1566 1065 1621 et
1077 1560 1151 1638 iore,

142 1640 187 1701 ue
198 1639 270 1719 Syn,
282 1636 368 1699 dioec.
383 1639 404 1699 l.
420 1641 469 1700 10.
480 1658 508 1699 a.
520 1643 549 1700 b.
564 1658 596 1699 n.
609 1643 657 1715 15.
717 1671 720 1679 ,

272 1858 277 1867 .
317 1815 576 1883 somrcruauu
595 1820 637 1884 nv
645 1800 976 1907 ‘couunssrouruus

180 1998 360 2078 Sollicitat-ns
377 1999 536 2081 nulldlege
548 1998 741 2080 prohibetur,
765 2002 926 2082 quominus
945 2015 1015 2068 ante
1036 2007 1152 2082 denuuv.
1209 2011 1210 2016 ’

141 2090 296 2164 tiationenr
314 2086 520 2163 sollicitantis,
539 2087 626 2149 illum
641 2087 753 2150 occulte
768 2089 924 2150 admoneat
934 2135 947 2170 ,Ι
961 2101 994 2152 ιιι
1006 2094 1064 2154 sibi
1082 2113 1152 2182 pro-

141 2175 261 2250 videat,
280 2171 385 2258 spontd
403 2189 436 2246 se
456 2173 607 2235 offerendo
628 2172 782 2234 tribunali.
806 2175 937 2234 Tenetur
957 2185 1075 2250 tamen,
1092 2180 1150 2239 etsi

142 2258 275 2321 monitus
287 2265 469 2337 compareat,
493 2267 524 2333 et
545 2259 585 2319 sit
598 2276 634 2318 ex
649 2258 836 2335 surreptione
856 2258 1049 2334 emundatus,
1065 2263 1150 2338 illum
1209 2269 1210 2272 ’

141 2346 335 2416 denuntiare,
357 2349 392 2403 ut
412 2360 449 2404 ex
475 2343 726 2424 propositionibus
746 2343 783 2404 ab
805 2339 975 2406 Alexandro
997 2347 1070 2408 VII.
1098 2348 1149 2409 da·

141 2431 250 2500 muatis
265 2427 392 2503 eruitur.
405 2429 449 2488 lle
458 2429 530 2507 Syn,
544 2429 632 2503 disee,
648 2429 669 2489 l.
683 2429 713 2490 0.
726 2447 753 2490 e.
769 2429 816 2489 11.
830 2446 862 2488 ιι.
879 2429 909 2489 0.
924 2438 954 2490 et
971 2433 1020 2492 10.

180 2515 362 2592 Praeceptum
373 2510 565 2584 denuntiandi
579 2513 768 2580 consessurios
781 2513 969 2574 sollicitantes
982 2515 1020 2575 ad
1037 2518 1147 2598 turpia,

141 2608 172 2674 et
189 2595 655 2678 paeuoemioehuicsollieitationl
676 2597 794 2673 indictae
815 2616 876 2660 neu
897 2601 1148 2666 extendunturad

48 2699 56 2707 ·
141 2686 197 2746 alia
213 2683 338 2759 crimina
351 2681 368 2742 d
380 2699 414 2742 re
431 2683 557 2744 venerei
576 2682 703 2756 diuersa.
720 2683 796 2755 thid,
812 2702 844 2744 ιι.
857 2685 905 2744 11.

179 2762 349 2843 Sacerdotes
364 2784 465 2828 omnes
483 2769 573 2829 etiam
593 2769 742 2846 regulares
754 2769 943 2838 sollicitantes
953 2770 990 2830 ad
1007 2772 1106 2850 turpia
1118 2773 1163 2848 in,
1209 2797 1210 2840 ι

140 2873 175 2917 re
189 2851 315 2914 venei-ed
338 2851 370 2912 in
387 2859 453 2911 actu
471 2853 660 2912 confessionis
683 2853 729 2912 vel
750 2851 814 2930 ejus
832 2854 982 2920 occasione
1000 2865 1051 2915 aut
1073 2875 1148 2935 prm·

139 2949 241 3012 textu,
258 2937 443 3016 praeteralias
456 2954 556 3016 poeuus
569 2937 601 2996 ln
610 2937 730 2996 constit.
743 2937 828 2998 Sexti
839 2937 873 2998 V.
889 2947 919 2998 et
931 2939 1109 3020 GreooriiX
1111 2945 1144 3004 V.

140 3023 281 3097 inflictas,
295 3021 452 3098 incurrunt
462 3021 551 3081 etiam
565 3030 739 3101 perpetuam
754 3022 968 3085 inhabilitatem
981 3023 1018 3084 ad
1029 3027 1147 3089 missum

141 3104 356 3180 celebrandam.
369 3103 510 3183 Idemque
523 3106 611 3168 etiam
625 3106 703 3172 valet
712 3116 813 3168 eontra
827 3125 876 3168 eos
893 3108 1078 3183 sacerdotes,
1095 3112 1146 3190 qui
1209 3161 1210 3166 ,

141 3191 284 3263 sacrificio
311 3190 407 3265 missso
431 3191 596 3267 abutuntur
622 3192 659 3251 ad
676 3193 835 3270 sortilegia.
856 3191 901 3253 lta
924 3211 960 3254 ex
977 3193 1098 3265 decreto
1116 3199 1144 3258 S.

140 3279 284 3352 congreg.
298 3275 435 3350 lnquisit.
448 3293 485 3345 eu
496 3274 634 3350 mandato
645 3275 754 3354 Beoed.
763 3277 852 3358 XIV,
866 3276 899 3337 ld
911 3278 983 3340 verb
996 3279 1146 3343 decretum

139 3356 356 3426 enuntiandum
370 3356 578 3434 publiod'estd
592 3361 796 3444 superioribus
812 3363 1023 3454 cujuscumque
1036 3365 1147 3436 ordinis

139 3435 235 3511 palium
248 3440 339 3498 semel
348 3441 379 3499 in
391 3459 468 3502 anno
479 3445 552 3505 feriri
563 3446 615 3505 v1.
629 3448 694 3523 post
706 3454 838 3508 octavam
851 3449 1002 3525 Assumpt.
1017 3451 1052 3519 B.
1062 3451 1143 3512 uu.

73 3586 87 3611 x
137 3523 168 3570 et
183 3517 409 3598 inquorumque
420 3527 548 3601 capitulo
558 3529 689 3608 generali
700 3537 752 3590 aut
763 3532 949 3608 provinciali.
962 3533 1145 3620 tur-Artena.

138 3592 176 3648 ad
191 3596 270 3657 Bull.
282 3602 394 3663 Beued.
408 3607 503 3668 XIV.
1045 3619 1048 3626 ’

132 3909 177 3916 ——r
