2475 3975
144 236 184 297 50
413 229 813 316 Praebeoascatoaii.cep.
829 233 861 293 t.

144 336 193 397 ait.
204 342 235 396 a.
248 337 278 398 Ξ.
289 344 320 399 ct
333 336 449 415 amnas)
460 336 484 396 si
504 352 551 396 cas
567 335 687 415 respicit
704 335 899 413 inquantum
918 340 990 395 sunt
1010 339 1159 395 nutura

143 421 197 482 Dei
210 465 218 492 ,
231 423 396 483 mortaliter
412 426 530 500 peceat,
552 438 712 500 veramque
730 428 827 500 patret
840 417 1053 498 blasphemiam
1064 440 1075 497 3
1088 438 1158 481 nou

123 504 214 568 reno
232 506 294 585 jam
316 509 341 569 si
366 506 536 588 praescindit
564 506 602 567 ab
622 507 665 566 eis
691 503 912 566 considerandis
937 513 972 566 ut
996 505 1094 575 tales,
1120 511 1157 563 ct

143 589 260 652 tantiam
280 592 323 653 eis
347 591 497 653 maledicit
517 590 679 651 secundina
701 608 733 650 se
753 588 965 659 consideratis,
986 588 1155 667 etquidem

143 688 246 735 omnes
263 678 332 756 ipssa
356 685 426 737 sunt
443 684 585 737 creaturae
605 676 672 735 Dei.
691 677 735 735 lla
752 672 833 753 qabd
851 675 894 733 D.
917 672 1045 735 ramas
1061 673 1154 733 etiam

143 759 623 835 precisionamhancadmittitdta
635 757 946 839 paritcrnainartaic
958 757 1117 833 maledicit,
1126 758 1153 816 ai

142 844 291 907 maledicit
306 847 337 906 in
350 855 495 925 quantum
506 845 543 906 ad
553 846 666 905 animas
676 862 802 916 earum,
817 843 948 922 graviter
959 851 1077 921 peccat3
1089 860 1152 904 non

141 936 241 991 autem
265 933 289 992 si
307 930 495 1012 praescindit,
519 939 550 992 et
562 932 689 991 mortuis
702 930 871 1003 maledicit,
891 929 964 1007 quin
986 927 1154 1006 specialiter

141 1013 254 1076 animas
273 1018 418 1098 respiciat.
443 1016 549 1077 Dicere
570 1024 670 1076 auum
683 1014 765 1095 quod
783 1012 950 1090 omnesqui
971 1010 1157 1074 meledicunt

140 1100 284 1175 mortuis,
299 1120 402 1162 amnes
416 1101 478 1177 jam
492 1100 654 1161 intendunt
666 1102 756 1161 etiam
772 1116 878 1161 aarum
889 1096 1044 1157 animabus
1059 1096 1156 1157 mdc·

140 1180 256 1257 dicere,
279 1202 335 1265 ega
347 1192 379 1244 et
397 1192 443 1244 tot
460 1186 510 1245 alii
524 1184 691 1245 maleasarii
704 1228 714 1256 ,
728 1185 905 1263 paenitentes
922 1180 1154 1259 interrogando,

141 1268 308 1343 oppositum
339 1269 547 1347 comperimus.
575 1268 673 1330 Tanto
695 1270 789 1347 magis
811 1265 894 1347 qubd
923 1263 1073 1340 ordinarie
1100 1265 1153 1327 isti

141 1351 194 1429 qui
221 1353 347 1413 mortuis
369 1352 574 1425 maledicunt,
600 1370 661 1418 non
681 1351 744 1431 jam
764 1370 815 1412 eos
839 1350 948 1413 laedere
967 1347 1152 1424 intendunt,

141 1434 192 1495 eod
208 1437 290 1497 rivos
312 1438 419 1515 quibas
434 1440 471 1500 ad
492 1440 585 1500 instar
607 1437 855 1499 contumeliarum
873 1432 1042 1511 hujusmodi
1058 1435 1153 1495 male·

141 1515 284 1580 dictiones
295 1522 438 1601 dirigunt.
448 1521 661 1583 Verumtamen
671 1521 734 1583 hoee
742 1531 788 1582 est
799 1522 922 1582 materia
933 1520 1013 1591 laeti,
1024 1520 1155 1600 quisquc

140 1602 331 1666 confesarius
356 1608 387 1667 in
412 1607 494 1680 hoc,
520 1608 714 1685 paenitentem
733 1604 893 1686 diligenter
919 1604 1152 1683 interrogando,

140 1689 251 1769 poterit
264 1706 295 1750 se
315 1693 332 1751 a
352 1690 444 1753 dubio
465 1694 606 1753 eximoro.

180 1774 285 1835 Dicere
297 1783 396 1836 autem
411 1776 490 1855 qubd
504 1821 512 1850 ,
527 1774 598 1839 lieet
609 1777 677 1855 qais
692 1777 763 1839 solis
778 1781 965 1837 manumum
977 1774 1154 1852 corporibus

140 1856 314 1919 maledicere
324 1861 477 1935 intendat,
495 1880 550 1923 nec
567 1859 683 1922 etiami
695 1863 781 1939 eulpa
792 1859 876 1938 grand
887 1860 1019 1918 exeusmi
1035 1868 1150 1935 potest,
1232 1933 1233 1938 η

140 1952 262 2024 propter
283 1956 450 2025 respectum
470 1965 560 2026 quem
581 1946 704 2008 Ecclesia
729 1945 818 2006 habet
835 1960 995 2022 corporum
1014 1953 1151 2007 mortuo·

140 2045 232 2106 rum,
255 2032 297 2092 eis
322 2032 474 2093 incensum
498 2030 681 2112 praebendo,
706 2032 783 2108 aqut
806 2028 926 2090 lustrari
950 2030 1150 2107 aspergendo,

138 2123 258 2176 etcum
281 2134 388 2197 pompa
414 2117 583 2196 sepeliendo
606 2116 734 2176 anemio
759 2112 909 2193 quomado
930 2113 1052 2190 quisob
1073 2111 1151 2174 hanc

138 2201 283 2263 rationem
301 2201 332 2262 id
345 2202 532 2264 suaderesibi
546 2201 647 2279 possit.
662 2201 738 2261 Nolo
752 2201 784 2261 in
798 2198 854 2258 hoa
867 2196 1033 2257 immorari.
1047 2197 1150 2258 Paucis
1232 2238 1233 2241 κ

139 2299 188 2344 me
209 2287 383 2364 expediam,
398 2296 429 2348 at
446 2283 530 2357 dieo,
553 2286 699 2366 praedictae
715 2285 880 2346 functiones
900 2298 962 2341 aon
987 2289 1058 2342 sunt
1081 2283 1151 2359 qai-

138 2367 207 2430 dem
227 2367 423 2430 exhibitiones
441 2369 564 2446 alicujus
585 2369 682 2430 cultris
703 2369 833 2446 religiosi
850 2383 920 2444 erga
932 2382 1151 2442 earporamor-

138 2461 273 2524 tuorum,
284 2452 334 2512 sed
345 2451 461 2514 tantiam
476 2453 610 2532 quaedam
623 2456 825 2526 ceremonia,
838 2469 910 2530 quas
923 2450 1047 2510 Ecclesia
1058 2452 1149 2514 etiam

135 2554 207 2615 arga
235 2537 368 2601 viventes
399 2537 530 2600 adhibet.
550 2539 579 2598 Si
603 2539 695 2619 igitur
713 2522 818 2600 honor
843 2537 896 2616 qui
925 2535 961 2595 fit
979 2533 1147 2610 defunctis,

138 2621 233 2699 maiar
244 2638 303 2682 non
314 2631 358 2683 cst
376 2622 428 2684 illo
444 2625 496 2706 qui
510 2623 584 2685 vivis
603 2622 778 2695 exhibetur,
793 2641 849 2683 nec
862 2619 1040 2682 contumelia
1052 2620 1149 2698 major

136 2707 204 2771 crit.
221 2706 347 2767 Sedena
362 2708 473 2787 (subdit
494 2710 606 2772 Auctor
622 2709 769 2788 Epistola)
791 2709 869 2787 leges
884 2707 1005 2786 gravius
1018 2709 1149 2787 puniunt
1232 2736 1233 2739 ¹

136 2793 187 2870 qui
208 2791 347 2854 advorsias
366 2791 506 2854 cadavera
522 2795 673 2855 seviunt?
695 2793 894 2872 llespondco:
915 2793 1064 2869 puniunt,
1084 2791 1147 2854 non

136 2877 250 2938 ratione
275 2878 482 2952 contumeliae,
504 2879 555 2939 sed
578 2879 694 2939 ratione
712 2877 807 2956 iniqui
829 2877 938 2954 animi,
959 2878 1010 2955 qui
1035 2878 1068 2955 in
1094 2879 1148 2938 teli

135 2962 249 3022 actione
270 2962 493 3044 manifestatur,
516 2971 546 3022 et
564 2963 615 3040 qui
634 2962 730 3024 adhuo
751 2963 783 3024 in
802 2960 953 3022 accidente
972 2961 1144 3040 infidelem,

136 3055 187 3106 aut
207 3045 410 3108 laareticumia
431 3048 494 3126 lego
506 3048 678 3108 mulctatur.
693 3046 833 3126 Alioquin
851 3046 876 3106 si
895 3043 952 3106 hoc
974 3055 1051 3106 esset
1065 3047 1098 3106 in
1113 3065 1147 3108 sa

134 3131 232 3210 gravis
255 3131 431 3196 cadaverum
457 3130 584 3210 injuria,
606 3130 739 3209 eiusdem
753 3131 888 3194 criminis
908 3138 1006 3194 essent
1026 3130 1072 3192 rei
1091 3133 1145 3210 qui

134 3215 174 3276 ab
189 3217 277 3273 usum
292 3217 447 3278 anatomia
464 3218 526 3295 ipsa
548 3216 684 3277 incidunt
694 3227 725 3278 et
738 3216 861 3277 laniant.

173 3296 319 3359 Galeriam
341 3300 374 3360 id
394 3301 475 3380 quod
491 3300 634 3364 concludo
658 3311 721 3371 est,
741 3300 980 3362 maledictionem
1004 3301 1037 3362 in
1061 3318 1145 3364 mor·

134 3393 201 3444 taos
213 3427 222 3456 ,
234 3401 288 3461 per
299 3401 330 3444 sa
345 3383 512 3465 loquenda,
528 3403 583 3447 nea
603 3386 835 3467 blasphemiam,
856 3403 912 3446 noc
929 3387 1047 3466 culpam
1062 3405 1145 3449 taor·

134 3469 225 3530 talem
244 3484 317 3529 osse.
340 3469 377 3530 Et
391 3470 532 3542 invenio,
548 3469 629 3550 qubd
651 3481 711 3533 tres
736 3474 878 3534 ductores
895 3468 968 3549 (jam
989 3471 1022 3531 io
1044 3471 1144 3549 Opera
1232 3530 1233 3553 ἶ

136 3549 231 3625 citati)
243 3552 294 3626 qui
315 3551 368 3610 sali
390 3552 428 3611 de
445 3553 503 3614 hoc
519 3565 630 3631 puncto
650 3557 852 3634 scripserunt,
873 3555 954 3616 idem
965 3558 1142 3633 pronuntia·

137 3637 219 3694 runt.
245 3633 388 3693 Praeterea
400 3671 409 3708 ,
423 3651 478 3714 ego
499 3655 554 3714 pra
574 3638 680 3716 majori
699 3657 775 3702 meac
793 3639 979 3702 consoieatioe
995 3655 1088 3716 paca,
1103 3641 1143 3702 do
