2475 3975
322 171 388 253 §.l
402 171 588 233 Deorutiooe
604 170 816 235 meditationis.
1015 176 1073 239 l03
1116 202 1120 209 ·

57 285 162 357 rotie,
177 284 282 364 quibus
301 283 453 343 audiendis
471 283 722 363 auxiliariisque,
738 284 857 363 quando
873 286 1069 349 confessarius

59 372 153 446 vult,
166 380 278 449 tempus
291 388 352 431 nou
364 368 469 438 deerit.

423 562 638 625 carttttttttt
652 565 700 625 tx.

60 748 214 829 Quomodo
222 768 252 812 ae
262 767 359 831 perere
371 748 470 812 clobeot
481 748 679 897 cooffiapopiua
690 750 723 812 ia
732 748 892 833 diripcadio
905 746 1063 813 animolas

456 834 610 917 spiritual
627 853 674 897 aa.

99 1088 169 1148 lii.
178 1023 288 1169 Quen
300 1080 372 1143 olim
385 1081 462 1141 dixit
474 1080 618 1141 Dominus
631 1082 767 1143 lercmioe
779 1102 788 1141 ε
802 1084 875 1144 Ecce
895 1081 1034 1146 eoactitui
1043 1090 1070 1143 te

55 1190 150 1253 super
160 1177 276 1251 pentec,
290 1174 331 1235 ,ut
350 1163 475 1237 evellas,
495 1174 523 1226 et
540 1164 683 1246 dissipes,
702 1175 732 1228 et
746 1166 871 1249 aedifices
891 1176 920 1229 ct
932 1166 1068 1249 plantes,-

55 1260 140 1318 idom
152 1272 231 1315 nunc
244 1252 353 1329 repetit
365 1251 487 1329 singuiis
500 1251 701 1324 confessario,
712 1253 762 1331 qui
775 1272 836 1313 non
852 1253 947 1315 solium
959 1254 1068 1313 debent

54 1342 187 1402 evellere
199 1338 269 1397 vitia
291 1354 326 1395 ex
346 1336 406 1396 suis
427 1336 642 1413 paenitentibus
651 1380 661 1410 ,
679 1338 831 1397 sedetiam
845 1338 997 1398 debentia
1011 1339 1070 1397 iilis

54 1428 188 1486 virtutes
210 1423 350 1483 inserere.
378 1420 462 1479 Unde
493 1418 652 1498 expediens
673 1427 719 1480 cst
741 1420 848 1481 addere
880 1420 930 1481 hic
957 1424 988 1482 in
1010 1422 1071 1481 {ino

56 1518 150 1589 caput
163 1507 239 1578 hoc,
262 1504 342 1583 qumi
367 1504 477 1582 poterit
500 1504 644 1566 inservire
662 1506 843 1565 confessariis
860 1506 1014 1584 tyronibus
1034 1505 1071 1565 ad

55 1592 231 1672 dirigendas
249 1591 363 1649 animas
378 1589 543 1667 spirituales
561 1589 595 1649 ad
614 1590 833 1669 perfectionem.
848 1592 913 1653 Non
927 1598 997 1650 sunt
1010 1590 1072 1668 qui·

54 1682 128 1743 dom
146 1676 311 1755 expellendi
324 1683 505 1753 peccatores,
523 1680 556 1735 ut
568 1673 704 1754 superiris
715 1674 865 1747 diximus,
881 1674 959 1737 sede
970 1672 1070 1736 contri

55 1784 135 1845 opus
150 1772 195 1825 cst
213 1763 302 1821 etiam
316 1758 445 1819 multitm
459 1762 521 1819 Deo
546 1769 698 1839 acceptum
713 1779 835 1838 sponsas
850 1763 893 1823 illi
906 1763 1068 1836 adornare,

55 1853 174 1911 animas
185 1847 295 1908 scilicet
309 1844 474 1922 spirituales
488 1846 641 1917 excolere,
654 1854 688 1905 ut
702 1846 734 1905 in
747 1855 842 1906 totum
861 1848 946 1906 soilli
958 1846 1071 1908 donent

57 1936 249 2010 traduntque.
276 1929 430 2008 Acceptior
448 1937 491 1990 est
519 1928 582 2007 ejus
606 1930 700 1991 oculis
717 1930 815 1991 anima
837 1932 897 1993 sola
918 1932 1069 2011 perlecta,

56 2021 151 2100 quium
170 2017 254 2078 mille
267 2014 457 2092 imperfecta.
476 2015 560 2076 Unde
576 2014 645 2077 crim
664 2016 745 2077 videt
765 2017 958 2079 confessarius
975 2019 1071 2096 pmni-

57 2115 174 2166 tentem
189 2103 290 2162 vivere
307 2100 471 2158 immunem
486 2097 502 2159 d
519 2101 613 2177 culpis
625 2102 817 2172 mortalibus,
833 2119 952 2162 omnem
971 2117 1072 2160 curam

58 2188 203 2249 adhibdrc
217 2185 329 2252 debet,
345 2192 380 2243 ut
393 2201 462 2243 eum
485 2185 516 2242 in
528 2185 604 2242 viam
616 2185 821 2262 perlectionis,
831 2195 861 2243 et
875 2185 969 2244 divini
990 2201 1072 2244 amo·
1118 2224 1122 2230 ,

57 2277 100 2335 ris
112 2271 282 2333 introducat
294 2313 302 2341 ‚
316 2267 359 2328 illi
376 2269 612 2345 repraesentando
621 2269 762 2326 meritum
773 2311 781 2339 ‚
792 2267 870 2345 quod
881 2267 970 2328 habet
980 2270 1071 2338 Deus,

58 2370 94 2417 nt
107 2363 246 2423 ametur,
261 2361 292 2413 et
310 2352 522 2431 gratitudinem
539 2369 628 2428 quam
638 2351 779 2413 debemus
792 2354 861 2414 lesu
870 2352 984 2415 Christo
997 2398 1005 2426 ‚
1019 2353 1071 2432 qni

58 2459 115 2502 nos
138 2439 249 2499 amavit
267 2454 361 2514 usque
380 2437 417 2496 ad
433 2435 621 2497 moriendum
642 2456 697 2516 pro
715 2438 819 2516 nobis3
839 2457 893 2499 neo
914 2457 974 2500 non
991 2439 1071 2518 peri-

59 2527 165 2586 culum
178 2525 209 2583 in
224 2541 284 2600 qno
299 2530 455 2581 vorsantur
479 2539 581 2582 omnes
591 2522 716 2592 animae,
730 2542 796 2600 quae
809 2523 944 2584 vocitat
958 2526 1019 2584 Deo
1033 2525 1070 2584 ed

60 2611 154 2668 vitam
177 2606 399 2686 perfectiorem,
417 2606 459 2664 illi
479 2607 631 2666 resistunt.
647 2608 682 2667 ln
699 2608 795 2668 tribus
811 2610 904 2686 igitur
923 2605 1071 2686 praecipue

61 2694 157 2772 posita
172 2701 216 2751 ast
230 2691 353 2750 directio
366 2690 533 2750 confessarii
550 2690 646 2769 quoad
666 2692 778 2750 animas
796 2692 961 2771 spirituales
973 2734 981 2762 ‚
993 2691 1072 2749 scili·

61 2787 108 2838 cet
119 2779 152 2836 in
170 2776 382 2846 meditatione,
396 2774 427 2833 in
447 2775 713 2853 contemplatione,
734 2776 766 2836 in
785 2776 1028 2839 mortificatione.
1041 2782 1072 2834 et

60 2865 92 2922 in
111 2861 279 2938 frequentia
301 2860 577 2932 sacramentorum,
602 2869 632 2920 et
650 2859 687 2921 de
702 2861 841 2922 omnibus
857 2859 903 2921 his
921 2859 1070 2939 sigillatim

60 2946 206 3006 dicemus.

319 3143 345 3223 S.
364 3147 387 3204 1.
403 3147 446 3204 Dc
460 3147 591 3210 oratioue
606 3144 818 3211 ereditatiouio.

99 3337 335 3461 tempnunt-:ns
358 3416 428 3479 crgo
450 3400 641 3464 confessarius
656 3403 726 3465 cirm
750 3402 846 3464 cernit
862 3407 992 3468 animam
1018 3408 1073 3467 ali·

60 3503 153 3566 quam
181 3481 393 3544 abhorrentem
416 3495 531 3562 peccata
549 3486 703 3558 mortalia,
724 3497 754 3548 et
767 3488 980 3549 desiderantem
1003 3507 1073 3567 pro-

60 3567 146 3649 gredi
168 3568 198 3627 in
213 3585 314 3628 amoro
327 3568 446 3644 divino,
471 3579 539 3631 ante
559 3571 660 3632 omnia
678 3571 765 3634 debet
777 3573 859 3636 illam
868 3573 1024 3650 disponere
1033 3574 1070 3634 ad
