2475 3975
180 155 238 216 tsn
452 148 565 210 Pieris
578 148 763 226 confessarii.
779 151 851 230 Cep.
871 151 919 209 ll.

270 339 351 403 nuic
360 338 430 421 jam
441 344 569 417 epretur
579 345 621 399 cat
632 337 791 417 proclinus
809 335 848 400 ed
866 337 1096 417 respirandum.

215 512 285 573 279.
299 512 334 572 ln
349 521 455 570 manns
465 513 550 577 tues,
567 506 714 581 Domine,
733 505 908 570 commende
922 505 1062 584 spiritum
1072 525 1203 570 meum.

214 597 283 658 lesu
295 595 359 668 mi,
375 591 431 653 tibi
441 590 571 652 animam
586 609 677 670 quam
689 599 742 653 tue
760 593 903 672 sanguine
915 591 1091 666 redemisti,
1111 611 1204 656 com·

177 680 296 743 mendo.
414 715 421 726 ·

214 764 284 842 (Ille
300 758 487 834 notandum,
503 757 584 843 puld
600 758 673 822 dum
685 760 825 842 infimus
836 759 907 843 jem
927 760 968 824 cd
983 759 1198 825 exhalandum

159 843 309 912 ‘animum
328 849 443 911 vicinus
456 855 526 922 est,
548 854 633 909 ectus
658 848 776 930 repperi
807 845 910 910 debent
930 847 996 910 cicc
1016 865 1146 928 pausa,
1170 858 1197 908 et

193 935 300 997 ertieri
310 951 387 996 ecee.

177 935 199 1016 f
213 1021 342 1082 Domine
353 934 422 1081 lesln
431 1017 564 1090 christe,
574 1016 691 1096 suscipe
703 1017 843 1097 spiritum
854 1033 966 1080 meum.

211 1105 291 1166 Deus
303 1103 600 1181 meus,adJnvame;
619 1101 684 1163 siue
696 1103 907 1164 meveniresd
920 1102 1084 1166 amandum
1105 1113 1140 1166 te
1162 1107 1192 1165 in

173 1201 327 1254 eternum.

210 1277 280 1337 lesu
296 1279 457 1350 1111,an
473 1292 557 1338 meus
570 1319 579 1351 ,
594 1283 625 1337 te
636 1291 723 1350 ame,
733 1291 783 1338 me
795 1273 932 1354 penitet.
947 1275 1103 1340 Ortinam
1114 1297 1190 1338 nun·

173 1377 262 1440 qnam
281 1372 312 1423 te
326 1362 534 1426 offendissem!

209 1444 358 1522 Ollaria,
371 1467 437 1527 spes
458 1464 542 1525 men,
560 1445 748 1524 adjuvem,
768 1463 820 1508 era
833 1463 889 1524 pro
907 1449 1082 1509 melesum.

208 1529 279 1589 lesu
294 1533 356 1608 mi,
371 1541 496 1609 propter
507 1533 672 1610 passionem
686 1539 769 1590 tuam
784 1530 862 1592 salua
880 1551 941 1594 me.
952 1534 995 1594 Te
1009 1549 1090 1594 nmo.

206 1613 298 1674 Maria
313 1613 692 1687 llatermea,inl1achnra
707 1612 813 1690 adjuva
823 1633 882 1678 me.
894 1619 925 1677 S.
940 1615 1062 1696 loseph,
1072 1616 1182 1695 adjuva

167 1715 235 1778 me,
257 1699 438 1779 Archangele
455 1699 590 1774 michael,
601 1699 726 1770 deiende
743 1717 802 1760 me.
820 1702 930 1782 Angcle
939 1703 1054 1779 Custos,
1065 1706 1180 1765 custodi

167 1799 217 1844 me
229 1826 238 1857 ,
250 1785 281 1846 S.
293 1786 331 1847 ll.
342 1783 402 1866 (lale
421 1785 568 1868 precipue
579 1782 872 1869 protccmricnprctt
882 1788 941 1869 fiat
958 1787 1082 1866 mentio)
1098 1807 1177 1849 ccm-

165 1869 274 1930 menda
299 1888 347 1934 me
365 1872 435 1932 lesu
450 1870 577 1934 Christo.
601 1870 700 1931 Sancti
724 1876 753 1928 et
771 1869 885 1932 Sanctae
907 1871 981 1947 Dei,
1002 1872 1177 1936 intercedite

165 1970 222 2034 pre
240 1974 300 2018 me.

205 2044 309 2116 lesus,
322 2044 423 2114 lesus,
440 2043 536 2104 lesus.

204 2128 288 2190 lesus
302 2136 334 2189 ct
346 2128 437 2190 llaria
445 2128 552 2203 ,vebis
567 2142 619 2188 eor
628 2134 659 2189 et
676 2128 806 2190 unimam
817 2140 915 2189 metm
931 2126 1024 2192 done.-
1220 2130 1224 2271 p

292 2394 296 2399 Ι
397 2304 425 2383 S.
438 2308 504 2366 Vll.
518 2306 708 2367 [remittentis
719 2304 823 2367 mortis
835 2302 934 2385 sipun-

79 2613 82 2616 ,
140 2589 143 2593 ⁴
198 2484 380 2618 morus
395 2550 439 2611 est
451 2593 460 2625 ,
472 2548 509 2609 ut'
520 2549 653 2610 sacerdos
666 2594 674 2623 ,
687 2550 739 2628 qui
759 2538 816 2611 hoc
831 2548 978 2611 charitatis
993 2566 1068 2629 opus
1080 2570 1163 2617 exer·

158 2647 223 2711 eet,
236 2634 418 2699 imminent-is
434 2636 540 2697 mortis
557 2635 641 2714 signa
660 2634 751 2710 sciat,
766 2644 800 2695 ut
811 2636 853 2697 ita
872 2643 981 2715 ccgrcte
991 2634 1054 2713 jam
1067 2643 1162 2719 exspi-

156 2722 235 2782 ranti
256 2720 363 2782 melitis
385 2720 521 2780 auxiliari
545 2720 647 2799 pessit.
670 2718 873 2797 praecipuast
898 2719 1072 2779 universalia
1090 2737 1158 2787 sunt

155 2806 223 2866 tria.
238 2808 268 2867 l.
283 2806 390 2867 Pulsus
401 2803 558 2881 deficiens,
582 2803 804 2876 intermittens,
827 2812 859 2865 et
881 2803 1040 2866 fornicans.
1054 2806 1157 2870 tues-

153 2892 261 2971 piratic
285 2891 382 2952 anxia.
404 2890 433 2950 5.
458 2888 543 2948 Oculi
558 2889 706 2960 excavati,
725 2896 756 2948 et
779 2888 913 2963 vitreati,
932 2898 983 2949 aut
1001 2892 1154 2967 apertiores

152 2977 257 3051 sclito,
275 2977 323 3038 vel
343 2974 432 3036 nimis
449 2973 558 3047 lucidi,
579 2973 628 3034 vel
651 2973 703 3052 qui
729 2973 891 3053 respiciunt
913 2971 1027 3051 objecta
1046 2972 1153 3040 diverse

152 3060 242 3135 quim
257 3063 321 3123 aliis
339 3068 504 3141 apparent,
527 3057 647 3130 nterim
667 3056 810 3137 palpebra
828 3058 965 3137 superior
990 3058 1148 3138 relaxatur,

151 3150 182 3201 et
197 3144 367 3207 inlerinrem
380 3144 632 3225 pretergreditur.

188 3226 257 3286 281.
269 3229 344 3290 Sunt
354 3232 443 3291 etiam
453 3230 587 3307 proxima
605 3229 710 3290 mertis
731 3230 814 3309 signa
833 3246 920 3291 nasus
936 3232 1145 3309 accuminatur,

150 3313 181 3367 et
193 3306 225 3366 in
238 3313 422 3374 extremitate
431 3315 597 3387 albmcens,
611 3322 644 3373 et
658 3314 682 3373 sl
694 3332 779 3375 nares
788 3312 826 3373 ad
836 3314 927 3375 instar
937 3314 1015 3377 fellis
1027 3316 1143 3397 sulllant3

150 3408 255 3451 manns
273 3398 452 3473 trementes3
473 3416 587 3477 ungues
612 3398 729 3473 livide,
744 3400 830 3459 iacies
852 3397 1010 3463 flavescens
1023 3446 1031 3475 ‚
1043 3402 1139 3476 livida,

149 3481 179 3528 et
191 3480 302 3531 mutata
313 3492 322 3545 3
333 3472 422 3566 llatus
436 3482 512 3541 male
528 3484 611 3543 olens
632 3489 663 3543 et
687 3482 832 3563 frigidus3
856 3502 964 3563 eorpus
979 3486 1138 3567 immobilc;

148 3550 237 3611 sudor
249 3554 355 3613 frontis
367 3564 397 3615 et
408 3558 552 3642 frigidns3
569 3567 650 3629 cclcc
668 3568 700 3630 in
713 3568 809 3629 cordis
822 3578 906 3647 parte
920 3570 1031 3633 nimius
1042 3590 1050 3649 3
1061 3571 1138 3634 lestu-
