2475 3975
140 210 198 275 too
424 204 820 287 Prusiaconseccor·ii.0op.
835 206 864 267 8.

138 314 217 393 quod
235 314 344 377 scilicet
357 312 475 394 quondo
492 310 590 389 agitur
603 309 774 372 devitando
786 308 1048 389 peccatotormoli,
1062 328 1148 390 regn·

139 399 241 459 lariter
255 399 446 461 confessarius
463 394 545 473 sequi
558 392 647 455 debet
660 395 817 474 (quantum
831 393 912 473 licet)
925 396 1084 456 sententias
1097 398 1150 456 be·

139 486 307 564 nigniores3
325 484 392 546 oiim
409 482 505 543 solum
526 488 679 560 peccatum
694 481 819 541 formale
834 481 873 540 sit
892 481 946 540 Dei
967 480 1078 540 offenso
1094 489 1150 540 :ot

139 569 260 643 quondo‘
278 570 431 649 opiniones
459 565 595 643 benigne
621 574 776 643 exponunt
796 566 990 644 poenitentem
1017 566 1149 642 periculo

140 658 248 730 peccati
272 654 423 724 formalis,
452 660 523 711 tunc
544 651 738 711 confessarius
766 652 849 728 sequi
878 650 967 711 debet
994 651 1150 728 opiniones

25 768 28 774 ι
139 739 308 815 rigidiores,
324 739 463 815 quonium
480 736 544 797 iste
556 737 587 797 in
600 735 656 797 hoc
669 754 737 796 casu
750 744 819 795 sunt
835 738 926 813 magis
937 737 1150 814 poenitentibus
1164 787 1167 792 ,

139 825 289 885 solutores.
311 827 525 885 Verumtamen
552 822 672 900 quando
695 822 842 900 poenitons
867 823 911 881 uti
935 822 1024 882 uellet
1050 823 1150 901 aliquoi

142 910 282 986 opinione
301 909 469 990 probabili,
490 914 521 969 et
542 907 664 968 aliunde
689 904 752 983 jam
780 906 856 967 iorct
881 907 1058 986 dispositus,
1078 918 1151 970 tuno

142 998 258 1055 tenetur
275 996 467 1057 confessarius
480 1010 551 1055 eum
571 993 740 1063 absolvere,
757 992 897 1070 quoniam
908 994 1022 1053 ratione
1036 996 1151 1055 contes-

141 1080 230 1141 sionis
247 1080 309 1159 jam
326 1082 428 1152 factm,
442 1079 533 1139 babet
553 1077 766 1157 poenitens-jus
785 1084 900 1137 certum
915 1086 946 1137 et
963 1078 1099 1139 strictum
1112 1079 1150 1139 ad

141 1165 355 1227 absolutionem
369 1210 377 1237 ,
390 1184 429 1226 ne
448 1172 568 1241 cogatur
580 1180 645 1221 eom
658 1163 790 1239 recipere
801 1162 839 1221 ab
852 1162 911 1221 alio
921 1162 1070 1223 sacerdote
1080 1182 1150 1225 cum

142 1250 314 1327 gravissimo
333 1267 423 1309 onere
450 1246 603 1325 repetendi
632 1246 858 1307 confessionem.
884 1248 952 1306 llaec
972 1247 1075 1325 opinio
1105 1260 1151 1309 est

142 1335 306 1393 communis
317 1379 325 1406 ‚
338 1334 479 1413 illamque
495 1332 657 1391 admittunt
672 1333 762 1391 etiam
774 1332 861 1391 multi
875 1342 1007 1393 auctores
1026 1334 1151 1412 rigidio-

141 1418 183 1477 ris
212 1420 385 1492 sententiac,
410 1430 444 1480 ut
465 1425 533 1479 sum
554 1418 737 1485 Pontoseus,
765 1416 975 1488 Coboesutios,
998 1417 1148 1492 Victoria,

141 1508 171 1560 et
183 1504 329 1583 praecipuo
341 1509 373 1565 S.
385 1506 563 1565 Antoninus.
578 1502 721 1563 Videatur
732 1501 832 1578 Liber,
846 1502 880 1561 iu
899 1519 959 1580 quo
976 1500 1032 1562 hoo
1041 1505 1149 1582 proba·

145 1596 208 1647 tum
225 1598 269 1648 est
282 1590 328 1665 (L.
346 1592 375 1650 6.
388 1608 420 1649 n.
433 1588 529 1665 (iob).

181 1672 357 1733 116.Τιιιιιὸ
375 1674 466 1751 magis
479 1673 535 1733 boo
551 1674 647 1735 cunm
670 1674 700 1733 in
720 1690 787 1733 casu
805 1690 865 1751 quo
884 1674 1075 1736 confessarius
1088 1677 1151 1737 rol·
1191 1734 1196 1743 .

142 1758 182 1817 lot
199 1758 329 1835 obligare
348 1760 539 1837 poenitentem
554 1760 591 1819 od
614 1760 742 1839 aliquam
757 1759 995 1833 restitutionem,
1008 1761 1046 1820 ad
1059 1780 1151 1840 quain
1221 1799 1222 1814 ι

141 1844 196 1903 iste
216 1843 408 1920 probabiliter
429 1862 488 1905 non
511 1854 664 1905 teneretur
688 1843 765 1922 (tto.
788 1846 817 1903 lo.
834 1861 868 1902 n.
891 1845 984 1923 666).
1012 1847 1076 1907 lino
1096 1847 1151 1909 boc
1221 1879 1222 1884 ι

141 1928 256 2002 currit,
275 1929 390 1992 etiamsi
409 1930 600 1991 confessarius
613 1948 674 1991 non
687 1929 809 1990 baberet
824 1938 964 2007 tauquam
975 1930 1069 1993 solide
1082 1951 1151 2010 pro·
1221 1981 1222 2021 ,

141 2013 269 2076 habilem
279 2016 451 2094 opinionem
463 2017 654 2094 poenitentis,
671 2023 703 2075 et
716 2015 861 2092 poenitens
882 2033 943 2075 nou
956 2026 1030 2076 esset
1048 2020 1149 2090 rudis,
1221 2050 1222 2079 ι

141 2117 264 2180 eamque
280 2119 349 2162 eum
366 2101 431 2161 aliis
452 2100 591 2179 gravibus
610 2099 779 2160 doctoribus
798 2110 948 2178 tamquam
967 2101 1151 2178 probabilem

141 2196 277 2260 teneret,
296 2188 337 2248 ito
358 2195 391 2247 ut
414 2187 560 2265 poenitens
579 2195 691 2246 rectam
709 2184 772 2263 jam
797 2186 853 2246 sibi
871 2187 979 2246 formet
1000 2191 1150 2250 conscien·
1221 2174 1222 2215 ³

140 2272 212 2331 tiom
234 2272 309 2334 bene
325 2273 477 2350 operandi.
496 2273 557 2332 lloc
574 2281 673 2332 tomen
696 2268 921 2350 intelligendum
940 2279 1010 2344 est,
1030 2275 1150 2350 quondo
1221 2318 1222 2331 ,

140 2355 240 2432 opinio
259 2357 428 2433 poenitentis
450 2355 570 2416 haberet
594 2357 724 2434 aliquam
746 2357 792 2436 (ut
812 2357 885 2432 dixi)
911 2356 1151 2434 probabilitatem
1221 2368 1222 2425 l

139 2439 243 2498 saltem
269 2448 485 2516 apparentem3
515 2459 583 2500 nam
607 2442 633 2500 si
661 2441 852 2503 confessarius
880 2439 1000 2501 liaberet
1024 2460 1091 2504 eam
1116 2455 1150 2510 ut

141 2521 263 2602 omnino
282 2524 405 2596 salsam,
423 2542 459 2584 ex
477 2543 513 2585 eo
528 2525 606 2603 qtibd
631 2524 753 2588 haberet
764 2538 866 2590 contra
880 2547 946 2588 eom
968 2529 1149 2610 principium
1221 2524 1222 2597 ἶ

140 2609 260 2688 aliquod
284 2620 397 2670 certum
419 2628 470 2671 seu
491 2613 636 2672 rationem
662 2614 910 2685 convincentem,
931 2624 1032 2673 contra
1058 2634 1152 2692 quem
1221 2612 1222 2683 ξ

140 2695 319 2756 existimaret
339 2697 455 2756 nullum
471 2714 533 2756 esse
552 2715 727 2776 responsum
740 2699 821 2775 quod
841 2708 938 2777 posset
953 2699 1094 2758 inducere
1112 2701 1151 2760 ad
1221 2690 1222 2725 f

141 2883 201 2926 non
218 2865 333 2936 debet,
367 2883 463 2943 neque
487 2875 585 2944 potest
606 2866 757 2927 absolvere
782 2869 1002 2945 poenitentem,
1024 2869 1077 2949 qui
1106 2870 1151 2930 illi

37 2781 38 2784 ’
140 2780 336 2840 dubitandum
359 2779 396 2840 de
415 2781 593 2842 certitudine
616 2784 744 2860 propriae
776 2785 950 2857 sentcntiae,
974 2791 1046 2842 tune
1068 2786 1150 2846 enim
1221 2790 1222 2841 l

142 2969 200 3012 non
211 2951 276 3012 vult
287 2950 468 3030 acquiescere
485 2949 573 3030 (Vide
587 2948 639 3012 lib.
652 2955 681 3011 6.
692 2970 725 3010 o.
742 2953 836 3030 ouo).
849 2953 986 3012 Attamen
999 2953 1031 3012 si·
1043 2955 1151 3031 praevi·
1221 2954 1222 3021 ξ

140 3036 223 3097 deret
236 3037 426 3098 confessarius
444 3055 528 3096 suam
549 3036 745 3097 monitionem
758 3056 819 3098 non
832 3053 895 3097 esse
907 3037 1065 3115 poenitenti
1080 3057 1151 3116 pro·
1221 3034 1222 3109 l

139 3118 288 3192 futuram,
308 3123 358 3183 sed
381 3121 478 3200 potius
502 3120 642 3181 redderet
662 3122 787 3182 formale
804 3133 955 3200 peccatum
977 3120 1052 3182 illud
1070 3124 1149 3202 quod
1221 3134 1222 3187 ξ

140 3203 171 3262 in
190 3207 350 3279 poenitente
368 3216 412 3268 est
430 3205 546 3267 tontum
561 3207 735 3280 materiale,
756 3218 826 3268 tune
839 3207 927 3268 debet
940 3208 1147 3286 dissimulare,

102 3308 105 3316 ‚
139 3287 265 3426 oxcgptis
286 3290 432 3428 {liquibus
453 3291 585 3369 casibus3
607 3291 743 3351 videatur
763 3292 845 3371 quod
869 3293 983 3354 dietum
999 3295 1148 3374 estsupri
1221 3364 1222 3369 η

139 3387 171 3428 n.
214 3377 268 3428 .et
307 3413 314 3426 .
732 3382 738 3389 '

177 3453 244 3510 tto.
258 3455 295 3511 ll.
320 3453 349 3510 Si
369 3445 525 3529 aliquando
545 3461 739 3520 confessarius
750 3463 931 3524 commiserit
949 3464 1081 3542 aliquem
1099 3485 1147 3526 er·
1221 3450 1222 3525 ἶ

138 3546 236 3588 rorem
253 3534 329 3590 circa
344 3535 474 3594 valorem
487 3543 661 3602 sacramenti
675 3543 739 3602 sine
755 3563 806 3603 suo
822 3549 907 3626 culpa
923 3591 932 3617 ,
948 3566 1009 3608 non
1030 3559 1147 3613 tenetur

139 3624 176 3663 cx
192 3609 305 3682 justitia
316 3613 437 3674 monere
455 3623 667 3698 penitentem,
682 3627 733 3686 sed
746 3628 1064 3710 soliimexeharitato,
1080 3655 1146 3714 quae
