2475 3975
119 182 159 244 90
399 168 513 235 Praete
533 162 716 248 confessarii.
733 162 806 242 Cap.
820 161 852 222 l.

121 288 222 353 curet,
236 284 270 339 ut
286 276 376 339 eliam
397 274 434 334 ab
450 271 514 331 aliis
527 270 579 330 ille
600 268 663 327 Deo
680 260 927 333 commendetur,
943 278 977 320 ae
988 259 1138 339 praecipue

121 360 421 431 &communitatibus
447 354 611 433 religiosis,
641 360 676 411 ut
693 350 791 411 missis
812 352 845 407 et
874 344 1011 424 precibus
1036 343 1137 422 ipsum

123 450 312 514 auxilientur.
328 448 357 507 ι.
374 443 495 505 intimet
516 438 673 511 damnato,
690 432 772 513 quod
789 432 853 491 sive
865 432 930 509 ipse
948 438 1140 490 convertatur

124 539 187 599 sire
213 551 273 595 non
296 578 305 605 ,
335 526 481 589 sententia
512 519 685 599 exequenda
706 519 775 578 erit.
806 516 838 575 ὅ.
873 517 1040 593 laterroget
1061 557 1070 586 ,
1099 531 1140 573 on

100 680 103 687 .
125 621 202 685 iortd
215 622 253 681 de
266 636 317 679 sua
336 614 431 675 salute
447 610 605 687 desperet,
629 604 665 665 eo
686 602 768 683 quod
790 602 919 661 animam
935 600 1062 660 daemoni
1077 607 1139 660 tra·

128 708 258 768 diderit?
272 721 307 765 co
322 700 402 761 enim
425 712 493 756 casu
512 692 556 755 illi
576 689 701 752 suadere
721 684 950 764 studeat‚quod
967 684 1141 763 hujusmodi

126 803 244 873 pactum
258 791 320 851 rim
342 802 403 846 non
417 780 546 852 habent,
565 778 636 856 quie
649 776 729 835 solus
741 775 822 833 Dens
841 780 886 831 est
912 772 1018 832 anime
1036 772 1142 831 llomi-

128 896 203 950 nus,
224 885 255 938 ct
279 872 428 935 statimne
451 868 514 945 ipse
547 878 669 941 pravam
691 865 810 920 recoeat
832 857 1036 929 voluntalem,
1061 857 1143 916 Deus

129 964 184 1042 ipsi
198 960 297 1024 omnia
315 963 431 1038 peecata
445 950 583 1013 remittit.
606 948 637 1007 l.
658 948 846 1022 Interroga,
864 960 904 1001 an
921 943 1050 1019 aliquem
1069 940 1144 1003 odio

130 1049 321 1127 insequatur,
347 1060 384 1103 ex
405 1055 466 1117 quo
490 1034 645 1113 proveniet
663 1048 715 1089 sun
737 1028 924 1089 obstinatio?
944 1030 1069 1105 lnsuper
1089 1025 1146 1085 ad·

131 1141 246 1205 vertat,
269 1123 498 1210 primisvicibus
519 1118 627 1196 quibus
647 1115 737 1173 talem
758 1113 941 1174 obstinatum
958 1112 1144 1189 alloquitur,

132 1236 170 1278 ne
183 1211 354 1293 importune
373 1214 458 1283 cogat
472 1210 507 1264 ut
524 1202 625 1261 statim
641 1198 836 1270 confiteatur,
850 1197 992 1275 quonium
1011 1197 1146 1257 obstina-

133 1304 192 1363 tior
213 1300 274 1359 fiet.
298 1295 403 1357 llelius
419 1290 477 1351 erit
493 1302 663 1349 sermonem
684 1301 785 1343 secum
808 1284 903 1343 iacere
922 1282 960 1343 de
982 1291 1078 1343 morte
1097 1283 1147 1340 cui

133 1402 237 1447 omnes
252 1392 411 1450 tenemur,
429 1376 467 1439 de
491 1370 693 1435 misericordia
712 1371 787 1442 Dei,
809 1369 847 1430 de
867 1369 962 1446 poenis
985 1369 1094 1429 inferni
1115 1377 1148 1428 et

133 1470 170 1531 dc
187 1468 314 1549 paradisi
330 1464 455 1545 gaudiis.
468 1463 591 1520 Enarret
604 1456 632 1516 ei
650 1455 819 1533 exemplum
833 1453 957 1531 alicujus
968 1453 1147 1532 pemmonis,

134 1555 184 1633 qui
204 1562 340 1613 mortuus
353 1556 396 1609 est
409 1544 598 1623 impoenitens
610 1562 619 1617 3
630 1549 681 1600 out
702 1540 875 1600 nonnullius
886 1540 980 1617 capite
995 1537 1147 1609 damnati,

134 1640 186 1718 qui
200 1646 329 1701 sanctam
349 1633 472 1693 sortitus
492 1636 536 1688 est
552 1637 698 1696 mortem,
713 1632 804 1702 prout
818 1625 898 1684 illius
911 1643 987 1702 qur,
1010 1622 1080 1685 calm
1101 1623 1150 1682 in·

135 1740 242 1783 nocens
257 1722 413 1781 damnatus
431 1715 551 1783 fuisset,
572 1709 701 1788 eumque
718 1711 969 1789 interrogaretur,
986 1727 1045 1788 qua
1060 1709 1100 1771 de
1114 1726 1151 1769 re

134 1824 217 1867 suam
241 1824 302 1867 non
320 1800 497 1866 defendisset
517 1797 739 1867 innocentiam,
760 1796 803 1855 sie
817 1795 992 1873 respondit:
1009 1798 1051 1855 Et
1067 1802 1150 1856 eur?

136 1895 200 1973 Epo
221 1900 263 1952 tot
280 1905 375 1951 aoooe
395 1889 493 1947 Deerit
507 1880 611 1963 roqoua'
626 1924 635 1953 ,
653 1878 775 1941 utorilre‘
795 1877 1046 1941 moeederetmori
1056 1891 1152 1942 oaorte

138 1976 353 2062 opprobriosa,
376 1972 453 2035 aiom
473 1964 612 2031 Salvator
630 1983 713 2026 meus
731 1963 805 2027 odiit
830 1982 886 2046 pro
911 1982 956 2027 me
980 1985 1065 2048 :eqo
1077 1966 1151 2047 jem

138 2063 253 2128 obtinui
267 2059 345 2145 qood
359 2056 510 2140 petebam,
531 2060 560 2113 et
576 2069 657 2112 aaran
668 2049 725 2112 toa
743 2054 848 2130 aputu
866 2058 944 2111 sorte
966 2070 1013 2112 me
1029 2051 1152 2131 privare

138 2148 263 2211 veliem?
284 2151 320 2208 Et
344 2147 383 2206 ita
402 2141 537 2203 hilariter
558 2137 595 2198 ad
620 2134 787 2216 patibulum
799 2136 940 2214 perrexit.
960 2137 1054 2198 Dictis
1075 2137 1151 2210 his,

138 2235 329 2296 conl'essarius
346 2231 495 2306 relinquet
516 2241 625 2299 reum,
641 2230 675 2281 ut
689 2239 789 2281 secum
810 2222 864 2280 ista
878 2222 978 2283 animo
995 2224 1152 2302 revolvat3

139 2329 168 2380 et
180 2329 278 2398 posteo
297 2313 407 2374 iterum
424 2312 605 2378 sciscitetur,
619 2325 658 2367 on
681 2304 760 2366 forte
777 2313 908 2365 mutatus
922 2306 980 2380 sit,
997 2308 1086 2385 eique
1104 2308 1153 2370 di.

20 2385 33 2410 ‘
139 2415 206 2464 eet:
222 2397 285 2462 Fili
300 2397 359 2467 mi,
375 2396 444 2474 jorn
463 2401 516 2453 tuo
536 2409 618 2452 more
633 2389 880 2471 appropinquat,
898 2390 971 2471 quid
988 2391 1154 2457 decernis?

139 2491 178 2548 lo
196 2493 249 2545 tue
264 2487 405 2563 potestate
423 2485 467 2537 eat
488 2474 667 2557 infernum,
686 2483 744 2535 aut
758 2478 860 2536 celum
875 2473 989 2556 eliqere.
1006 2475 1154 2540 Animad-

139 2578 234 2646 uerte,
252 2564 377 2652 quodsi
397 2561 542 2626 obstinate
561 2559 697 2634 meede,
721 2579 777 2641 per
797 2567 890 2621 totam
914 2561 1108 2622 (eternitatem
1126 2571 1155 2624 te

140 2654 313 2738 poenitebit,
335 2649 385 2712 sed
406 2658 489 2711 tuoto
506 2645 586 2709 molo
603 2644 723 2708 nullum
734 2644 863 2728 emplius
875 2645 1157 2732 remediumaappe-

142 2751 191 2804 tet.
205 2741 279 2804 Cirm
293 2737 389 2798 adhuc
400 2737 498 2814 ipsum
519 2736 618 2796 videat
633 2735 763 2806 durum,
777 2741 861 2792 curet
879 2742 912 2793 ut
932 2732 1155 2797 circumstantes

142 2835 228 2888 orent
243 2843 298 2906 pro
311 2841 367 2898 ⁰⁰3
381 2831 410 2881 et
428 2823 592 2900 presertim
618 2821 744 2880 litanias
764 2820 798 2877 B.
817 2818 949 2897 Virginis
963 2821 1088 2882 recitent
1100 2865 1110 2895 ,
1123 2828 1156 2881 et

143 2913 250 2978 deinde
269 2921 337 2973 ante
362 2926 430 2969 oum
453 2905 653 2986 genuflectat,
673 2912 818 2983 rogatque
841 2922 879 2963 ne
899 2905 970 2965 uelit
993 2907 1104 2983 perire.
1123 2907 1156 2968 Si

142 3019 180 3062 ne
192 2999 328 3078 proficiat
347 2993 466 3074 quidem
489 3011 558 3054 eum
572 2991 750 3070 alloquendo
762 3034 772 3062 ,
786 3007 818 3049 se
834 2999 932 3050 vertat
944 2988 986 3048 'ad
1001 2991 1157 3070 alloquen-

141 3085 213 3144 dum
232 3083 417 3145 crucifixum.
432 3080 584 3158 Denique,
599 3079 624 3140 si
639 3095 708 3138 reus
717 3075 781 3154 jam
790 3076 945 3136 advenerit
962 3075 1000 3135 ad
1016 3077 1154 3156 supplicii

142 3172 262 3240 locum,
284 3166 448 3246 expostulet
468 3163 486 3224 l
505 3164 640 3243 populo,
658 3172 693 3223 ut
718 3177 822 3236 omncs
845 3158 1076 3238 genuflectentes
1099 3179 1157 3240 pro

141 3254 193 3315 illo
206 3251 351 3310 obstinato
370 3267 470 3329 preces
490 3249 654 3310 cliundant.
667 3247 809 3308 Prodesse
827 3263 946 3324 quoquc
961 3246 1073 3323 poterit
1084 3264 1156 3307 earm

141 3335 255 3397 terrere
276 3333 424 3392 dicendo:
447 3331 569 3396 Dtecede
587 3329 739 3394 maledicte
765 3331 800 3391 ιη
819 3329 992 3410 infernum,
1018 3329 1157 3411 quondo

142 3416 259 3495 quidem
271 3414 318 3474 uia
336 3422 362 3472 te
382 3415 510 3492 perdere.
530 3417 587 3480 Sed
606 3419 698 3489 seim,
719 3415 799 3497 qaae
822 3422 979 3496 lacapeno
1003 3415 1103 3477 uerior
1121 3415 1156 3476 io

142 3499 261 3588 inferna
282 3496 340 3558 erit
363 3503 504 3560 memorio
526 3501 617 3583 hujus
646 3501 785 3580 temporie
806 3499 886 3579 quod
907 3503 990 3561 Deus
1016 3499 1072 3563 titt
1093 3499 1156 3562 lor·

142 3586 244 3655 stills
264 3588 293 3639 ct
314 3586 346 3638 ta
368 3578 507 3642 abuteris,
524 3585 561 3644 At
581 3587 770 3665 postmodum
791 3585 909 3649 dulcem
938 3593 1070 3650 resumat
1095 3605 1158 3652 ser·
