2475 3975
122 161 180 225 730
364 158 500 218 Eranrcn
512 153 755 218 ordinandarum.
773 155 844 236 Cap.
865 155 894 214 3.

121 262 217 323 ducta.
239 256 297 320 Sed
314 257 415 319 veritis
433 257 600 335 negandum
619 273 689 316 eum
717 251 805 316 Heln.
835 252 948 326 Grais,
967 261 998 316 et
1018 257 1131 330 Corte,

121 346 189 423 quia
205 351 278 404 tunc
299 340 433 404 nondrim
451 341 566 418 incepta
586 346 632 400 est
653 337 726 400 hora
749 341 969 418 Vesperarura‚
996 358 1063 418 quae
1089 351 1133 403 est

121 428 217 490 media
235 429 314 488 inter
330 426 505 495 meridiem,
526 433 557 485 et
573 442 707 484 occasum
719 445 729 499 3
741 422 805 484 dies
821 423 904 484 enim
922 425 1132 488 ecclesiasticus

122 532 182 575 non
209 514 265 574 nisi
286 512 323 572 ab
345 511 417 572 hora
436 513 633 588 vesperarum
657 510 771 586 incipit.
787 507 870 580 Quod
887 519 986 570 autem
1008 527 1132 574 eonsue-

121 598 194 659 tudo
218 596 350 674 undique
368 594 431 672 jam
452 593 651 655 introduxerit
663 593 779 654 recitari
798 593 975 654 Matutinunr
993 595 1066 656 hori
1086 612 1132 658 se·

121 681 215 744 canat
240 689 305 760 past
324 679 480 740 meridiem
501 677 645 756 amajori
667 686 751 754 purte
771 677 928 750 fidelium,
951 677 1036 756 juxta
1053 682 1131 744 dicta

121 768 158 827 de
177 763 388 826 consuetudine
405 761 483 840 (Lair.
496 765 526 822 i.
537 782 569 822 n.
589 762 655 822 i07.
671 761 784 840 etseq.)
798 805 806 830 ‚
819 759 875 820 hoc
889 763 1075 840 probandum
1086 786 1132 828 es-

120 858 184 925 set3
204 849 254 909 sed
270 846 438 926 usquedum
454 865 516 908 non
530 847 692 925 probatur,
707 844 837 922 possidet
848 846 895 905 lex
906 845 1038 925 opposita
1052 848 1086 929 (i.
1100 853 1131 913 t.

120 951 153 993 n.
173 933 241 993 iii.
271 933 329 1008 Qu.
352 932 419 1010 1.);
442 940 559 1009 tempus
581 941 681 992 autem
702 929 846 992 horarum
873 931 978 1008 incipit
997 931 1014 992 d
1036 937 1133 996 media

121 1026 206 1078 nocte
227 1017 265 1077 ad
276 1017 433 1078 meridiem
455 1039 463 1076 r
477 1018 677 1094 vesperarum
699 1023 729 1075 et
743 1015 964 1092 Compietarum
978 1013 996 1076 d
1008 1020 1133 1082 meridie

121 1103 158 1163 ad
178 1104 308 1166 mediam
329 1097 520 1179 noctem(iio.
541 1102 569 1161 5.
591 1120 624 1161 n.
640 1101 708 1160 775.
731 1115 761 1158 a.
786 1098 936 1179 Tempus).

160 1191 209 1250 775.
219 1219 261 1235 -
272 1188 338 1247 vn.
353 1187 482 1247 Interrtio
499 1182 673 1246 etattentia.
689 1184 863 1262 Requiritur
876 1184 1001 1246 intentio
1011 1187 1133 1266 (scilicet

122 1270 274 1349 recitandi)
298 1270 402 1330 saltem
425 1271 586 1348 virtualis3
613 1269 721 1330 sufficit
749 1286 805 1347 pro
826 1267 903 1342 ilia,
931 1270 956 1331 si
980 1271 1018 1334 ab
1045 1273 1132 1337 initio

121 1358 280 1436 sumpseris
289 1357 474 1416 Breviarium
490 1355 527 1415 ad
540 1355 739 1416 recitandum.
752 1354 1002 1429 Cornmunissimd
1011 1365 1130 1432 autem,

121 1450 152 1502 et
167 1438 347 1522 probabiiiirs
368 1459 437 1500 cum
450 1442 541 1501 Saar.
557 1440 693 1520 Castrop.
707 1440 787 1500 Less.
807 1441 917 1500 Taarn.
931 1443 1022 1502 Pant.
1039 1443 1131 1522 Vasq.

122 1535 150 1588 et
180 1528 270 1588 Graia
291 1545 358 1587 cam
389 1524 481 1597 aliis,
504 1543 566 1585 non
588 1525 756 1602 requiritur
780 1525 905 1586 intentio
936 1525 1131 1590 satisfaciendi

121 1609 318 1690 obligationi3
340 1607 402 1669 imit
420 1609 548 1668 recitans
573 1609 701 1686 implet,
727 1609 842 1670 etiamsi
863 1608 987 1686 positive
998 1611 1133 1676 intendat

122 1695 201 1757 noiie
217 1694 363 1774 implere,
389 1693 459 1771 quia
476 1693 604 1772 implens
626 1711 688 1754 nnn
711 1699 807 1772 potest
828 1711 889 1753 non
907 1695 1136 1774 implerentur

120 1779 276 1841 satisfactio
301 1797 363 1841 nou
387 1779 513 1859 pendeat
531 1778 548 1840 a
571 1798 650 1850 sua,
672 1779 721 1840 sed
746 1778 934 1840 'avoluntat'e
952 1782 1046 1860 legia,
1070 1784 1137 1846 stre

120 1865 255 1926 Ecclesiae
276 1863 309 1946 (l.
329 1883 354 1926 c.
369 1883 401 1925 n.
416 1866 508 1943 tte).
529 1865 703 1943 Requiritur
722 1863 845 1942 insuper
866 1864 1009 1944 attentio,
1025 1868 1133 1930 saitem

121 1959 259 2026 externa,
280 1950 448 2012 scilicetne
467 1960 634 2029 apponatur
657 1950 732 2009 actio
755 1949 985 2027 incompatibilia
1001 1969 1071 2014 cum
1087 1961 1133 2015 at·

121 2037 255 2097 tentione
276 2034 402 2097 interna.
428 2036 474 2095 An
493 2042 594 2095 autem
617 2036 788 2111 requiratur
809 2032 898 2093 etiam
920 2035 1061 2095 interna?
1080 2040 1132 2099 alii

120 2122 268 2183 affirmant
288 2120 401 2199 requiri
417 2120 586 2191 internam,
612 2137 679 2197 quae
697 2118 735 2177 sit
754 2118 802 2178 vel
825 2116 863 2177 ad
885 2118 1002 2191 Deum,
1024 2121 1073 2182 vel
1091 2124 1133 2185 ad

120 2224 238 2266 sensum
251 2252 260 2278 ‚
274 2207 321 2266 vel
332 2207 434 2265 saltem
446 2203 482 2264 ad
494 2206 584 2264 verba
597 2248 606 2274 ‚
622 2221 728 2281 nempe
742 2211 774 2263 ut
786 2199 865 2263 recte
878 2203 1111 2279 pronuntientur
1122 2231 1133 2285 3

121 2287 296 2368 quintanis,
313 2297 404 2367 prout
423 2289 546 2362 dicunt,
565 2306 627 2349 nan
640 2297 714 2349 esset
733 2288 837 2349 oratio.
851 2287 909 2349 atii
921 2283 993 2353 verd
1008 2290 1131 2368 plurimi

121 2382 248 2451 negant,
270 2373 401 2433 dicentes
426 2390 528 2433 veram
549 2390 612 2433 esse
632 2374 821 2445 orationem,
846 2392 913 2451 quac
935 2375 971 2435 fit
992 2393 1061 2436 eum
1082 2375 1132 2438 in-

25 2478 31 2487 ·
121 2459 251 2517 tentione
262 2458 387 2534 orandi,
405 2467 436 2520 et
462 2460 626 2519 attentione
646 2468 766 2521 externa
781 2480 790 2517 r
805 2458 845 2518 ita
861 2460 937 2539 Laq.
951 2457 1061 2523 Pniad.
1077 2464 1133 2525 Ca·

120 2540 200 2604 nina.
222 2539 325 2623 Anqel,
348 2541 430 2625 Syia.
454 2544 565 2615 Grais,
589 2541 736 2622 sipiares
756 2540 812 2604 alii
828 2561 893 2604 cant
909 2548 941 2606 S.
961 2547 1071 2609 Antan.
1093 2568 1132 2611 ea

119 2630 161 2687 D.
186 2624 242 2688 rt.
263 2628 360 2689 Verba
386 2631 418 2691 S.
437 2627 583 2689 Antonini
601 2627 665 2689 hacc
689 2636 760 2689 sunt
778 2650 786 2687 r
806 2627 862 2689 Sed
882 2634 911 2691 si
931 2631 1064 2713 eaapatia
1088 2644 1134 2696 est

120 2712 323 2790 advertenter,
348 2722 379 2775 et
392 2711 488 2776 salian
507 2711 666 2775 secundiane
683 2722 782 2775 actarn
798 2713 984 2795 interiorem,
1007 2714 1073 2779 licet
1094 2727 1133 2781 tc·

120 2797 250 2859 sacraria
271 2804 299 2857 et
312 2799 414 2877 prauis
436 2797 533 2875 soret,
551 2818 612 2859 non
631 2808 729 2861 tannen
742 2796 888 2872 mortale,
906 2799 969 2861 nisi
987 2820 1041 2881 per
1062 2821 1132 2865 con·
1237 2795 1238 2800 ¹

76 2910 80 2917 ·
120 2889 259 2963 temptum
270 2926 280 2957 ‚
301 2879 375 2961 qaia
396 2877 527 2941 Ecclesia
541 2901 603 2944 non
624 2882 854 2963 habetjndieare
874 2882 909 2944 de
927 2883 1039 2945 aetites
1051 2893 1132 2951 nter-i

119 2966 309 3029 interioribus
319 2990 331 3044 ‚-
348 2972 469 3047 propter
493 2967 572 3047 qaod
593 2968 730 3028 arinister
748 2964 899 3039 Ecclesiae,
916 2964 983 3027 licet
1008 2968 1133 3035 dicenda

119 3053 283 3115 arationem
302 3055 405 3135 copitar
428 3047 533 3125 alind,
550 3071 611 3114 nan
634 3052 751 3114 ‘ridetur
773 3060 969 3132 transgressor
991 3060 1132 3137 precepti

121 3153 157 3195 ea
176 3146 289 3199 natura
299 3138 386 3219 facti.
403 3138 434 3197 S.
458 3139 569 3199 Antan.
587 3140 617 3197 5.
630 3145 711 3217 part.
728 3137 774 3197 n’t.
789 3138 837 3197 te.
849 3156 915 3218 cap.
935 3140 966 3198 la.
988 3138 1131 3221 §.Verba

119 3224 217 3277 autem
235 3223 266 3279 S.
286 3222 403 3283 Tharne
418 3231 507 3281 sunt:
532 3220 658 3296 Quando
671 3218 781 3301 aiiqais
793 3220 829 3281 aar
838 3222 988 3303 proposito
1005 3234 1133 3287 suentana

118 3298 160 3357 ad
178 3298 241 3391 etia
253 3302 394 3365 distrahit
409 3305 442 3365 in
456 3304 588 3382 aranda‚·
609 3313 679 3366 tane
704 3307 783 3368 enim
803 3306 868 3369 sina
888 3305 977 3390 arripe
997 3328 1057 3371 nan
1069 3320 1129 3374 est.-

116 3383 264 3471 praecrpat
275 3382 304 3440 si
311 3386 344 3441 in
357 3384 426 3448 aiir's
435 3392 536 3469 sponte
550 3406 581 3451 se
591 3398 713 3471 occupat
722 3409 789 3471 qnae
801 3400 925 3455 mentern
938 3393 1128 3480 distrahant,

117 3470 194 3519 sient
215 3470 286 3557 sant
302 3468 448 3529 exteriora
477 3492 587 3549 opera,
608 3482 637 3534 et
657 3478 685 3537 si
704 3476 744 3540 ad
759 3478 940 3541 contrariam
958 3479 1039 3543 arans
1060 3498 1130 3541 ean·

115 3546 220 3617 iiim,
236 3552 324 3605 eitam
340 3544 427 3627 wlpra
445 3556 583 3623 nroraaiis
603 3560 720 3635 eritlrr
741 3564 771 3627 i.
787 3566 868 3629 Seni.
889 3563 958 3628 dist.
980 3567 1026 3627 tt.
1047 3582 1076 3647 q.
1095 3566 1127 3624 d.
