2475 3975
364 190 416 250 Ec
428 189 564 272 operibus
573 190 727 269 Benedicti
736 192 826 255 XIV.
1045 196 1097 256 581

95 291 170 352 mari
191 295 314 372 possunt
326 334 335 365 ,
348 298 384 351 11
395 308 432 351 cr
443 307 530 351 sensu
547 292 613 351 bl).
627 290 845 371 'theologorum
860 292 1011 355 statuitur.
1025 295 1100 356 tbid.

95 394 127 436 n.
141 376 190 436 17.
204 382 235 435 11
252 376 300 436 18.
1026 394 1028 399 ·

133 462 231 535 Quare
252 462 331 522 licita
348 469 393 523 est
407 460 556 523 traductio
578 480 694 541 sponsae
713 461 751 523 ad
774 462 897 523 domurn
916 463 992 538 viri,
1011 471 1045 524 11
1066 482 1102 527 cx

95 547 269 625 congregat.
289 545 436 608 firmatur.
453 546 528 608 lbid.
545 565 576 606 n.
594 548 645 607 21.

133 631 321 691 Matrimonia
341 648 395 708 per
416 640 638 710 procuratorem
657 638 804 694 contracta
827 634 947 707 valent,
966 640 1000 693 ut
1023 648 1103 693 com-

95 714 196 776 munis
219 725 263 775 111
284 713 500 794 'theologorum
512 762 523 795 ,
546 717 635 777 etiam
654 727 719 795 post
743 718 952 780 'tridentinum
974 716 1104 777 scriben-

95 800 191 876 tium,
214 800 370 861 sententia.
394 802 580 880 Quamquam
600 802 713 861 cautius
738 810 801 869 est.
826 810 860 862 ut
883 822 949 881 quae
971 802 1012 861 sic
1034 818 1104 861 con-

94 885 191 946 ciliata
210 894 299 960 sunt,
318 884 429 947 11111111
448 886 643 965 praesentibus
663 886 837 966 conjugibus
857 906 956 949 coram
976 885 1103 967 parocho

94 982 275 1033 renoventur
293 991 301 1031 :
315 991 381 1051 quoe
392 981 491 1032 tamen
504 972 582 1031 dicta
603 973 725 1034 suntad
743 974 906 1046 cautelam,
920 992 981 1034 non
1002 980 1102 1033 autem

94 1057 132 1117 ad
155 1058 366 1117 necessitatem.
382 1058 427 1116 De
442 1057 552 1136 Synod.
568 1056 655 1117 dioec.
669 1057 723 1118 lib.
739 1059 829 1119 111.
845 1058 895 1118 15.
910 1076 941 1117 1.
956 1060 986 1119 9.

133 1142 320 1203 Matrimonia
338 1142 451 1202 occulta
471 1148 630 1220 antequam
649 1142 687 1203 ab
707 1144 850 1223 Episcopo
870 1142 1101 1222 permittantur,

94 1225 184 1286 debet
204 1227 256 1287 ille
281 1228 437 1305 exquirere
459 1222 652 1306 qualitatem,
677 1228 825 1306 gradum,
848 1236 879 1288 et
903 1226 1102 1287 conditionem

94 1310 282 1391 petentium,
298 1329 336 1370 an
352 1311 412 1371 sint
426 1312 473 1371 sui
493 1311 540 1370 rel
558 1312 647 1371 alieni
663 1311 759 1390 juris,
772 1330 809 1371 an
827 1314 887 1372 sint
901 1312 1100 1382 filiifamilias,

94 1405 125 1456 ct
144 1393 217 1454 nhm
238 1396 298 1455 illae
318 1397 430 1473 nuptiae
450 1395 510 1456 sint
523 1396 595 1455 tales
607 1440 616 1468 ‚
628 1406 663 1456 ut
679 1405 762 1475 pater
778 1396 857 1474 juste
873 1397 931 1457 illis
941 1396 1032 1475 possit
1044 1396 1104 1456 dis·

94 1480 212 1543 sentiri.
225 1479 301 1539 crim
320 1479 391 1540 verb
413 1480 511 1540 omnia
525 1483 669 1560 repererit
686 1482 723 1543 ad
742 1481 887 1555 sormam,
908 1482 995 1542 debet
1012 1481 1105 1559 dcpu·

94 1566 152 1627 tari
172 1563 208 1624 ad
230 1562 423 1625 assistendum
447 1564 557 1625 eisdem
580 1566 693 1645 nuptiis
716 1566 861 1645 parochus
881 1565 1051 1626 alterutrius
1067 1581 1102 1624 cx

94 1648 356 1722 contrahentibus,
370 1667 441 1721 nec,
455 1650 512 1710 nisi
527 1668 562 1711 ex
576 1651 759 1730 gravicausd
770 1696 779 1724 ,
792 1650 823 1712 id
836 1652 967 1711 muneris
981 1649 1103 1710 deman·

95 1734 160 1795 clari
187 1734 275 1793 debet
299 1735 442 1793 sacerdoti
463 1732 480 1793 1
503 1736 632 1811 parocho
659 1736 797 1812 diverso,
821 1738 873 1806 qui
899 1735 1031 1796 sacerdos
1054 1735 1102 1793 vel

94 1817 241 1899 parochus
253 1817 342 1878 dchct
359 1816 499 1877 exhibire
506 1820 649 1895 Episcopo
663 1818 873 1879 documentum
889 1819 1025 1881 celebrati
1041 1840 1103 1881 ma-

95 1904 230 1968 trimonii
253 1920 321 1964 cum
345 1902 416 1963 1111
438 1903 494 1963 loci
514 1912 545 1963 et
565 1904 707 1981 temporis
724 1912 754 1962 et
776 1905 918 1975 testium,
938 1906 990 1980 qui
1011 1906 1103 1964 inter·
1193 1964 1204 1983 ‚

94 1994 227 2053 luerunt.
249 1989 282 2049 ld
303 1986 375 2050 verb
393 1988 603 2049 documentum
619 1986 834 2068 transcribatur
847 1989 879 2049 in
896 1989 973 2050 libro
987 1991 1102 2052 diverso

95 2076 213 2152 abillo,
226 2074 258 2136 in
271 2092 331 2155 quo
340 2075 456 2154 reliqua
466 2075 583 2154 publica
593 2075 782 2136 matrimonia
794 2082 992 2151 annotantur,
1009 2075 1104 2136 idem·

95 2179 156 2241 quc
174 2161 252 2221 liber
270 2161 384 2220 clausus
404 2168 435 2221 et
456 2160 559 2238 sigillis
580 2161 750 2237 obsignatus
773 2161 805 2218 in
831 2160 988 2238 episcopali
1012 2163 1099 2222 canc.

95 2247 182 2309 canet
198 2255 352 2320 serretur,
372 2265 433 2308 non
453 2245 651 2326 aperiendus,
673 2246 730 2306 nisi
748 2243 817 2306 cdm
837 2245 893 2304 alia
916 2246 1022 2306 similia
1041 2265 1102 2307 ma·
1182 2281 1185 2287 ·

94 2333 238 2394 111111111
260 2333 425 2394 annotanda
447 2341 528 2393 sunt.
546 2332 665 2394 Mandat
685 2331 837 2404 Pontifex,
856 2339 892 2390 11
913 2331 1011 2411 proles
1033 2333 1103 2394 inde

96 2426 165 2480 nata
184 2419 378 2479 denuncietur
394 2419 538 2497 Episcopo
555 2420 603 2478 vcl
624 2435 679 2498 per
697 2418 810 2478 litteras
833 2427 989 2498 parentum
1012 2436 1101 2479 manu

96 2502 218 2583 proprii
235 2504 380 2582 signatas,
392 2504 442 2563 vel
457 2521 517 2582 per
526 2519 682 2582 personam
699 2503 760 2564 tide
772 2503 891 2582 dignam
904 2502 920 2562 1
933 2504 1103 2582 parentibus

95 2589 298 2665 designatam,
319 2587 481 2668 eademque
503 2591 652 2651 attestatio
674 2587 820 2651 scribatur
840 2589 872 2650 in
891 2588 969 2648 libro
987 2588 1103 2649 diverso

96 2673 136 2734 ab
151 2690 187 2733 co
196 2718 207 2749 ,
227 2673 260 2733 11
278 2691 338 2750 quo
355 2674 544 2735 matrimonia
564 2674 676 2734 occulta
696 2672 927 2734 describuntur:
950 2673 1104 2750 utriusque

96 2758 228 2837 parentis
248 2757 419 2818 nominibus
436 2758 586 2838 appositis.
606 2759 668 2832 Qui
681 2758 758 2819 liber
778 2756 986 2818 custodiendus
1009 2766 1052 2816 est
1070 2758 1104 2818 11

97 2841 270 2920 diligantid,
285 2840 342 2919 qul
363 2841 440 2902 liber
460 2843 719 2904 matrimoniorum
737 2840 1050 2904 occultorumllcrdm
1072 2841 1104 2902 in

97 2927 296 2988 celebratione
313 2927 494 2988 matrimonii
517 2926 707 3005 hujusmodi,
725 2929 777 2989 ille
792 2929 844 3006 qui
863 2925 982 3006 parochi
995 2944 1104 2987 nomen

97 3023 129 3074 11
150 3012 229 3072 vices
251 3012 350 3089 gerit,
373 3011 462 3072 debet
486 3012 609 3072 1111111
630 3013 790 3092 conjuges,
814 3019 849 3070 ut
874 3011 987 3089 prolem
1011 3029 1047 3070 ex
1067 3029 1103 3072 eo

98 3090 238 3173 corijugio
258 3105 357 3156 natam
378 3095 556 3157 denuntient
569 3097 730 3176 Episcopo,
748 3113 782 3156 co
801 3093 907 3167 modo,
921 3113 981 3172 quo
996 3093 1101 3174 suprh3

97 3181 249 3258 alioquin,
268 3183 293 3242 si
310 3180 373 3242 bac
390 3181 585 3254 omittantur,
601 3181 776 3252 denuntiet,
792 3182 1101 3259 Episcopum‚sccrcti

96 3266 158 3326 sade
174 3265 321 3344 neglecti,
341 3267 566 3328 matrimonium
583 3266 658 3326 illud
672 3267 820 3328 occultum
833 3265 1051 3338 revelaturum,
1066 3283 1104 3326 nc

95 3350 168 3410 filiis
190 3351 267 3410 natis
285 3348 399 3427 jactura
418 3351 633 3411 intermarana
653 3352 685 3410 11
708 3350 789 3411 11111
804 3348 885 3410 Satis
902 3349 992 3412 vobis.
1090 3347 1093 3354 ⁴

135 3432 210 3495 ctam
223 3437 314 3512 petita
328 3437 429 3496 luisset
442 3434 460 3494 1
473 3434 615 3497 Ρ11111111
627 3433 804 3514 dispensatio
817 3434 954 3494 detectio
973 3436 1003 3492 in
1015 3451 1105 3511 quar-

97 3529 163 3580 tum
176 3521 496 3599 consanguinitatiS,ct
510 3527 660 3580 contracto
678 3519 866 3580 matrimonio
884 3535 943 3576 non
959 3515 1020 3590 jum
1035 3535 1104 3577 con·

97 3609 265 3678 summata,
289 3613 441 3683 repertum
463 3603 554 3663 fucrit
574 3603 655 3662 inter
679 3600 816 3682 coujugcs
837 3599 1018 3660 intcrccdcrc
1044 3615 1103 3658 non
