2475 3975
118 145 176 209 {72
387 144 500 209 Prasia
512 139 695 225 confessarii.
714 144 786 227 Cap.
804 144 853 205 u.

158 246 227 309 Jesu
248 246 310 319 mi,
331 254 363 309 to
393 254 516 327 propter
542 263 675 307 amorem
696 264 799 306 meum
825 251 960 307 mortuus
983 264 1044 307 cs:
1073 265 1130 325 ego

120 340 381 411 propteramorcm
396 342 482 393 tuum
501 331 577 391 mori
592 331 670 392 volo.

158 419 227 479 265.
240 418 305 478 vll.
320 416 446 497 Affectus
459 414 513 497 qui
523 416 641 499 suggeri
656 421 780 496 possum
793 415 1012 489 socerorum,
1033 424 1063 478 ct
1081 436 1129 479 ro·

120 496 232 584 liqa‘osis
248 499 387 580 infirmia.

160 586 195 647 lu
214 604 285 665 pace
304 586 483 665 inidipsum
504 584 671 657 dormiam,
690 591 721 644 ct
747 584 938 663 requiescam.

159 672 238 732 Deus
250 688 332 733 meua
348 680 378 733 ct
394 672 504 731 omnia.
528 672 553 730 0
580 678 629 731 me
650 670 787 741 boatum,
808 670 833 728 si
850 672 948 730 omnia
967 674 1129 746 amittam,

121 764 156 815 ui
176 756 325 833 acquiram
347 766 377 817 te
395 775 495 817 meum
516 773 667 816 summum
690 754 814 815 bonum.

159 841 194 899 Iu
215 850 425 913 marmium,
446 842 590 911 Domino,
612 836 786 916 commendo
801 836 940 917 spiritum
956 858 1069 903 meum

159 926 204 986 No
221 924 356 1003 projicias
374 944 422 987 me
437 944 454 987 a
468 926 540 985 facie
561 933 623 985 tua.

160 1010 229 1071 Jesu
248 1010 415 1071 dulcissime
430 1056 438 1081 ‚
456 1028 494 1071 no
514 1011 667 1087 permittas
689 1027 740 1069 mc
755 1008 883 1086 soporari
898 1007 916 1068 a
936 1018 977 1069 aa.

161 1096 270 1157 Amore
284 1098 393 1155 amoris
408 1096 451 1154 tui
468 1094 596 1165 moriar,
608 1092 660 1168 qui
673 1111 774 1153 amore
790 1093 899 1153 amoris
911 1094 968 1153 mei
988 1093 1131 1172 diguatus

98 1214 103 1221 ·
123 1200 154 1243 os
167 1180 254 1241 mori.
268 1182 319 1239 Ito
336 1176 448 1238 dicuat
457 1184 577 1237 conotus
591 1176 775 1237 Froacs’oous.

161 1266 219 1325 Cor
235 1264 395 1323 contritum
413 1270 443 1323 et
457 1260 670 1332 humiliatum,
693 1263 795 1339 Dcos,
817 1280 878 1324 non
901 1263 1055 1343 despicies.

159 1350 193 1409 Iu
207 1356 235 1407 ie
251 1347 499 1426 Domioesperaui
512 1392 520 1420 ‚
535 1364 596 1408 nou
610 1346 773 1407 confundar
791 1348 824 1409 iu
845 1357 1002 1411 eternum.

161 1432 288 1513 Diligam
308 1440 356 1506 tc,
381 1434 507 1497 Domine
520 1477 528 1505 ,
543 1430 685 1492 fortitudo
704 1450 781 1493 mea.

161 1517 211 1595 Eja
226 1518 358 1591 moriar,
379 1520 524 1594 Domine,
542 1526 576 1577 uo
595 1518 765 1578 revideam.

161 1602 238 1677 Quid
253 1602 328 1663 mihi
347 1612 391 1665 est
403 1604 435 1665 io
452 1604 524 1663 coelo
539 1624 548 1679 ;
561 1612 590 1663 et
610 1600 627 1662 a
647 1612 677 1663 te
695 1602 767 1681 quid
787 1601 869 1663 volui
885 1621 976 1682 super
995 1611 1133 1667 terram?

161 1688 241 1749 Deus
253 1688 349 1749 cordis
363 1690 420 1749 mei
431 1732 439 1757 ,
451 1696 480 1748 et
490 1706 556 1766 pars
572 1705 637 1747 mea
657 1688 688 1747 in
711 1696 866 1747 oeteruum.
937 1690 940 1695 '

161 1772 306 1835 Dominus
319 1772 496 1835 illuminatio
508 1790 572 1833 mea
588 1816 596 1843 ,
613 1781 643 1832 ct
658 1771 735 1831 salus
749 1788 831 1842 mea,
845 1789 935 1849 quem
948 1773 1083 1836 timebo?

161 1858 266 1931 Pater,
281 1859 411 1937 peccavi,
425 1876 486 1919 nou
499 1874 565 1917 sum
579 1856 686 1936 dignus
699 1856 797 1917 vocari
819 1854 898 1915 filius
918 1864 996 1919 tuus.
1110 1888 1117 1897 ,

162 1946 269 2008 Averto
281 1945 383 2006 faciem
397 1939 507 2004 toarni
524 1943 647 2021 pcccatis
660 1941 745 2002 meis.

162 2033 242 2093 Tuus
255 2047 320 2091 aum
331 2047 402 2107 ego,
413 2028 526 2088 salvum
539 2045 587 2086 me
599 2027 653 2088 sac.

162 2115 284 2191 Quando
299 2116 414 2176 venium
427 2157 435 2184 ,
450 2120 478 2173 ei
500 2113 646 2192 apparebo
662 2119 729 2174 aute
745 2113 848 2175 faciem
871 2115 954 2174 Dei?

161 2204 234 2277 Quis
253 2218 307 2261 nos
326 2196 498 2280 separabiti
511 2197 652 2258 charitate
668 2196 799 2259 Christi?
823 2264 828 2272 ,

162 2290 301 2348 Amorem
319 2285 363 2345 tui
385 2283 480 2344 solium
502 2283 682 2363 cumgratia
704 2292 754 2344 tua
778 2282 850 2346 mihi
872 2281 1027 2360 dones,et
1046 2289 1134 2352 diros
1237 2339 1238 2354 2

122 2387 188 2430 sum
205 2370 284 2427 satis.
299 2369 330 2427 S.
348 2368 488 2444 {quotics
498 2365 621 2447 Loyolo.

161 2453 292 2512 Dilectus
300 2467 383 2510 meus
392 2449 488 2520 mihi,
506 2461 536 2509 et
554 2470 608 2529 ego
621 2453 677 2512 ilii.

161 2534 374 2598 misericordius
393 2534 515 2595 Domini
536 2535 568 2595 iu
587 2545 732 2598 aeteruum
749 2538 884 2599 cantabo.

163 2621 266 2682 Sancta
282 2619 395 2693 Maria,
413 2628 507 2680 muter
526 2621 598 2698 Dei,
613 2640 665 2682 ora
678 2641 733 2702 pro
747 2623 1055 2702 nouispeocatorihus,
1068 2638 1128 2689 cto.

161 2708 243 2780 vua,
258 2704 402 2778 dulcedo,
417 2724 481 2786 spes
497 2714 612 2782 nostra,
626 2710 714 2770 salve.

163 2791 317 2870 Refugiom
330 2799 534 2868 pcccatorum,
549 2810 599 2852 ora
610 2811 666 2872 pro
681 2794 777 2855 nobis.

162 2877 278 2950 Maria,
311 2881 405 2933 mater
426 2875 548 2952 gratiae,
577 2887 672 2938 mater
701 2877 929 2954 misericordiae,
957 2890 989 2943 tu
1013 2901 1067 2943 nos
1091 2885 1131 2946 ab
1233 2864 1234 2915 3

124 2966 206 3028 hosio
222 2969 342 3041 protego
356 3004 365 3031 ‚
380 2967 409 3019 ei
424 2955 496 3020 hora
511 2963 614 3022 mortis
629 2965 755 3044 suscipe.

162 3050 188 3108 0
203 3050 281 3110 solua
296 3055 325 3108 te
335 3045 552 3110 inuocaoriumi
567 3047 600 3110 S.
611 3049 728 3116 Bouoa.
