2475 3975
233 158 260 239 ς.
279 158 526 221 timoratione
545 154 819 238 contemplationis,
832 163 886 221 etc.
1008 163 1062 227 itt

58 260 272 340 spiritualium,
285 266 316 323 et
337 257 545 321 obscuritatem
567 259 726 338 quamdam
748 260 888 321 leviorem
900 306 907 332 ,
920 267 951 323 et
965 263 1065 328 minis

58 344 220 407 durabilem
230 366 240 421 3
249 342 300 405 sed
313 340 432 423 quando
442 352 484 405 est
495 344 745 423 supernaturalis,
758 343 793 404 de
802 363 860 423 qua
871 342 920 407 hie
930 348 1062 425 agimus,

60 432 140 508 ponit
152 431 281 493 animam
292 430 324 489 in
335 427 461 505 quadam
472 427 648 491 obscuritate
659 429 865 508 profundiori,
877 450 944 509 qnare
952 431 1064 494 diutinis

60 516 208 589 clurat,et
226 512 360 593 quotidib
375 510 471 593 majus
490 514 594 593 accipit
614 514 843 575 incrementum.
863 514 1064 581 Nihilominus

61 602 153 663 anima
175 602 208 661 in
226 600 277 660 tali
298 606 375 659 statu
394 599 572 671 constituta,
594 597 664 660 licerit
683 599 834 661 sentiatse
846 598 969 681 magist
982 618 1064 662 erca-

61 687 131 747 turis
154 686 333 755 alienatam,
355 690 384 744 et
408 680 513 743 babeat
539 684 747 762 cogitationem
771 701 889 764 sempor
914 686 945 747 in
967 686 1063 747 mum

60 767 275 842 desumunt
290 786 356 831 cum
374 768 487 847 ingenti
506 768 669 840 desiderio,
686 777 717 828 et
734 768 981 831 determinatione
994 787 1065 833 eum

60 854 183 933 perlecti
201 854 342 925 amandi,
366 862 465 915 tamen
484 855 574 915 sentit
592 871 623 914 se
642 853 788 915 redditam
807 862 947 936 tanquam
966 858 1064 936 impo-

60 950 167 1003 tentem
185 940 223 999 ad
242 937 298 999 boe
310 938 516 1017 exequendum
532 938 570 998 ob
585 956 652 997 suas
664 937 900 1017 imperfectiones
913 985 922 1016 ‚
935 961 1063 1023 quarum

60 1024 139 1085 causi
158 1024 276 1085 videtur
293 1024 366 1086 iacta
383 1025 447 1085 Deo
467 1022 611 1083 odibilis:
631 1022 682 1082 sed
701 1022 832 1094 interea,
853 1022 910 1085 hoc
934 1044 995 1086 nnn
1016 1028 1065 1089 ob·

59 1118 165 1182 stante,
183 1126 244 1170 non
262 1116 352 1169 cessat
367 1125 398 1169 se
414 1104 495 1169 recti
507 1125 611 1187 gerere
624 1107 655 1169 in
670 1107 843 1168 virtutibus.
864 1108 931 1169 llaec
944 1111 1064 1171 molesta

60 1194 172 1255 ariditas
191 1201 235 1254 est
256 1192 376 1271 quidam
397 1201 507 1253 tractus
527 1193 650 1271 gratiae,
674 1200 718 1255 est
741 1193 792 1252 lux
811 1192 945 1272 quadam
961 1212 1067 1275 super·

61 1279 215 1355 naturalis,
231 1278 282 1339 sed
297 1279 349 1339 lux
361 1296 428 1357 qum
444 1276 531 1339 affert
548 1296 684 1357 poenam,
699 1286 730 1339 et
744 1278 972 1351 obscuritatem,
987 1298 1063 1359 quo·

61 1365 135 1425 niam
157 1365 260 1427 volens
282 1381 314 1425 se
340 1363 421 1423 nudo
446 1364 562 1441 spiritui
589 1362 829 1436 communicare,
853 1374 883 1423 et
909 1365 1062 1429 inveniens

62 1467 176 1523 seusus,
197 1460 287 1529 atque
306 1450 453 1528 [intentius
473 1448 579 1512 animae
598 1448 644 1507 sui
667 1466 728 1507 non
748 1446 844 1507 adbuc
867 1468 1004 1529 capaces,
1026 1470 1062 1512 en

60 1552 92 1593 co
108 1536 176 1615 qnia
198 1534 333 1597 nondum
353 1532 475 1614 prorsds
492 1531 509 1595 d
528 1532 777 1593 consolationibus
797 1532 984 1602 sensibilibus
1002 1537 1062 1599 sint

58 1619 227 1697 disjunctae,
251 1626 282 1681 et
305 1628 517 1697 consequenter
538 1618 762 1692 materialibus,
788 1637 854 1698 quae
877 1621 971 1700 plenae
992 1630 1063 1681 suot

60 1704 156 1769 formis
166 1749 175 1778 ,
186 1703 386 1782 imaginibus,
403 1713 434 1765 ct
446 1704 569 1783 figuri33
584 1704 721 1783 producit
734 1704 766 1763 in
779 1706 877 1765 anima
891 1705 1060 1786 hujusmodi

59 1790 186 1851 tenebras
205 1797 266 1852 mm
288 1789 443 1861 molestas,
457 1788 507 1851 sed
524 1789 609 1849 valde
630 1790 737 1861 utiles,
758 1792 899 1867 quoniam
917 1811 971 1871 per
985 1793 1062 1873 ipsas

60 1878 149 1937 anima
162 1876 297 1956 pervenit
310 1875 347 1935 ad
360 1875 568 1936 alienationem
584 1874 743 1951 qnamdam
765 1875 803 1935 ab
822 1876 961 1939 omnibus
976 1880 1061 1939 volu·

61 1961 182 2038 ptatihus
204 1959 393 2022 sensibilibus
417 1968 478 2020 mm
500 1959 651 2032 terrenis,
672 1957 762 2038 quim
786 1960 1009 2040 spiritualibus3
1031 1970 1062 2023 et

61 2047 174 2126 insuper
191 2047 319 2129 acquirit
337 2063 474 2123 magnam
497 2064 618 2106 suarum
640 2046 827 2106 miseriarum
844 2047 1060 2124 cognitionem,

61 2139 140 2209 atque
159 2131 343 2211 impotentiae
361 2130 399 2190 ad
420 2129 544 2210 quodvis
559 2148 634 2208 opus
648 2130 761 2191 bonum
778 2129 1013 2209 perficiendum,
1032 2139 1064 2190 et

62 2215 143 2278 simul
162 2235 301 2296 magnam
321 2233 389 2294 erga
408 2217 505 2276 Deum
525 2214 766 2284 venerationem,
780 2214 831 2292 qni
844 2213 886 2271 illi
900 2231 1061 2293 repraesen-

61 2308 133 2362 tatur
149 2302 341 2373 venerabilis,
362 2309 392 2362 et
409 2300 562 2362 terribilis.
584 2301 619 2360 ln
643 2297 699 2358 boc
721 2305 797 2358 statu
818 2299 953 2360 Director
974 2299 1061 2362 debet

61 2387 178 2448 animam
196 2387 361 2448 confortare
379 2386 417 2448 ad
438 2383 597 2464 sperandas
615 2403 669 2449 res,
684 2403 803 2464 magnas
819 2381 835 2446 d
852 2386 934 2459 Deo,
955 2388 1007 2466 qui
1022 2387 1059 2448 ad

61 2468 130 2534 bunc
148 2473 238 2536 finem
258 2474 298 2536 ita
319 2491 350 2533 se
367 2471 445 2552 gerit
464 2490 531 2534 cum
545 2489 590 2531 ea.
606 2470 741 2531 lnsinnet
760 2472 809 2542 ei,
830 2490 869 2532 ne
888 2483 1012 2533 conetur
1027 2491 1059 2534 sc

62 2556 186 2621 exercere
206 2558 239 2618 in
260 2557 474 2627 meditatione,
491 2557 543 2618 sed
565 2553 703 2616 humiliet
716 2573 747 2614 sc
759 2599 767 2628 ,
781 2557 867 2616 saciet
881 2567 961 2617 actus
977 2559 1059 2617 obla·

61 2639 154 2716 tionis,
175 2650 328 2723 totamque
351 2641 457 2722 seDeo
478 2641 662 2712 committat,
682 2639 893 2718 perfectissime
914 2642 1059 2716 resignato

61 2722 291 2804 dispositionibus
311 2744 372 2788 suae
393 2726 574 2800 voluntatis,
596 2742 664 2803 quae
685 2730 745 2784 tota
766 2725 862 2787 tendit
884 2725 922 2785 ad
945 2724 1059 2786 bonum

54 2817 195 2872 'nostruin

93 2897 159 2958 aaa.
173 2899 243 2960 Post
257 2893 332 2960 hanc
353 2896 561 2976 purgationem
579 2894 683 2956 sensis
701 2894 776 2957 solet
792 2895 939 2956 Dominus
954 2912 1058 2956 conce-

62 2981 122 3042 dere
144 2981 259 3045 donum
287 2983 562 3062 contemplationis,
584 3002 650 3062 qnae
667 2982 778 3042 dicitnr
805 2982 924 3062 gandii3
947 2982 1058 3044 scilicet

60 3068 266 3132 recollectionis
290 3067 538 3148 supernaturalis,
564 3067 692 3146 quietis,
714 3076 745 3127 et
775 3067 894 3126 unionis
901 3111 912 3143 ‚
941 3066 979 3127 de
999 3085 1058 3147 qun

62 3151 187 3232 deinceps
209 3153 388 3230 loquemur3
407 3151 459 3214 sed
478 3161 548 3212 ante
570 3153 729 3228 unionem,
744 3158 774 3211 et
792 3159 859 3228 post
873 3151 1057 3215 recollectio-

60 3254 136 3308 nem,
148 3246 179 3298 et
191 3239 340 3319 quietem,
353 3237 427 3300 solet
446 3237 524 3296 Deus
544 3255 670 3316 purgare
691 3241 821 3296 animam
838 3235 975 3298 ariditate
996 3238 1056 3317 spi·

60 3321 145 3394 ritis,
166 3329 233 3402 'qum
253 3321 362 3384 dicitur
378 3321 498 3384 ariditas
510 3317 734 3396 substantialis,
748 3318 805 3398 qud
821 3320 964 3382 Dominus
977 3325 1053 3393 vult,

61 3415 88 3467 ut
103 3407 198 3470 anima
217 3426 250 3472 se
268 3416 360 3468 totam
379 3407 411 3468 in
433 3407 525 3486 scipsa
548 3405 706 3466 annihilet.
732 3404 860 3464 Ariditas
884 3406 986 3466 sensis
1010 3415 1055 3466 est

61 3490 206 3555 subtractio
225 3491 390 3556 devotionis
403 3491 567 3561 sensibilis,
584 3490 636 3550 scd
654 3488 773 3550 ariditas
786 3489 906 3568 spiritis
918 3496 961 3548 est
974 3505 1055 3563 quac·

62 3571 119 3636 bro
135 3577 185 3638 loix
203 3577 324 3651 divina,
342 3575 400 3654 qut
424 3577 502 3634 Deus
522 3573 605 3644 lucit,
625 3582 661 3634 ut
679 3573 777 3634 anima
806 3591 894 3714 supp
925 3568 1054 3630 nihilum
