2475 3975
145 146 184 203 tt
422 136 534 199 Pluris
549 135 736 217 confessarii.
753 138 826 223 Cap.
840 144 869 203 2.

145 253 188 305 cst
201 241 341 320 mentio),
362 246 433 303 tune
452 238 541 300 satius
557 248 601 299 cst
615 241 779 303 occasiones
791 252 909 320 captare
932 246 1053 307 ialamit
1065 256 1151 309 nota-

145 339 209 389 tum
226 326 364 388 laudandi
378 325 410 385 in
426 324 524 401 aliqua
543 322 607 401 ejus
623 326 754 398 virtute,
773 334 807 387 ut
819 345 889 388 eum
906 328 939 389 in
956 330 1067 392 bonnm
1081 332 1156 393 alio·

144 430 213 473 rum
226 412 396 490 opinionem
410 416 499 487 ponat
509 452 517 479 ,
528 408 617 487 quim
631 410 664 470 in
675 412 850 473 memoriam
863 430 1004 475 revocare
1013 434 1062 475 res
1076 434 1151 493 prns-

144 499 245 558 teritas
255 496 309 557 hle
322 497 407 557 lamae
419 494 616 557 restitutione.
627 495 824 557 confessarius
835 508 974 576 procuret
984 544 993 571 ,
1003 508 1039 560 ut
1052 498 1153 579 hujus·

144 581 223 643 rnodi
245 582 331 643 samm
346 578 619 657 compensationes,
642 576 712 641 adm
733 579 888 641 commode
910 581 977 643 lieri
1001 594 1149 662 possunt,

145 674 213 725 ante
231 664 446 739 absolutionem
462 660 536 723 fiant
543 708 553 739 ,
567 663 636 742 quia
647 672 749 742 postea
761 664 919 727 difficulter
930 666 1148 745 adimplenturr

143 748 212 811 lirtt
230 748 276 810 hee
288 750 387 809 minus
398 748 578 809 difficultatis
591 747 737 821 habeant,
748 748 836 829 quam
846 750 978 828 pecunie
988 752 1148 813 restitutio.

143 835 279 912 Denique
298 832 346 895 hic
366 832 535 895 advertatur
556 832 637 913 qubd
658 834 787 913 proximi
804 834 944 896 delictum
967 836 1149 913 patciaeere,

143 929 215 980 tunc
227 917 350 998 proprie
362 918 504 981 detractio
522 919 648 992 dieitur,
666 927 697 979 et
714 927 759 979 est
780 930 948 997 peceatum,
967 917 1037 979 edm
1051 922 1151 981 inten-

143 1004 243 1077 ditur,
257 1013 291 1067 ut
311 1006 353 1066 eit
371 1005 404 1067 S.
424 1004 551 1067 Pirenaeo
569 1006 610 1083 (2.
627 1008 655 1063 1.
672 1022 703 1085 q.
718 1004 768 1064 75.
781 1022 812 1063 α.
826 1004 887 1084 1.),
902 1004 1010 1065 tamam
1027 1006 1153 1067 alterins

141 1087 496 1167 donigrnrc,nonautem
506 1088 574 1149 edm
583 1090 750 1150 intenditur
758 1086 878 1166 aliquod
886 1089 1030 1149 damnum
1038 1091 1151 1160 vitare,

143 1181 176 1233 ut
196 1184 271 1233 esset
293 1183 445 1252 parantes,
463 1174 641 1248 dominum,
661 1176 817 1254 praelatum
829 1174 968 1234 certiores
985 1173 1103 1246 facere,
1117 1189 1152 1237 ut

141 1274 209 1317 reus
226 1258 418 1332 emendetur,
441 1268 492 1320 aut
510 1260 637 1321 aliorum
653 1261 763 1323 damno
775 1260 954 1320 consulatur.
966 1258 1055 1320 llodb
1070 1260 1152 1322 illins

140 1340 282 1403 damnum
297 1354 372 1405 esset
383 1346 481 1425 magni
498 1347 641 1407 momenti
654 1390 663 1420 ,
676 1355 728 1407 aut
743 1342 830 1423 longe
842 1345 940 1404 minus
952 1342 1063 1405 damno
1076 1346 1152 1407 inia-

140 1426 1150 1511 midnotati.0bsarveturidquedhabeturinopereltib.4.n.968.).

178 1514 228 1575 lb.
253 1516 335 1576 Circa
358 1518 492 1578 debitum
518 1517 690 1579 restituendi
716 1516 804 1583 elicui
829 1513 973 1575 honorem
994 1514 1150 1591 ablatum,

140 1606 263 1680 propter
283 1602 491 1663 contumeliam
513 1602 542 1663 ci
562 1603 737 1680 irrogatam,
751 1600 814 1677 jam
836 1607 935 1659 actum
955 1606 1000 1659 est
1020 1599 1054 1660 in
1072 1619 1152 1678 praa·

139 1692 224 1763 cepto
236 1685 275 1744 V.
291 1704 323 1745 rt.
341 1687 390 1745 56.
406 1685 440 1746 ln
459 1685 515 1757 hae
536 1694 683 1765 praecepto
701 1686 782 1745 Vlll.
798 1684 862 1745 DD.
886 1684 976 1743 etiam
996 1693 1090 1761 emunt
1112 1687 1151 1746 do

137 1768 256 1846 judiciis
278 1773 453 1833 temerariis.
465 1774 550 1834 blulti
571 1773 660 1835 rudes
671 1790 703 1832 se
715 1778 852 1831 accusant
867 1768 985 1829 semele
998 1769 1037 1831 dc
1048 1771 1150 1849 alique

139 1854 274 1914 sensisse.
298 1858 333 1917 ln
355 1855 412 1919 hoc
433 1875 507 1936 opus
528 1868 573 1919 est
595 1859 769 1926 advertere,
793 1858 823 1915 1.
837 1853 924 1929 Quod
941 1851 1011 1915 cern
1033 1857 1149 1916 motiva

138 1936 312 2003 sufficientia
325 1942 432 2003 adsunt
448 1944 489 2003 sic
498 1942 651 2022 judicandi
662 1943 700 2003 de
712 1942 813 2021 aliquo
823 1941 898 2002 iacto
907 1983 917 2013 ,
924 1938 1075 2017 judicium
1083 1958 1149 2002 non

34 2086 36 2090 ,
137 2031 183 2084 est
202 2028 415 2100 temerarium,
434 2029 486 2089 sed
504 2028 639 2106 justum,
662 2035 694 2087 ct
716 2036 870 2105 prepterea
892 2024 980 2102 culpe
1000 2033 1092 2087 earet
1113 2029 1146 2086 2.

137 2109 223 2182 Quen
244 2111 419 2194 plerumque
436 2112 498 2176 haee
516 2131 577 2174 non
597 2121 668 2173 sunt
684 2109 877 2188 judicia,sed
894 2107 1096 2187 suspiciones,
1112 2110 1144 2170 in

136 2212 209 2270 quas
228 2197 362 2271 domini,
384 2207 416 2260 et
434 2199 657 2278 patresfamilias
677 2195 835 2274 aliquando
860 2200 999 2257 wnentur
1022 2193 1147 2265 induci,

137 2290 170 2338 ut
193 2281 313 2358 aliquod
333 2293 483 2359 peccatum
504 2284 683 2361 impediant,
695 2300 782 2360 εις.
801 2280 928 2342 neservi
940 2279 1148 2352 iurentur-,nc

136 2364 205 2425 liliae
225 2376 345 2444 peccant
365 2385 433 2426 eum
455 2368 526 2427 viris
538 2367 702 2439 versando,
726 2374 784 2434 ete,
802 2361 1022 2426 Tantummodo
1044 2379 1095 2423 eos
1107 2365 1148 2424 dn

135 2449 191 2509 hee
214 2459 349 2524 moneat,
365 2469 404 2512 ne
421 2449 590 2530 hujusmodi
611 2451 790 2530 suspiciones
806 2452 871 2511 sine
891 2449 1062 2510 necessitate
1073 2467 1144 2511 curn

136 2541 199 2602 aliis
216 2537 377 2598 conferant.

173 2625 224 2687 ll.
239 2623 399 2700 Reliquum
418 2633 492 2686 esset
512 2641 680 2686 sermonem
698 2624 794 2684 saccas
812 2623 851 2682 dc
873 2619 1027 2700 preceptis
1044 2618 1144 2679 Eccle-

134 2711 204 2782 siae,
224 2707 275 2769 sed
292 2707 329 2766 de
349 2707 406 2780 iis,
427 2727 533 2788 nempe
551 2713 590 2769 dc
608 2709 788 2787 obligatione
805 2703 943 2765 audiendi
957 2701 1078 2762 missam
1091 2745 1101 2773 ‚
1113 2711 1149 2762 et-

134 2799 172 2858 de
190 2812 252 2856 non
273 2791 434 2853 laborando
451 2793 499 2854 die
515 2795 588 2856 sesto
599 2839 607 2867 ,
619 2792 682 2872 jam
703 2793 772 2852 satis
793 2788 882 2868 supra
900 2787 1030 2849 diximus
1042 2805 1075 2846 n.
1090 2787 1141 2847 52.

133 2890 161 2943 et
174 2881 222 2943 55.
237 2879 319 2942 Circa
340 2875 489 2954 jejunium
511 2888 609 2939 autem
620 2923 630 2954 ,
651 2878 709 2938 tria
730 2879 762 2936 in
781 2872 946 2936 confessarii
966 2870 1158 2940 memoriam.

133 2983 316 3029 revocamus.
337 2963 362 3024 1.
385 2966 454 3026 Non
476 2981 578 3024 omnes
598 2964 712 3024 labores
732 2977 871 3022 excusare
893 2955 1069 3035 t-jcjanio,
1089 2955 1146 3014 scd

133 3070 183 3113 ees
203 3052 363 3122 duntaxat,
377 3050 429 3129 qui
450 3050 575 3109 inultam
587 3048 719 3128 cor-poris
731 3047 921 3126 agitationem
932 3046 1052 3101 causant
1062 3037 1139 3116 (tib.

124 3140 163 3216 ἱ1.
183 3154 216 3196 rt.
234 3135 346 3214 1011.)
356 3137 395 3196 11.
413 3133 570 3213 Operarios
582 3134 621 3192 iis
631 3132 701 3193 selis
715 3129 819 3193 diebus
834 3126 964 3190 excusari
976 3123 994 3184 ir
1006 3121 1141 3201 jejunio,

132 3227 164 3282 in
189 3217 296 3298 quibus
322 3225 388 3280 ectu
411 3219 565 3290 laborant,
587 3226 639 3279 aut
661 3215 729 3277 crim
748 3222 868 3296 sperant
889 3209 1014 3272 crastina
1035 3207 1086 3267 die
1101 3225 1139 3302 ‘sc

130 3305 333 3373 laboraturos,
345 3312 376 3364 et
387 3322 448 3364 non
465 3321 548 3383 pesse
561 3302 617 3363 nisi
633 3303 682 3362 dle
694 3299 869 3381 praecedenti
882 3293 1037 3358 comedant
1046 3289 1138 3369 (idad.

130 3409 162 3454 u.
179 3390 291 3464 lObl.l.
304 3388 357 3447 lll.
374 3391 440 3448 Non
460 3387 593 3448 sufficere
613 3386 650 3446 ad
666 3385 781 3464 jejunio
802 3380 1038 3445 satisfaciendum
1056 3384 1139 3434 extra

131 3473 289 3548 prandium
304 3479 334 3531 ct
350 3489 464 3528 coenam
478 3489 538 3531 non
552 3469 723 3539 comodere,
740 3479 792 3529 aut
803 3465 925 3546 vesperis
938 3465 1037 3525 miuus
1049 3461 1139 3527 solito
1213 3538 1214 3543 η

131 3571 268 3624 cannara,
291 3562 324 3612 ut
344 3551 417 3611 falsis
442 3555 529 3613 multi
552 3553 699 3632 credunt3
719 3552 870 3631 jejunium
890 3551 973 3612 enim
995 3545 1139 3622 importat
