2475 3975
34 128 36 135 ’
117 156 175 219 ιιι
385 150 497 215 ricae
511 146 695 229 amsaaaro'.
712 150 847 231 rapio.

116 257 216 321 tionis.
234 258 272 319 Et
289 254 409 335 quando
427 254 526 331 agitur
545 252 583 313 de
601 252 752 315 occasione
772 257 930 333 pmxima,
950 254 1068 319 {aetites
1090 274 1123 319 ac

115 352 199 421 gerat
218 343 282 409 sine
305 341 367 403 nllo
388 354 582 419 personarum
606 348 742 416 respectu
765 340 797 401 in
820 341 983 405 docenda
1003 342 1125 403 absolu-

116 428 214 498 tione,
226 442 379 507 quousque
391 424 537 503 poenitens
550 422 730 485 occasionem
740 435 909 503 removeat,
922 426 1042 505 quando
1053 435 1125 489 acto

116 513 234 584 existit,
258 521 292 575 ut
313 509 522 589 explicavimus
535 526 569 569 o.
585 510 636 569 ot.
650 511 688 570 Et
703 510 727 569 si
747 512 859 573 occasio
877 519 922 573 est
939 513 1124 583 necesaria,

116 598 220 659 saltem
238 610 390 675 quousque
402 591 420 653 e
434 593 569 672 proxima
588 593 691 655 evadat
709 604 823 657 remota
843 595 1012 660 adhibendo
1024 597 1125 659 taedia

115 682 171 745 cibi
189 683 342 760 assignata.

152 768 220 827 aar.
233 766 355 845 spano
370 764 459 826 mono
472 766 510 826 sn
523 762 693 825 incarnata
706 766 737 825 m
752 765 924 844 denegando
937 767 1125 830 anciacum
1235 747 1237 756 ’

114 852 226 931 sponsis
244 853 295 930 qui
317 868 417 913 secum
434 858 664 923 conversantur,
678 852 754 911 sicut
771 861 803 911 ct
819 852 1005 931 genitoribus
1020 855 1075 931 qui
1090 854 1124 915 id

115 936 310 1015 permittunt:
327 952 424 1015 neque
435 936 534 997 credat
546 937 604 999 illis
617 936 814 997 asserentibus
824 938 943 999 nullom
955 942 1053 1001 inesse
1065 958 1126 1000 ma·

114 1020 265 1099 lnm3boc
274 1025 357 1087 enim
367 1033 411 1087 est
420 1024 571 1085 moraliter
580 1023 780 1102 impossibile,
791 1032 825 1085 nt
833 1022 919 1084 docet
927 1024 1124 1103 experientia.

153 1111 222 1173 {82-
238 1112 291 1173 tx.
308 1113 439 1189 Deneget
458 1127 577 1187 quoqne
594 1108 810 1171 absolutionem
828 1108 888 1169 illis
900 1110 954 1188 qui
965 1110 1074 1171 volunt
1086 1110 1127 1171 ad

114 1197 243 1274 aliquem
258 1196 394 1255 ordinem
413 1211 529 1255 sacrum
547 1193 723 1263 ascendere,
745 1193 818 1256 dnm
831 1192 927 1255 adbuc
938 1203 1008 1259 sunt
1020 1196 1125 1273 aliquo

114 1283 220 1341 vitioso
242 1277 345 1341 babitu
364 1278 485 1340 irretiti.
504 1278 567 1341 Nisi
588 1278 699 1340 viderit
719 1278 786 1339 lbos
808 1278 931 1356 adeptos
951 1297 1022 1339 esse⁴
1035 1280 1127 1343 boui·

114 1374 205 1426 tatem
227 1364 384 1443 positivam
405 1362 443 1425 ad
463 1361 543 1427 buae
567 1363 693 1443 gradum
718 1366 932 1438 necandam,
952 1374 988 1427 ut
1008 1365 1125 1429 ἀίιιιιιιι

114 1458 157 1513 est
175 1470 207 1512 n.
226 1450 276 1510 79.

151 1538 191 1597 X.
208 1538 336 1595 caveant
352 1534 442 1595 etiam
452 1578 460 1605 ,
471 1542 502 1595 et
513 1534 671 1613 diligenter
683 1542 804 1595 caveam
815 1532 1126 1615 disaadcrcaltqacm

73 1634 77 1641 '
113 1620 326 1685 adolescentem
347 1618 364 1679 i
383 1620 537 1681 vocatione
557 1620 694 1697 religiosa
713 1628 836 1698 propter
855 1618 1002 1682 humanos
1021 1640 1126 1701 respe-

112 1716 194 1782 ctus3
215 1704 294 1785 quod
313 1706 445 1767 excusari
462 1722 522 1765 non
542 1713 638 1783 potest
655 1703 814 1783 t-peccno
835 1706 974 1776 mortali,
989 1715 1025 1768 ut
1036 1709 1128 1772 docet

112 1794 144 1855 S.
165 1792 219 1855 Tb.
239 1788 377 1869 andb‘b.
392 1792 423 1853 b.
438 1798 498 1852 ort.
511 1792 560 1854 lt.
578 1788 625 1853 ob
643 1800 717 1870 quot
729 1791 896 1853 confessarii
910 1792 1041 1870 imperiti
1058 1798 1126 1861 sina

113 1880 175 1940 ullo
187 1879 328 1959 scrupulo
339 1875 512 1939 abstrabunt
522 1874 648 1954 juvenes
659 1874 678 1938 b
691 1877 844 1937 vocatione
856 1876 894 1936 ad
905 1884 1014 1937 statum
1028 1884 1127 1960 magis

112 1966 291 2046 perlectum,
305 1963 387 2026 nulli
405 1962 462 2022 alit
474 1964 589 2042 ratione
600 1960 700 2033 ducti,
716 1960 806 2040 quiam
823 1969 857 2022 ut
874 1962 1126 2040 placeanteorum

112 2050 305 2131 propinquis,
318 2047 475 2111 asserendo
493 2045 573 2107 filios
588 2047 685 2108 mndri
702 2055 842 2123 presure
858 2047 1058 2109 obedientiam
1069 2070 1128 2131 gc-

112 2137 277 2198 nitoribus!
294 2137 407 2196 [locent
424 2133 622 2196 communiter
637 2134 779 2194 Doctores
797 2149 866 2192 cum
886 2134 919 2192 S.
934 2131 1069 2209 Tbomo,
1088 2139 1126 2200 in

113 2223 255 2284 electione
275 2220 368 2282 statiis
390 2235 635 2296 unumquemque
655 2218 714 2278 lrui
734 2218 788 2279 sut
805 2217 967 2279 libertate:
982 2225 1126 2301 ctmagis

113 2307 202 2386 quim
220 2306 404 2384 genitoribus
421 2304 618 2383 praestandam
631 2322 693 2366 csse
707 2301 904 2364 obedientiam
916 2304 978 2364 Deo
990 2309 1124 2368 vocanti.

113 2391 295 2452 Econtrario
309 2389 442 2448 advertat
454 2389 662 2458 confessarius,
682 2387 762 2466 qubd
778 2388 840 2466 ipse
851 2387 956 2466 nequit
969 2388 1126 2452 absolvere

112 2473 252 2552 quosdam
271 2473 365 2541 alios,
383 2472 436 2546 qui
455 2472 519 2530 sinc
537 2474 692 2534 vocatione
706 2473 817 2538 vellent
831 2473 869 2534 ad
889 2473 1009 2536 ordines
1023 2493 1125 2539 sacros

112 2556 277 2620 ascendere.
299 2553 371 2619 Vide
386 2553 451 2618 Lib.
467 2557 496 2616 6.
512 2575 545 2616 aa.
560 2558 629 2618 805.

149 2645 218 2706 l85.
240 2644 294 2706 Xl.
318 2642 352 2704 ln
372 2640 551 2720 excipiendis
574 2641 760 2703 sacerdotum
782 2643 1011 2706 confessionibus
1032 2663 1123 2709 reve-

111 2740 212 2794 renter
222 2747 253 2790 sc
263 2735 345 2807 gerat
356 2747 365 2806 ;
378 2727 429 2788 sed
441 2737 523 2805 gerat
534 2746 565 2790 se
580 2728 669 2790 etiarn
682 2730 798 2789 fortiter
813 2730 843 2788 in
857 2729 995 2789 iaciendis
1010 2728 1124 2795 debitis

112 2815 343 2881 correctionibus
356 2855 364 2886 ,
378 2822 408 2876 et
421 2814 452 2873 in
463 2812 633 2892 deneganda
646 2813 849 2884 absolutione,
860 2814 976 2892 quoties
987 2826 1122 2892 oportet.

111 2907 146 2964 Et
167 2900 346 2964 sacerdotem
372 2895 478 2976 partim
502 2899 681 2960 meticulose
706 2900 892 2962 conscientias
915 2917 977 2960 non
1001 2902 1124 2965 omittat

111 2993 294 3069 interrogare
307 2981 455 3065 praepos
466 2984 543 3046 circa
554 2983 700 3045 hasciriaa
717 2988 747 3054 l,
762 2983 871 3044 Utrirm
885 2984 1036 3045 distulerit
1050 2988 1124 3048 celc-

112 3074 278 3138 brationcm
294 3073 448 3136 missarum
466 3087 520 3149 per
538 3088 690 3143 mensem,
705 3071 858 3132 siluerint
875 3069 972 3129 missae
984 3079 1122 3134 mortuo·

110 3178 199 3235 rnm3
213 3170 243 3220 ct
260 3179 314 3240 per
333 3159 423 3230 dnos,
440 3157 465 3218 si
481 3157 596 3218 'inerint
611 3158 772 3219 vivorum:
787 3155 937 3216 bocenim
953 3173 1014 3215 non
1029 3174 1123 3220 ercn-

110 3241 219 3302 saturi
237 3253 354 3320 peccato
367 3242 449 3322 gravi
463 3241 539 3322 (vida
549 3241 614 3306 Lib.
627 3245 658 3304 6.
669 3263 701 3304 o.
717 3242 786 3304 517.
804 3244 863 3320 (lu,
878 3239 949 3317 IL).
963 3241 992 3300 2.
1008 3241 1121 3306 Utrvim

110 3326 268 3390 celebravit
279 3327 469 3404 testinantecq
480 3327 654 3406 impendens
669 3329 751 3388 enim
767 3328 799 3388 in
812 3327 908 3386 missa
921 3325 1121 3389 celebratione

110 3408 209 3474 minsis
219 3406 306 3486 quim
320 3409 402 3472 borae
413 3413 625 3491 quadrantem,
637 3413 750 3474 etiamsi
762 3421 838 3472 esset
850 3412 936 3474 mima
950 3410 1048 3470 votiva
1060 3413 1121 3474 ΒΒ.

110 3494 241 3572 Virginis
252 3535 260 3564 ,
271 3495 533 3573 aotuorruomm,
546 3517 600 3560 nec
613 3499 703 3559 etiam
716 3495 928 3559 excusabitnri
939 3495 1025 3572 eulpa
1033 3501 1118 3574 gravi

110 3576 157 3652 (t.
167 3581 195 3638 6.
203 3595 236 3637 a.
244 3574 338 3652 666),
350 3579 490 3652 quoniam
500 3584 532 3643 in
545 3583 597 3645 toli
606 3582 748 3664 temporis
758 3583 853 3662 spatio
865 3599 925 3644 non
935 3580 1046 3660 poterit
1057 3598 1118 3642 non
