2475 3975
1209 10 1212 121 i

130 186 191 253 trs
321 186 459 269 Epitome
471 182 612 249 doctrine
626 181 749 248 ororolio
761 182 946 249 cccccccccc

130 286 324 351 contrahendi
344 287 462 359 morbi,
482 288 605 366 questio
630 296 674 349 est
691 289 769 351 inter
792 290 857 349 DI).
872 306 1002 367 anceps,
1026 280 1148 374 inqui

131 372 289 435 uihiloerti
306 374 486 436 decernitur.
500 374 543 433 De
554 373 627 451 Syn.
647 373 733 435 dioee.
744 374 766 435 1.
780 374 829 435 15.
844 392 871 434 c.
888 376 938 435 19.
957 393 989 435 ιι.
1009 376 1058 435 19.
1142 398 1146 407 ’

171 460 207 519 In
217 458 321 519 ordine
330 456 637 518 rdudministrsndum
649 457 860 519 Eucharistium
870 476 930 519 non
943 476 1005 519 esse
1017 478 1146 531 omnem

131 543 266 605 Ecclesioe
273 543 365 604 ritum
375 541 569 615 servandum,
583 542 636 620 qui
650 542 914 605 moddehlieclesii
925 544 1145 621 prescribitur,

131 626 218 689 docet
231 629 410 689 iiumtorius
420 627 451 687 in
467 633 591 687 troctetu
600 627 637 688 de
648 636 729 705 peste
741 672 749 701 ‚
763 627 814 687 sed
828 629 864 689 eb
883 628 1016 707 Episcopi
1026 626 1147 705 judicio
1213 672 1214 677 ι

132 712 330 791 expetendum
342 730 405 772 esse
416 756 425 783 ‚
438 710 513 788 quud
531 708 686 791 isingulis
705 714 836 791 praesturi
859 721 976 791 posset,
995 722 1029 773 ut
1040 711 1146 773 minius

132 795 312 875 periculosi,
328 796 380 857 sed
395 796 535 857 decenter
544 797 747 872 ministretur,
764 796 947 875 quodetiam
961 797 1146 876 rescriptum

132 883 189 1025 iim
206 882 243 943 ud
259 882 405 962 postulate
417 882 528 944 vicarii
550 882 701 963 apostolici
723 883 810 945 dulim
830 884 978 945 Goesureoe.
993 885 1038 944 De
1063 884 1143 962 Syn.

156 963 219 1027 ioec.
236 966 312 1028 ibid.
326 987 358 1029 ιι.
371 969 420 1029 2⁶.

172 1060 250 1122 Tuto
263 1069 361 1141 posset
375 1062 534 1141 Episcopus
549 1061 684 1141 indicere
700 1062 834 1139 tempore
849 1062 959 1142 pestis,
981 1060 1063 1141 quid
1083 1062 1147 1121 Eu·
1214 1054 1215 1069 ³

133 1140 270 1206 choristis
282 1145 363 1209 luicis
377 1148 578 1225 porrigeretur
596 1147 660 1207 suis
680 1146 815 1209 munibus
829 1147 1016 1227 accipiendo,
1027 1156 1062 1208 ut
1085 1146 1145 1225 ipsi

134 1246 188 1309 per
202 1247 234 1291 se
249 1230 294 1293 ori
313 1232 393 1295 ilium
407 1230 592 1295 inducerent.
604 1231 681 1293 thid.
701 1249 732 1291 ιι.
749 1231 799 1293 27ι
1109 1234 1112 1239 “

173 1324 311 1385 Extremo
328 1325 429 1387 unctio
449 1343 519 1405 erge
536 1334 618 1405 peste
640 1325 764 1386 intectos
778 1323 908 1386 conteni
931 1332 1030 1403 potest
1051 1327 1146 1386 inun-

133 1406 232 1487 gendo
246 1426 391 1491 organum
409 1411 490 1472 illius
507 1409 631 1484 sensis,
650 1410 702 1489 qui
721 1408 854 1470 unctioni
867 1412 959 1488 magis
976 1412 1144 1487 expositum

135 1511 167 1554 se
179 1492 283 1566 offert,
301 1494 482 1557 itn'iormem
504 1495 682 1575 proferendo
698 1494 845 1574 quomodo
865 1493 931 1555 fieri
951 1496 1047 1566 solet,
1074 1492 1144 1556 erim

136 1595 214 1639 uuus
226 1578 433 1640 tentummodo
446 1598 547 1640 sensus
558 1581 724 1657 inungitur.
741 1578 817 1639 lbid.
841 1596 873 1639 n.
888 1580 937 1640 29.

173 1668 253 1727 Licet
265 1676 363 1729 eutem
372 1667 486 1746 judicio
498 1670 634 1749 Episcopi
653 1670 685 1731 in
704 1687 740 1731 eo
759 1688 826 1731 cusu
839 1672 982 1752 inungere
997 1680 1144 1750 regnotum

134 1750 266 1816 adhibiti
282 1753 408 1834 oblongi
419 1754 520 1834 virgi,
532 1754 617 1834 cujus
633 1756 666 1816 in
676 1756 807 1819 extremi
817 1766 901 1836 parte
916 1759 954 1818 sit
968 1759 1144 1837 gossypium

136 1839 202 1901 oleo
213 1857 294 1902 suero
308 1840 469 1903 imbutum.
483 1839 561 1903 ibid.
576 1858 610 1901 ιι.
625 1842 675 1902 50.

567 2019 721 2095 ιιιιιιιιε.

175 2199 248 2273 Quoe
258 2197 353 2260 rendi
363 2216 424 2260 uon
433 2204 574 2278 possunt,
589 2215 644 2258 uec
655 2205 778 2277 possunt·
788 2199 819 2259 in
832 2198 939 2278 pignus
952 2197 1026 2258 duri.
1037 2198 1070 2258 t.
1081 2199 1144 2260 Pu·

57 2320 62 2327 ·
136 2281 1142 2365 piumsucmrcm,u.roresprpnort,ctc.Quarecestrensis,

138 2381 168 2430 et
182 2371 271 2430 etium
283 2370 404 2430 mobilia
412 2370 538 2447 pretiose
550 2386 610 2428 non
623 2370 679 2428 nisi
690 2377 882 2429 concurrente
894 2367 1024 2445 legitimi
1038 2368 1140 2440 causi,

138 2465 168 2515 et
183 2454 337 2514 enemente
357 2454 474 2514 licentii
490 2454 574 2512 Sedis
590 2455 776 2531 apostolice,
795 2455 843 2513 vei
857 2454 991 2530 Episcopi
1008 2464 1140 2531 respectu

138 2536 295 2607 mobilium
310 2539 435 2603 minoris
450 2537 558 2617 pretii,
571 2536 661 2599 vendi
679 2548 812 2619 possunt.
823 2540 896 2599 lust.
910 2537 987 2599 Eecl.
1003 2539 1051 2600 69.
1066 2557 1097 2599 ιι.
1110 2539 1139 2600 t.

497 2715 780 2782 ufficuuuuulu.

177 2891 325 2956 Perochus
336 2892 410 2966 ioci,
422 2892 476 2955 ubi
498 2893 605 2972 uliquis
627 2893 721 2968 obiit,
735 2893 858 2954 cadaver
871 2894 1015 2955 associans
1027 2911 1140 2974 semper

139 2981 227 3043 hehet
240 2978 464 3059 praecedentiam
477 2996 564 3058 supru
578 2978 670 3051 ulios,
684 2978 874 3058 quoadusque
887 2987 931 3040 ert
944 2979 1022 3040 intre
1034 2979 1139 3044 limites

139 3062 611 3145 puroecieesuae.1ust.lioel.105.
634 3081 666 3124 ιι.
689 3063 737 3124 di.

479 3241 615 3304 runcss
629 3241 811 3315 nuruum
836 3331 840 3338 ι

177 3417 327 3495 Principes
338 3419 489 3482 seculares
506 3422 532 3482 si
552 3428 655 3500 pcunt
667 3421 705 3483 sb
719 3421 861 3500 Episcopo
873 3429 911 3484 ut·
927 3439 1029 3502 preces
1043 3425 1139 3504 publi·-

25 3572 26 3577 ἵ
136 3514 179 3554 eur
200 3500 368 3561 indicantur
389 3520 444 3579 pro
469 3506 647 3566 necessitate.
660 3504 773 3582 statuis,
796 3505 826 3566 id
845 3509 949 3585 utique
969 3515 1084 3586 potest,
1109 3519 1138 3572 et

135 3575 234 3636 debet.
250 3584 375 3646 Nonnisi
397 3585 469 3649 vero
491 3606 607 3655 summu
621 3591 728 3653 abusio.
744 3599 818 3654 esset
827 3637 838 3670 ‚
857 3594 888 3654 si
902 3593 999 3658 etiem
1011 3611 1049 3654 ex
1069 3612 1137 3658 eon·
