2475 3975
165 198 203 256 50
446 194 556 255 Proseis
570 189 753 271 conflatorii.
771 191 844 269 Cep.
857 193 887 251 2.

168 295 211 355 ilfi
235 294 410 357 acciderent.
430 292 524 355 Aliter
546 302 666 362 nartem,
691 301 726 352 ut
745 291 850 351 dicunt
871 289 1063 369 probabiliter
1088 292 1177 355 multi

119 404 124 416 ·
165 380 229 439 DD.
246 377 289 460 ’(ἱ.
318 382 348 443 2.
365 400 399 442 n.
418 380 467 440 50.
489 396 518 439 o.
542 378 643 455 Quoer.
659 375 718 454 8.),
738 376 763 436 si
787 374 934 453 optauerit
950 376 1027 436 mala
1048 377 1097 437 illa
1120 378 1178 439 sub

165 480 226 525 uno
249 484 357 545 genere
383 464 474 536 mali,
501 480 608 542 nempe
631 470 665 521 ut
689 459 786 521 media
806 458 844 520 ad
872 460 992 521 ruinam
1013 462 1178 540 appetitam

165 546 296 611 inimico.
311 552 347 611 Et
366 546 414 609 hle
426 557 471 610 est
494 548 626 609 confusio
645 545 908 619 confessariorum,
928 544 960 605 in
981 544 1180 608 discernendo

165 652 203 695 an
222 633 466 712 imprecationes,
487 652 553 713 quae
573 630 698 692 rudibus
714 648 776 691 esse
795 628 891 691 solent
914 630 1048 702 usuales,
1064 631 1180 692 fuerint

166 727 281 797 peecata
298 719 458 791 mortalia,
481 736 517 777 an
537 716 673 777 venialia.
693 717 727 777 ln
741 714 796 777 hoc
810 722 927 795 oportet
947 715 1131 792 interrogare
1145 718 1179 777 in

166 802 271 882 primis
299 802 511 882 poenitcntem,
536 820 573 861 on
593 802 625 861 in
640 800 691 861 illo
711 808 776 863 actu
795 799 972 860 desiderarit
989 798 1178 873 deliberatis,

166 893 199 946 ut
218 886 276 947 illm
299 887 511 964 succederent3
534 886 585 946 sod
606 883 663 947 hoc
684 905 744 947 non
767 884 876 945 sufficit
896 882 933 943 ad
959 892 1073 943 certum
1092 884 1180 961 judi·

165 970 245 1030 cium
267 970 452 1044 faciendum,
468 990 524 1051 qua
547 969 584 1031 de
596 988 630 1031 re
648 990 721 1051 opus
740 979 805 1044 cst,
823 976 858 1031 ut
870 976 969 1049 postca
989 968 1179 1048 interroget,

165 1054 190 1114 si
217 1056 393 1135 imprecatus
410 1055 500 1117 fuerit
520 1056 550 1116 in
570 1066 745 1126 extraneos,
767 1074 804 1115 an
826 1055 858 1115 in
874 1054 1078 1135 propinquos,
1104 1056 1180 1132 quia

165 1140 197 1200 in
222 1140 277 1201 has
299 1140 458 1221 (praeripud
482 1141 513 1200 in
545 1140 644 1210 filios,
671 1137 833 1218 conjuges,
857 1147 908 1199 aut
933 1139 1080 1219 parentes)
1105 1139 1180 1203 rard

165 1226 283 1284 aninrus
298 1242 404 1303 pravus
421 1223 511 1282 adest.
529 1222 681 1283 Postremo
698 1232 815 1304 oportet
827 1225 1008 1301 interrogare
1021 1224 1059 1286 de
1070 1244 1158 1287 causa
1167 1272 1178 1304 ,

165 1327 219 1369 cur
243 1326 290 1368 eas
311 1308 533 1385 imprecationes
544 1306 808 1384 protulerit3ddm
829 1310 853 1367 si
877 1327 962 1368 causa
982 1312 1098 1388 gravis,
1123 1320 1182 1375 aut

165 1395 282 1456 ferrens
299 1393 342 1453 ira
362 1393 596 1463 intercesserint,
620 1393 703 1451 facilc
722 1400 766 1451 cst
783 1401 853 1452 tune
869 1394 956 1453 etiam
976 1412 1101 1471 pravum
1124 1396 1182 1458 de·

165 1480 310 1540 siderium
332 1478 509 1537 interfuisse.
528 1474 673 1536 Caeterum
689 1495 749 1536 non
768 1477 878 1537 sufficit
891 1478 1046 1555 poenitenti
1068 1479 1107 1539 ad
1124 1500 1183 1542 ex·

166 1562 306 1625 cusandas
322 1563 563 1641 imprecationes,
579 1562 677 1621 dicere
692 1560 771 1640 quod
792 1559 908 1622 tantiam
927 1562 959 1622 in
976 1562 1026 1623 illo
1040 1576 1128 1638 actu,
1144 1574 1184 1628 ut

166 1648 337 1716 evenerint,
361 1646 519 1722 cupiebat3
541 1646 608 1723 qnia
633 1645 689 1707 hoc
708 1644 770 1723 jam
794 1645 901 1705 sufficit
920 1656 953 1706 ut
971 1648 1003 1706 in
1030 1648 1082 1708 illo
1108 1660 1182 1710 actu

93 1746 97 1753 '
165 1733 318 1793 commissa
336 1732 375 1791 sit
397 1731 481 1809 eulpa
502 1731 598 1808 gravis
610 1774 619 1802 ,
633 1730 712 1789 unde
731 1730 922 1789 confessarius
935 1739 1006 1791 tunc
1023 1735 1183 1811 perquirat

165 1818 203 1879 do
226 1832 371 1885 numero,
392 1825 422 1875 ct
441 1815 555 1893 judicet
571 1814 608 1875 dc
630 1816 672 1875 cis
693 1815 795 1875 saltem
817 1823 851 1874 ut
874 1832 974 1875 coram
997 1818 1059 1877 Deo
1077 1826 1179 1879 sunt:

166 1910 196 1964 et
210 1918 299 1980 quem
311 1900 473 1961 recidivum
491 1902 519 1959 in
541 1918 575 1960 co
596 1902 671 1961 vitio
688 1900 850 1978 repererit,
872 1918 932 1960 non
953 1899 1104 1973 absolvat,
1118 1904 1182 1965 nisi

165 1986 248 2072 pride
261 1986 419 2064 resipuerit
430 2031 438 2057 ,
449 1997 500 2046 aut
512 1985 778 2046 extraordinarium
792 1984 902 2045 doloris
916 1985 1033 2064 signum
1047 1986 1180 2050 dederit.

205 2073 254 2134 57.
281 2073 447 2150 interroget
467 2074 498 2131 2.
517 2071 547 2129 Si
564 2071 595 2130 in
619 2075 788 2148 proximum
812 2070 945 2130 intulerit
966 2071 1090 2148 injurias
1108 2093 1182 2151 gra·

165 2177 216 2221 ves
234 2166 265 2219 et
292 2173 448 2217 ancoram
475 2155 563 2232 aliis3
586 2156 654 2236 quia
685 2164 757 2214 tunc
784 2161 902 2214 tenetur
924 2173 1022 2215 coram
1045 2157 1182 2233 ipsismet

165 2247 321 2306 restituere
342 2242 385 2301 illi
405 2240 550 2303 honorem
570 2241 701 2302 ablatum
711 2284 720 2311 ,
731 2241 850 2300 veniam
865 2240 902 2298 ab
916 2257 952 2300 co
965 2241 1111 2319 petendo,
1126 2253 1182 2304 aut

165 2329 231 2389 aliis
243 2329 417 2388 reverentiae
435 2327 545 2402 signis3
559 2323 894 2404 dammodoprademcr
905 2343 965 2385 non
981 2337 1182 2403 presumatur

166 2411 283 2491 injuriis
304 2409 442 2469 affectum
462 2419 558 2468 totum
571 2411 718 2469 remisisse
729 2407 805 2488 (tat.
821 2411 852 2468 la.
864 2429 897 2470 rt.
909 2409 1013 2488 984.)=
1033 2419 1084 2470 aut
1096 2411 1181 2490 qudd

165 2499 203 2558 ab
224 2496 274 2555 illa
294 2492 409 2572 publica
431 2493 628 2554 satisfactione
641 2501 775 2565 rccuset,
795 2512 833 2553 ne
855 2494 933 2571 apud
956 2511 987 2554 se
1012 2495 1126 2571 rubor,
1149 2506 1182 2558 et
1214 2556 1218 2562 ,

165 2579 244 2662 apud
263 2579 335 2639 alios
349 2577 492 2637 memoria
511 2577 629 2656 injuriae
645 2586 769 2657 acceptae
781 2587 996 2638 renovarentur
1018 2599 1027 2638 ε
1046 2589 1098 2638 aut
1120 2581 1181 2641 nisi

165 2669 341 2738 timeretur,
366 2681 404 2723 ne
426 2661 479 2723 illo
500 2663 704 2724 satisfactionis
722 2669 789 2723 actu
812 2661 921 2722 iterum
939 2662 1041 2722 odium
1070 2665 1183 2724 excita·

165 2760 250 2813 retur
264 2746 297 2830 (f.
310 2767 335 2809 c.
351 2767 383 2808 a.
397 2745 489 2828 988).
508 2750 538 2808 si
554 2759 653 2809 autem
676 2745 783 2824 injuria
803 2747 859 2806 fuit
870 2755 997 2819 secreta,
1020 2749 1111 2808 etiam
1132 2768 1182 2811 se-

167 2834 245 2899 crctd
269 2842 390 2903 tenetur¹
416 2834 533 2894 veniam
555 2835 725 2912 postulare,
750 2829 912 2891 secundnm
936 2849 1038 2892 veram
1058 2843 1183 2895 senten-

166 2923 239 2986 tiam
252 2917 285 2999 (ἱ.
305 2937 330 2981 o.
347 2937 380 2980 a.
392 2918 485 2997 985.).
496 2921 633 2980 Attamen
643 2917 856 2978 advertendum
870 2925 914 2976 cst
927 2916 1183 2996 injurias,quihus

76 3081 80 3090 γ
167 3007 348 3070 adinvicem
368 3023 399 3066 se
416 3012 541 3066 onerant
557 3004 665 3076 rudes,
686 3001 756 3062 licdt
778 3003 809 3061 in
827 3019 858 3061 se
877 3012 973 3063 essent
989 3020 1112 3081 graves,
1132 3006 1183 3065 ni-

119 3103 122 3114 '
167 3090 329 3154 lrilominirs
347 3109 409 3154 non
432 3108 493 3150 esse
513 3108 630 3168 semper
648 3106 751 3169 graves
768 3089 847 3148 inter
874 3086 962 3166 hujus
979 3091 1095 3167 generis
1111 3107 1183 3168 pcr-

168 3196 275 3249 sonas,
294 3187 331 3252 ut¹
348 3177 417 3241 edm
436 3193 467 3236 se
489 3175 638 3255 appellant
651 3177 799 3248 latrones,
813 3173 974 3246 veneficas,
989 3176 1183 3253 meretrices3

168 3263 237 3344 quia
257 3261 388 3342 ipsaemet
418 3281 479 3322 non
504 3261 590 3321 multi
615 3259 832 3334 hammelant,
860 3277 914 3319 nec
933 3259 984 3337 qui
1005 3277 1053 3318 cas
1073 3260 1183 3336 audit,

168 3347 259 3410 fidam
281 3355 418 3426 praestat3
446 3348 546 3427 excipe
566 3347 589 3406 si
612 3347 805 3407 nominarant
833 3363 882 3404 res
909 3344 1125 3422 particulares,
1153 3359 1185 3410 et
1234 3418 1235 3425 ἵ

169 3431 335 3510 complices.
351 3433 516 3511 Interroget
540 3433 611 3493 item
627 3475 636 3506 ,
654 3433 678 3492 si
700 3429 859 3491 discordias
876 3430 1043 3506 excitasset,
1070 3431 1184 3496 zizania

170 3515 406 3587 disseminando,
430 3523 461 3574 et
477 3519 631 3578 referendo
648 3518 701 3577 uni
723 3536 789 3595 quoe
810 3516 848 3575 ab
869 3516 927 3576 alio
946 3515 1071 3574 audivit.

208 3599 257 3672 58.
280 3600 419 3677 Denique¹
437 3599 619 3680 interroget,
639 3602 663 3663 si
686 3600 755 3663 odio
774 3600 902 3680 aliquem
921 3599 1079 3676 habuerit,
1106 3612 1137 3664 et
1154 3608 1184 3667 ci
