2475 3975
241 234 244 237 ’
350 220 822 307 Βορνιιᾱιιιτίαεοηίειιανίἰ,εῑο.
1032 227 1088 292 tot

80 330 167 390 saluti
188 327 357 409 peonitentia
371 348 379 387 c
395 326 465 389 hinc
484 326 558 388 bene
574 333 671 405 potest
691 326 889 405 interrogare,
904 347 944 389 an
955 331 1088 410 complex

79 417 116 476 sit
143 415 343 494 conjunctus?
359 432 398 475 an
418 414 525 492 ligatus
553 421 623 473 voto
639 413 804 473 castitatis?
819 431 858 473 an
882 412 1029 477 cohabitet
1053 418 1087 479 iu

78 517 129 560 sira
149 501 250 563 cadem
263 502 377 563 domat
390 517 426 559 an
438 500 476 559 sit
489 498 618 559 ancilla?
633 496 724 557 ethis
743 497 850 559 similia
870 516 878 555 a
901 499 1015 560 etiamsi
1034 520 1088 579 per

77 586 145 645 istas
159 587 402 665 interrogationes
414 582 558 645 indirecte
569 582 755 645 manifestare
761 584 866 645 debant
873 602 997 662 persona
1007 604 1091 649 mm·

77 670 163 748 plicis
177 693 186 748 3
206 690 361 749 nunquam
375 678 475 731 tamen
495 669 758 747 exquiraturillius
773 686 883 731 nomen
893 667 1008 750 (thid).

114 757 182 817 tlt.
193 758 246 818 lV.
261 754 384 817 Summe
395 754 895 817 cautusdebetessecontessariusin
908 756 1089 835 excipiendis

75 840 306 902 confessionibus
322 838 494 900 mulierum.
510 841 544 899 Et
561 836 661 916 primd
673 838 835 901 anundum
856 840 936 918 qudd
951 842 983 901 in
1000 844 1087 902 Dccr.

73 923 105 981 S.
120 926 153 987 G.
167 928 383 1005 Episcoporum
402 926 452 985 il.
467 924 534 984 lan.
554 924 640 983 tato.
663 922 798 983 diciturc
824 923 1005 1003 conpectu
1022 926 1087 988 siue

72 1016 240 1073 necessitate
268 1008 373 1071 audire
401 1028 463 1069 uou
491 1006 594 1069 deleat
616 1004 777 1067 muctam
806 1008 1001 1087 confessiones
1020 1021 1087 1092 post

73 1094 278 1183 crepusculum
299 1094 498 1177 vespertinum
517 1101 545 1153 ct
559 1100 630 1153 aute
648 1109 801 1153 auroram.
816 1094 975 1171 toquendo
989 1106 1087 1159 nutem

71 1188 109 1247 de
130 1183 292 1265 prudentia
319 1180 509 1249 confessarii,
528 1180 591 1259 ipse
608 1181 785 1259 regulariter
804 1180 837 1242 in
862 1178 1087 1243 contessionarlo

72 1288 143 1331 cum
166 1268 338 1347 junioribus
361 1268 400 1327 sit
423 1263 521 1345 potitis
542 1266 655 1344 rigidos
685 1264 775 1343 quim
792 1264 913 1343 suaris3
939 1284 994 1328 noc
1019 1285 1088 1345 per·

70 1357 172 1424 mittat
192 1353 257 1413 illas
267 1361 337 1411 ante
350 1351 611 1413 contusionorium
621 1351 776 1421 accedere,
787 1359 822 1411 ut
833 1350 890 1411 sibi
905 1351 1086 1430 loquantur,

71 1450 102 1501 ct
128 1436 228 1501 multd
249 1433 373 1506 minda,
397 1444 432 1497 ut
461 1453 567 1495 manus
587 1435 806 1495 deosculentur.
831 1437 866 1495 ln
887 1444 954 1495 octo
974 1438 1087 1498 contes-

68 1525 162 1587 sionis
185 1538 247 1582 non
272 1520 407 1581 ostendat
431 1537 479 1579 eas
498 1538 674 1599 agnoscere3
698 1520 804 1597 aliqua
826 1520 931 1593 enim,
953 1540 1020 1600 quoe
1038 1540 1086 1583 re-

69 1610 186 1688 ligiosoe
215 1602 319 1665 habeti
353 1604 480 1675 volunt,
513 1605 672 1682 aliquando
697 1605 883 1665 advertentes
912 1624 944 1666 se
967 1606 1087 1668 nacto

69 1690 267 1761 confessario,
285 1706 346 1749 non
360 1688 472 1749 faciunt
488 1688 635 1767 integram
646 1691 868 1751 contessionem.
885 1692 1087 1769 lmprudcntia

68 1792 193 1858 quoque
206 1784 250 1833 ast
272 1773 418 1852 conjicere
437 1775 536 1836 oculos
556 1775 587 1834 in
608 1776 784 1851 poenitentes
796 1817 805 1850 ,
818 1774 916 1835 calmi
932 1779 1088 1840 consessio·

70 1863 160 1923 nario
181 1860 326 1920 recedunt
344 1902 353 1932 ‚
373 1876 480 1937 casque
500 1876 554 1936 per
579 1859 700 1937 aliquod
725 1868 842 1937 tempus
860 1861 982 1921 intueri.
999 1864 1087 1925 Extra

68 1946 336 2010 consessionarium
350 1962 404 2006 uec
422 1945 511 2006 etiam
531 1944 710 2006 immoretur
721 1941 758 2004 ad
779 1944 1006 2024 colloquendum
1018 1966 1086 2008 cum

68 2034 144 2113 ipsis
163 2034 196 2092 in
216 2032 369 2109 Ecclesia,
396 2049 574 2109 omnemque
597 2031 826 2091 familiaritatem
852 2032 979 2112 devitet.¹
991 2035 1087 2094 Absti-

68 2127 144 2180 ncat
160 2117 251 2178 etiam
262 2115 279 2176 a
291 2117 670 2195 recipiendismunusculis
682 2138 692 2191 3
702 2123 733 2175 ct
754 2117 903 2196 praecipue
916 2119 953 2177 nd
968 2119 1088 2181 illarum

68 2206 178 2266 domos
200 2219 355 2278 nunquam
379 2203 515 2277 accedat3
536 2218 598 2260 uno
613 2211 735 2276 excepto
755 2218 822 2259 casu
846 2202 944 2278 gravis
960 2201 1088 2262 infirmi·

68 2289 163 2360 tatis,
179 2297 209 2346 et
230 2294 302 2346 tunc
323 2304 383 2347 non
408 2287 464 2347 nisi
481 2295 602 2345 vocatus
619 2284 760 2361 accedat;
782 2292 853 2343 tunc
878 2302 1014 2364 magnam
1036 2287 1088 2348 ad-

69 2373 175 2434 hibeat
192 2371 375 2448 diligentiam
388 2373 419 2431 in
435 2369 590 2431 aotdicndis
611 2369 731 2430 illarum
745 2370 992 2444 confessionibus,
1007 2374 1087 2434 unde

67 2458 195 2535 januam
211 2465 343 2536 apertam
362 2457 511 2535 relinquat
525 2501 533 2526 ‚
548 2455 648 2515 sedeat
661 2456 691 2514 in
715 2457 779 2516 loco
800 2455 852 2518 ubi
875 2456 969 2518 videri
995 2460 1087 2537 possit

68 2544 107 2602 ab
136 2542 224 2617 aliis,
245 2542 402 2620 oculosque
418 2543 449 2601 in
472 2541 575 2602 faciem
595 2542 767 2619 poenitentis
795 2559 950 2620 nunquam
968 2543 1086 2622 deligat.

73 2629 111 2688 Et
133 2625 191 2688 hoc
207 2627 373 2704 praesertim
392 2628 505 2699 currit,
527 2628 551 2686 si
575 2627 634 2686 sint
657 2643 790 2704 personae
813 2629 999 2703 spirituales,
1020 2631 1089 2706 qui·

71 2711 198 2772 buscum
218 2719 262 2771 est
281 2711 446 2788 periculum
467 2711 586 2788 majoris
602 2709 786 2784 adhaesp'onis.
807 2709 928 2770 Dicebat
958 2713 1030 2773 Vera.
1047 2714 1085 2773 P.

70 2796 221 2856 Sertorius
242 2797 394 2874 Capetus,
415 2797 565 2856 diabolum
584 2793 622 2854 ad
644 2794 863 2873 conjungendos
879 2796 959 2856 inter
975 2813 1007 2856 se
1019 2814 1087 2875 per·

69 2898 158 2940 sonas
175 2879 359 2958 spirituales,
380 2881 416 2940 ab
436 2881 522 2941 initio
539 2889 584 2939 uu
605 2889 749 2958 praetextu
771 2881 910 2952 virtutis,
928 2890 962 2941 ut
981 2881 1088 2942 deinde

71 2964 193 3024 allectus
211 2962 229 3024 a
248 2964 360 3024 virtute
387 2973 516 3026 transeat
531 2965 568 3025 od
591 2983 778 3043 personam:
802 2967 883 3026 unde
906 2967 1002 3026 aits.
1026 2968 1087 3027 Au·

70 3049 212 3130 pustinus
230 3049 309 3126 apud
324 3051 356 3110 S.
382 3050 484 3112 Thoar.
501 3054 623 3132 loprae.
643 3052 693 3110 dl.
709 3049 745 3111 dc
762 3047 871 3111 Fouoil.
886 3051 975 3108 Dour.
993 3053 1059 3130 etc.)
1076 3077 1088 3115 .-

71 3137 174 3195 Sermo
187 3131 302 3204 brevis,
323 3141 352 3194 et
373 3134 488 3216 ripidus
511 3155 577 3196 carm
603 3131 841 3196 toamnasarim
861 3131 1086 3215 lrabeaduscst3

72 3233 125 3278 aea
151 3224 252 3278 turrea
275 3220 349 3298 quio
367 3220 545 3292 sanctiores,
568 3219 633 3280 idad
646 3219 747 3280 miuus
768 3213 919 3294 caciaco,
940 3221 1088 3300 qudeuiru

72 3298 235 3364 sanctiores
254 3301 371 3380 facerem
392 3349 400 3377 ,
424 3307 457 3368 ed
478 3311 573 3386 uraqis
597 3302 745 3364 alliciunt.
773 3304 810 3362 Et
832 3303 911 3364 idem
934 3306 1091 3384 angelicus

72 3388 185 3446 Ductor
198 3385 300 3447 addit:
316 3387 395 3451 ticet
415 3373 676 3468 coruolis‘affectio
689 3387 730 3448 sit
746 3385 881 3451 erunibus
900 3388 1086 3472 periculoso,

72 3467 148 3550 ipsis
181 3475 280 3532 taurea
305 3474 402 3553 mopis
430 3474 617 3556 peruiciosa,
639 3471 759 3552 quaracla
786 3481 996 3536 accersantur
1022 3491 1089 3534 curu

71 3569 203 3634 persora
225 3571 291 3634 prom
312 3555 479 3638 spiritualis
495 3557 633 3633 videtum
650 3576 723 3616 arom
747 3556 883 3636 quamuis
904 3552 1088 3636 principium

69 3634 211 3700 uideatur
234 3659 364 3722 prorum,
388 3640 477 3704 talem
505 3640 645 3722 frequens
670 3637 867 3721 familiaritas
894 3635 1082 3698 domesticum
1159 3663 1169 3679 -.
