2475 3975
163 177 223 242 nuo
362 166 648 252 Epitontedoetn’no
658 164 977 232 morotnerroaoatcu

160 275 386 342 distributiones
409 272 569 341 amittunt,
589 270 641 333 sed
667 289 734 352 que
760 263 929 333 accrescunt
957 270 1164 350 presentibus.

162 365 235 426 lnst.
253 361 333 422 Eoel.
347 359 418 420 tot.
435 374 520 416 nunr.
534 357 584 418 ll.

199 446 287 508 Vetat
305 445 426 522 insuper
439 457 554 500 sacrum
566 438 732 502 Concilium
747 455 817 502 sess.
833 441 883 502 84.
899 458 927 500 e.
942 440 990 500 ll.
1004 437 1040 502 de
1051 437 1109 520 ref.
1129 457 1166 504 uc

162 529 293 596 chorales
307 545 406 590 seeum
418 525 545 586 invicem
561 524 764 602 paciscantur,
776 541 815 584 ne
829 523 1011 584 mulctentur
1022 523 1166 585 absentes.

161 618 249 680 Vetat
265 616 354 676 etiam
368 628 406 672 ue
421 605 512 687 gratis
520 607 729 671 condonentur
740 607 963 670 distributiones
974 609 1011 668 iis
1024 652 1033 681 ,
1047 609 1169 686 quinon

161 698 368 770 interfuerint,
383 695 430 756 oui
445 693 562 756 decreto
576 693 714 756 insistens
725 695 757 754 8.
772 695 806 754 C.
820 695 911 758 Cone.
925 708 1042 772 semper
1050 695 1169 774 negant

160 786 258 848 valere
277 783 345 843 istas
362 777 776 842 condonationes.1b.n.ll.

199 870 259 932 lloe
275 875 377 926 tamen
402 861 616 926 nonobstante
635 864 678 925 las
705 872 749 926 est
772 863 915 944 Episcopo
939 870 1167 942 transgressores

160 953 231 1018 istos
241 949 366 1013 ulteriits
385 949 509 1028 punire,
529 957 565 1010 ut
578 946 685 1028 saepitls
701 949 853 1029 respondit
864 951 895 1009 8.
908 944 942 1010 C.
952 946 1030 1008 lbid.
1045 967 1078 1008 n.
1090 951 1141 1010 44.

200 1035 348 1104 Ceterum
370 1031 439 1098 eim
455 1052 571 1096 suerum
587 1034 753 1096 Concilium
781 1041 918 1113 exceptos
936 1031 1051 1111 judicet
1075 1032 1113 1097 ab
1135 1029 1170 1096 ei

162 1121 407 1188 distributionum
421 1119 577 1180 amissione
606 1117 672 1179 illos
688 1137 762 1197 quos
778 1118 956 1189 infirmitas,
975 1135 1027 1177 seu
1038 1115 1118 1194 justa
1139 1124 1173 1178 et

163 1207 346 1274 rationabilis
358 1203 518 1284 corporalis
532 1201 687 1262 necessitas
698 1247 708 1274 ,
718 1212 770 1265 aut
780 1202 902 1264 evidens
913 1203 1048 1263 Ecclesiae
1059 1203 1172 1266 utititas

163 1304 303 1370 excusut3
323 1289 395 1352 hino
419 1289 449 1350 S.
464 1291 496 1350 C.
519 1287 655 1360 censuit,
676 1287 709 1349 in
734 1307 770 1350 eo
787 1305 890 1350 rerum
910 1296 1018 1350 eventu
1036 1287 1171 1350 absentee

163 1397 224 1442 non
237 1374 355 1440 tantiun
368 1391 435 1438 suos
447 1373 669 1440 distributiones
677 1389 739 1434 non
751 1373 887 1436 amittere
899 1417 908 1445 ,
918 1372 969 1433 sed
981 1369 1089 1433 lucrari
1098 1393 1172 1454 aug-

162 1471 297 1526 mentum
312 1504 321 1531 ,
341 1457 422 1538 quod
439 1458 476 1520 fit
490 1475 526 1520 ex
539 1456 798 1520 distributionibus
810 1457 977 1520 absentium
994 1458 1058 1520 sine
1072 1461 1170 1522 causi.

163 1547 242 1622 Quin
259 1554 288 1604 et
300 1545 325 1603 si
344 1542 410 1620 quis
423 1540 597 1626 discedensi
608 1542 726 1602 civitate
737 1560 825 1603 sanus
836 1584 846 1616 ,
859 1559 1027 1621 proponens
1039 1542 1171 1607 reditum

161 1630 199 1690 ad
215 1628 363 1690 civitatem
379 1633 445 1702 pust
457 1625 621 1704 legitimam
641 1627 823 1690 vocatiouem
837 1668 846 1698 ,
859 1627 884 1689 si
909 1627 1028 1688 interim
1049 1624 1173 1709 negritu·

136 1745 139 1752 ·
163 1714 233 1778 diue
251 1710 415 1780 afficietur,
441 1725 495 1769 nee
521 1708 621 1770 redire
643 1711 752 1787 possit,
772 1710 869 1772 adhue
889 1711 1112 1774 distributiones
1122 1716 1173 1776 lu-

161 1807 279 1870 oratur,
292 1814 326 1856 ac
344 1793 370 1856 si
390 1811 521 1874 presens
541 1802 617 1858 esset
640 1793 673 1856 iu
690 1795 829 1872 civitate,
849 1803 884 1858 ut
897 1814 934 1867 ox
955 1796 1074 1860 decreto
1091 1799 1123 1862 8.
1136 1803 1171 1862 tl.

163 1881 240 1946 ibid.
255 1901 288 1944 n.
310 1881 361 1942 ld.

158 2036 161 2043 ,
201 1965 315 2031 Verium
329 1984 388 2031 non
401 1965 497 2031 omnis
513 1966 658 2047 egritudo
670 1973 809 2041 exeunt,
830 1985 886 2031 nee
905 1985 1008 2038 omnes
1027 1986 1172 2052 semper3

163 2054 270 2117 namsi
284 2054 368 2133 quis,
384 2049 451 2115 crim
464 2052 588 2133 sanitate
600 2052 732 2123 valebat,
745 2054 887 2113 interesse
894 2054 1060 2132 negligebat
1072 2100 1082 2128 ‚
1098 2066 1173 2119 tune

164 2140 218 2200 etsi
232 2138 407 2219 egritudine
417 2144 577 2217 gravetur,
593 2136 815 2201 distributiones
831 2155 893 2200 nou
912 2139 1042 2215 obtinet,
1055 2148 1090 2201 ut
1100 2160 1175 2203 cen-

162 2227 222 2287 suit
233 2226 263 2285 S.
276 2228 309 2286 C.
323 2222 399 2286 lbid.
416 2242 448 2283 u.
459 2222 508 2286 47.
984 2286 987 2291 ,

202 2310 342 2371 Accidere
355 2318 463 2395 'tamen
484 2316 602 2387 posset,
632 2317 667 2370 ut
689 2307 756 2387 quis
782 2326 843 2369 non
877 2317 1027 2373 vetaretur
1048 2311 1175 2389 quidun

162 2394 242 2455 exire
261 2393 371 2463 domo,
394 2392 446 2453 sed
467 2392 666 2474 aegritudine,
691 2392 751 2469 qud
776 2392 926 2464 efficitur,
943 2394 1043 2458 adosse
1070 2393 1170 2456 choro

160 2478 188 2536 ei
211 2490 271 2533 nou
286 2476 520 2551 permitteretur.
541 2477 617 2537 llinc
641 2494 734 2536 coecus
759 2476 1019 2540 distributionibus
1035 2480 1173 2556 potitur,
1224 2457 1226 2490 ¹

159 2558 274 2625 etiamsi
286 2576 352 2620 eam
363 2558 450 2619 officii
464 2566 596 2639 partem,
606 2578 696 2637 quam
705 2563 990 2634 memoridtenot,iu
1003 2561 1094 2627 chero
1107 2583 1176 2628 non

160 2646 281 2715 recitet,
305 2652 339 2705 ut
355 2644 468 2705 censuit
480 2644 510 2703 S.
524 2644 557 2705 C.
572 2644 649 2705 lbid.
665 2660 696 2703 n.
710 2644 761 2705 48.

198 2726 307 2791 Deberi
331 2747 406 2789 caneo
426 2723 648 2789 disiributiones
665 2746 701 2788 ex
719 2730 754 2789 cai
775 2726 851 2823 die‘,¹
869 2732 928 2812 qud
940 2732 1053 2794 lumine
1065 2742 1175 2812 captus

161 2823 205 2878 est
216 2859 225 2889 ‚
236 2822 266 2875 et
279 2832 340 2877 non
351 2812 447 2874 soliim
461 2832 498 2873 ex
513 2814 563 2887 ed,
575 2815 635 2893 qud
645 2833 675 2875 se
682 2813 799 2877 admitti
812 2825 847 2876 ut
857 2826 1031 2895 praesentem
1042 2821 1177 2894 postula·

160 2902 206 2963 ait
216 2944 226 2973 ,
238 2899 352 2961 censuit
365 2898 395 2958 S.
410 2898 442 2957 C.
457 2896 534 2957 lbid.

198 2986 277 3059 Quin
290 3002 343 3045 nee
354 2980 450 3045 tonderi
475 2982 561 3043 illum
578 2983 755 3045 substituere
772 2982 864 3043 alium
884 3000 939 3061 pro
953 3000 1044 3044 onere
1062 2988 1175 3052 missa.

161 3088 230 3132 rum
250 3072 282 3132 in
301 3068 451 3149 collegiati
465 3112 473 3140 ‚
486 3068 588 3129 eadem
599 3072 631 3129 S.
644 3070 676 3129 C.
688 3071 747 3130 alio
761 3067 888 3139 decreto¹
900 3079 1008 3129 censet.
1022 3070 1068 3131 lb.

199 3154 322 3229 Quando
336 3155 424 3235 pestis
446 3163 596 3231 grassatur
610 3154 703 3233 [quod
721 3152 867 3230 judicium
881 3154 1022 3232 Episcopo
1030 3158 1170 3221 remitti-

159 3242 220 3311 turi
238 3240 370 3301 canonici
386 3236 437 3316 qui
457 3254 489 3299 sc
508 3236 663 3300 absentant
682 3238 720 3297 ab
738 3237 830 3308 urbe,
850 3239 898 3297 vel
916 3238 1048 3317 oppido,
1064 3240 1172 3303 distri-

157 3317 293 3377 butiones
309 3322 483 3393 lucrantur,
501 3330 534 3379 ut
547 3338 583 3379 ex
595 3319 676 3379 decr.
690 3322 720 3381 8.
733 3322 765 3381 C.
778 3320 852 3383 lbid.
863 3342 895 3384 u.
908 3323 956 3386 50.

118 3401 135 3431 r
195 3399 258 3456 Nec
279 3402 444 3475 privantur
459 3400 572 3477 ctiam,
597 3404 649 3481 qui
670 3407 779 3467 assueti
796 3406 868 3466 aliis
890 3408 1031 3471 interesse
1050 3407 1173 3487 ὡοιο,

155 3478 357 3617 ἔοιὲιῑῐοὴιιέιιυέ
373 3484 491 3620 ίὲιέιιειίε
507 3488 596 3549 coacti
608 3506 642 3550 se
659 3488 758 3551 eloco
773 3491 937 3566 seducunt,
953 3502 987 3553 ut
997 3509 1034 3552 ex
1046 3493 1171 3559 decreto
