2475 3975
136 129 198 195 439
333 126 623 211 Epituuacdoctrime
639 124 958 191 raroreliaetcoaunice

179 229 333 293 'francicus
347 230 419 305 iste,
444 228 558 289 etiamsi
578 237 682 306 agatur
698 228 736 289 de
760 230 891 307 apostati
920 226 1150 309 transferendo,

138 316 204 378 lieri
218 333 403 395 nequaquam
420 322 516 393 potest
528 312 565 375 ad
585 312 779 391 religionem,
802 313 834 373 in
851 312 909 389 qud
929 315 1077 390 regularis
1096 316 1151 377 ob

120 391 284 469 ‚serrantia
295 417 356 459 nen
371 396 472 475 vigct3
490 398 563 475 quin
576 416 631 459 nec
652 398 736 469 licet,
756 397 781 458 si
796 396 899 475 religio
918 396 968 457 illa
983 398 1023 458 sit
1037 400 1152 459 milita-

137 487 180 548 ria
192 528 201 555 ,
214 485 267 544 aul
278 473 483 561 hospitalariis,
500 490 621 559 excepto
638 481 742 542 ordine
765 483 797 542 S.
810 480 940 542 denariis
960 478 996 541 de
1009 484 1084 544 Dee.
1105 488 1148 545 tu

124 565 411 636 ,edixitBeucdictru
422 568 561 628 X111.in
572 567 750 627 sudeanstit.
764 566 841 626 ticet
852 566 954 627 Sucro.
965 566 1042 628 lbid.
1054 588 1086 630 n.
1096 572 1147 630 ll.

176 653 328 733 Regularis
340 652 372 711 in
384 642 519 713 claustris
537 670 598 712 non
616 651 746 729 degens,
765 651 791 711 si
806 650 843 709 ab
863 650 922 711 illis
933 652 1072 713 abscessit
1087 672 1147 714 non

136 736 317 817 proeobtentd
330 736 491 814 superioris
504 736 608 808 venii,
619 745 818 815 vagansque,
835 735 888 795 etsi
903 742 995 814 gestet
1008 736 1146 817 religiosa

137 824 330 899 indumenta,
347 830 378 882 et
390 820 525 882 animum
534 820 678 882 redeundi
689 822 817 901 retineat
829 862 837 889 ,
847 819 936 880 debet
951 821 989 881 ab
999 824 1144 901 Episcopo
1211 842 1212 899 t

136 908 193 971 laci
206 906 277 980 ‚ubi
287 915 422 968 moratur
432 949 442 981 ,
454 904 487 967 in
503 912 653 966 carcerem
665 902 769 982 conjici
783 949 792 977 ,
805 914 835 964 et
848 906 1051 983 superioribus
1063 927 1147 985 regu·
1168 930 1172 941 ·

135 992 249 1055 laribus
277 989 464 1069 consignari,
486 982 651 1051 sccunddm
678 989 810 1133 regulam
838 989 1025 1066 puniendus,
1055 1002 1092 1053 ut
1111 1012 1148 1054 ex

136 1078 254 1139 decretu
270 1076 301 1136 S.
325 1077 468 1153 congreg.
491 1074 615 1135 Concilii
641 1074 679 1134 ab
731 1072 822 1134 rbeeo
841 1066 928 1134 vm.
955 1074 1146 1138 confirmato.

134 1162 213 1226 ibid.
228 1162 296 1222 ttae
311 1169 409 1221 umen
430 1176 499 1219 vera
517 1168 607 1231 sunt,
628 1160 683 1219 nisi
698 1156 818 1219 aliunde
832 1165 962 1231 constet,
976 1162 1146 1239 regularem

134 1248 222 1310 illum
233 1263 266 1307 se
281 1244 458 1305 subtraxisse
469 1243 506 1305 ab
520 1243 712 1305 immoderata
722 1242 877 1331 severitate
890 1246 1052 1322 superioris
1066 1247 1147 1307 loca·
1211 1244 1212 1259 ³

133 1334 190 1405 lis,
210 1338 244 1393 ut
256 1339 390 1391 recurrat
402 1330 439 1391 ad
454 1331 547 1391 alium
558 1330 739 1407 superiorem
752 1325 905 1404 majorem.
918 1324 993 1389 ibid.

172 1415 330 1496 Regulares
346 1414 560 1494 incorrigibiles
575 1414 682 1493 expelli
705 1421 826 1493 possunt
843 1412 881 1472 ab
907 1414 1030 1486 ordine,
1055 1418 1145 1499 quid⁴
1211 1416 1212 1499 l

132 1502 206 1581 quid
217 1511 316 1561 vetera
331 1500 363 1559 S.
380 1500 490 1577 Congr.
507 1500 622 1560 decreta
640 1500 712 1559 olim
729 1499 760 1557 in
779 1498 960 1557 contrarium
972 1500 1144 1573 statuerint,
1211 1504 1212 1513 ’

133 1594 168 1644 ιιι
195 1600 233 1643 ex
258 1583 342 1641 novis
367 1581 492 1641 decretis
514 1582 647 1658 ejusdem
674 1585 819 1659 Congreg.
846 1582 968 1643 Caecilii
990 1583 1144 1647 firmatur.

132 1667 210 1729 lbid.
223 1684 255 1726 n.
272 1665 319 1725 tt.
823 1664 835 1716 .’

134 1820 137 1824 ,
171 1743 382 1829 incorrigibilis
400 1749 473 1812 verb
497 1760 652 1825 censetur,
665 1750 716 1829 qui
735 1735 873 1811 omnibus
893 1752 1011 1813 inustus
1027 1764 1073 1815 est
1087 1758 1146 1817 im-

133 1832 287 1919 probitatis
296 1827 511 1897 characteribus
519 1835 623 1913 injure
634 1836 772 1897 canonico
783 1835 818 1894 ad
827 1836 858 1895 id
868 1835 1037 1915 designatis.
1048 1841 1145 1902 Debet

134 1934 274 2008 praeterea
293 1923 466 1984 antecedere
482 1925 640 1985 carceratio
664 1941 713 1983 sex
733 1922 877 1982 mensium
900 1923 933 1982 in
954 1925 1144 2002 poenitentid,

132 2021 163 2073 et
183 2004 316 2089 jejunio,
337 2028 371 2068 ec
392 2007 511 2069 tandem
533 2008 678 2069 sententia
697 2008 886 2069 Provincialis
911 2008 1044 2084 ejusdem
1070 2031 1145 2090 pro·

127 2091 256 2165 uincire,
273 2085 413 2154 'consultis
428 2102 526 2154 tamen
538 2111 589 2154 sex
603 2094 667 2154 aliis
687 2111 723 2151 ex
741 2092 843 2152 eadem
857 2093 1008 2170 provincia
1021 2095 1145 2174 religio·

131 2181 171 2240 sis
186 2224 194 2251 ‚
208 2177 394 2255 designandis
411 2173 443 2238 iu
465 2177 696 2256 congregatione
709 2177 898 2256 provinciali,
913 2177 1145 2240 confirmandis·
1211 2253 1212 2256 Ἴ

132 2283 191 2344 que
204 2264 220 2324 ic
235 2264 392 2341 Superiore
414 2264 563 2340 generali,
585 2265 632 2323 cui
653 2271 800 2322 reservata
825 2272 868 2320 est
883 2261 1004 2323 facultas
1028 2264 1144 2328 iterdm
1211 2265 1212 2270 ’

132 2347 308 2410 retractandi
318 2339 451 2407 eamdem
465 2367 592 2420 causam,
603 2359 632 2408 et
642 2349 771 2425 priorem
785 2349 960 2406 sententiam
969 2351 1142 2411 revocandi.

132 2437 175 2494 lta
189 2451 224 2493 er
236 2427 403 2491 novissimis
415 2431 541 2492 decretis
553 2435 584 2491 S.
600 2435 744 2510 congreg.
757 2432 892 2491 concilii.
907 2431 984 2491 lbid.
998 2452 1030 2493 n.
1047 2436 1099 2495 tt.

170 2519 205 2579 ln
218 2510 408 2577 conficiendis
423 2513 688 2594 incorrigibilitatis
705 2516 886 2595 processibus
899 2517 998 2577 valent
1008 2518 1052 2579 illi
1064 2563 1073 2591 ,
1087 2522 1141 2599 qui

131 2603 168 2664 ad
189 2620 325 2674 normam
336 2602 505 2680 regularum
527 2611 557 2662 ct
570 2601 817 2664 consuetudinum
832 2600 975 2676 ejusmodi
996 2603 1141 2667 ordinum

130 2690 305 2751 formantur.
322 2685 398 2745 lbid.
1161 2717 1165 2752 a

169 2774 238 2833 Lata
252 2776 353 2831 contra
366 2769 474 2846 ejectos
485 2771 631 2833 sententia
645 2767 820 2834 notificanda
838 2779 882 2831 est
894 2771 1035 2848 Episcopo
1050 2771 1141 2834 Ordi·
1211 2795 1212 2846 q

130 2859 214 2920 nario
228 2855 301 2926 loci,
316 2873 377 2916 non
392 2865 424 2916 ut
442 2856 480 2915 de
503 2856 552 2916 illa
569 2866 742 2934 cognoscat,
759 2857 810 2916 sed
833 2857 901 2934 quia
925 2857 1005 2916 illius
1014 2855 1140 2932 jurisdi-

129 2942 219 3003 ctioni
234 2940 350 3012 subest,
367 2939 489 3019 ejusque
501 2941 646 3001 mandatis
658 2941 779 3020 obsequi
794 2941 892 3003 debet.
905 2941 948 3002 lta
962 2958 998 3000 ex
1010 2939 1138 3003 decretis

131 3029 161 3089 S.
179 3028 355 3104 Congregat.
367 3027 442 3086 lbid.
454 3046 485 3087 n.
501 3029 551 3088 20.

166 3111 209 3170 lta
235 3108 318 3185 ejecti
343 3128 405 3171 non
430 3121 554 3188 possunt
576 3111 700 3174 induere
725 3111 861 3173 habitum
885 3109 1060 3188 religionis,
1083 3109 1137 3168 sed
1211 3155 1212 3158 ,

128 3193 292 3255 clericalem
317 3193 475 3254 adhibeant
491 3214 606 3256 necesse
630 3205 684 3257 est.
711 3197 830 3258 llanent
852 3197 974 3273 insuper
992 3191 1137 3274 perpetuo
1211 3213 1212 3216 ¹

128 3279 261 3352 suspensi
273 3277 310 3336 ab
324 3281 464 3339 exercitio
480 3282 620 3343 ordinum
637 3283 669 3343 in
685 3283 827 3362 religione
843 3292 1065 3360 susceptorum,
1081 3298 1137 3341 nce
1165 3287 1167 3292 '

90 3405 96 3414 .
127 3369 223 3434 puteat
241 3359 279 3418 ab
303 3361 468 3422 Ordinnriis
481 3383 515 3424 ea
530 3385 615 3442 poena
640 3366 783 3441 relaxari,
797 3367 845 3427 vel
859 3365 1019 3429 moderari.
1040 3368 1136 3426 itaer

127 3440 251 3496 decretis
263 3443 294 3498 S.
304 3444 448 3520 congreg.
463 3448 542 3506 lbid.

163 3518 194 3572 Si
213 3521 284 3580 verb
310 3540 347 3582 cx
369 3527 477 3587 litteris
502 3532 747 3595 testimonialibus
771 3532 921 3594 ordinarii
945 3531 1134 3612 constiterit,
