2475 3975
134 212 193 275 su
325 208 462 293 Epitnme
475 206 617 273 doetuhoe
633 206 755 273 morulis
767 209 954 273 stccnoniooe
1220 10 1226 323 1

513 396 756 459 lincolinum.

171 566 402 629 constitutiones
413 563 553 627 adversius
573 563 695 627 clericos
721 566 918 645 negotiatores
937 565 1149 641 minorantur.

134 660 170 713 ct·
184 652 386 714 extenduntur
405 651 443 711 cd
467 650 590 714 clericos
609 648 666 710 suh
693 650 761 710 leici
783 652 903 712 nomine
921 650 1150 730 quomodolibet

135 738 330 816 negotiantes.
1224 668 1226 823 i

172 821 380 905 Extenduntur
398 820 472 881 item
494 818 533 879 nd
559 819 676 898 negotia
701 817 819 880 iloicis
838 818 1082 893 inchostn‚dein
1108 822 1156 883 cd
1225 852 1226 929 p

134 908 254 969 elericos
277 906 437 980 devoluto,
461 907 524 967 sive
539 904 729 967 haereditario
756 905 850 985 jure,
870 906 933 967 sive
956 924 1149 986 quocumque

133 992 191 1053 olio
215 993 323 1068 titulo,
342 992 406 1053 sive
414 992 624 1069 singulariter,
642 991 704 1051 sive
716 992 935 1062 communiter,
949 992 1012 1052 sive
1027 1010 1148 1071 separas

134 1079 208 1148 tien,
222 1079 284 1139 sive
297 1076 482 1154 conjunctim
496 1094 565 1139 eum
576 1076 641 1137 eliis
654 1076 757 1149 honis,
768 1074 968 1137 cohaeredibus
980 1120 988 1151 ‚
1000 1077 1048 1137 vel
1058 1079 1147 1139 sociis

135 1161 220 1221 luicis
230 1162 438 1222 existentibus.
741 1234 744 1241 .

172 1245 389 1326 Comprehendi
405 1246 496 1307 etium
514 1254 673 1307 censentur
692 1245 735 1305 illi
749 1246 873 1319 clerici,
890 1246 942 1324 qui
961 1262 1017 1325 per
1034 1247 1147 1325 scipsos

106 1400 112 1411 ‚
135 1349 249 1408 suoque
266 1331 541 1411 nomineprcpric‚
557 1331 604 1391 sel
626 1348 681 1409 per
704 1330 798 1403 elios,
819 1338 871 1390 cut
900 1330 996 1390 alieno
1022 1332 1147 1391 nomino
1223 1272 1226 1419 Ι

134 1417 224 1477 etiem
242 1434 373 1495 per-suos
388 1414 556 1477 coheredes
568 1459 577 1488 ‚
588 1434 622 1475 nc
639 1416 731 1476 socios
744 1416 897 1493 negotium
907 1424 1054 1475 exercent.
1224 1444 1226 1523 p

174 1502 234 1562 llos
250 1518 353 1563 omnes
362 1500 482 1577 subjicit
494 1502 628 1561 Pontifex
640 1499 737 1579 quoad
749 1500 825 1559 hone
839 1499 880 1559 sic
890 1500 928 1559 nh
945 1500 985 1557 eis
1002 1500 1145 1579 requisitu

134 1585 228 1663 punis
242 1586 275 1643 in
291 1586 503 1649 constitutione
516 1585 570 1645 Pii
580 1589 600 1645 1
604 1588 640 1646 V.
654 1604 721 1662 qnae
741 1586 846 1663 incipit
858 1586 969 1644 Decem
984 1602 1062 1654 esse,
1077 1604 1146 1665 quse

133 1676 179 1727 est
193 1670 230 1727 lu
252 1667 332 1727 inter
353 1667 450 1725 huilcs
472 1666 606 1743 ejusdem
623 1667 784 1728 Pontificis.
808 1672 905 1729 Poeme
926 1668 1088 1741 illusum,
1111 1679 1146 1730 ut

135 1752 213 1813 hunc
229 1752 271 1813 sic
284 1752 428 1831 acquisitu
444 1752 500 1817 sub
516 1754 618 1833 spoliis
631 1752 737 1817 debitis
748 1754 877 1818 (inmense
890 1754 1053 1832 apostolice
1069 1774 1147 1817 ccm-

135 1836 373 1919 prehendentur.
1134 1887 1139 1895 .

173 1924 266 2004 Siqui
284 1924 357 1985 vend
376 1924 505 2005 exempti
522 1934 592 1985 sunt
612 1924 630 1985 h
654 1925 740 2005 poend
760 1924 924 2004 spoliorum
943 1942 980 1985 ex
1002 1924 1147 1985 constitu·
1224 1874 1226 2028 i

135 2011 266 2071 tinnihus
272 2011 325 2071 Pii
336 2011 395 2070 IV.
407 2013 563 2080 Romanus,
567 2009 712 2090 Pontifex
717 2054 727 2085 ,
739 2019 768 2069 ct
778 2005 871 2069 Pauli
883 2011 920 2068 V.
932 2011 969 2068 In
977 2009 1144 2082 eminentis,

134 2097 202 2157 illos
215 2096 326 2174 puriter
348 2112 409 2155 non
425 2104 576 2173 exemptos
590 2095 688 2172 quoad
704 2094 781 2154 hone
801 2112 837 2154 ex
856 2095 1054 2171 negotiatione
1074 2113 1147 2172 pro-

134 2181 284 2241 venientis
301 2180 436 2242 decernit
447 2225 456 2254 ‚
469 2189 556 2258 etque
568 2180 698 2241 declarat
715 2180 747 2240 in
761 2179 878 2240 constit.
895 2176 1068 2260 Apostolicce
1077 2182 1143 2248 Scr-

133 2265 258 2336 ur'tuu's,
273 2283 340 2343 qun
353 2266 441 2329 estin
458 2266 597 2326 Bullnrio.

148 2401 152 2412 .
172 2351 338 2429 Negotiatio
360 2358 460 2414 temen
474 2352 639 2430 improprie
659 2369 720 2412 non
737 2359 781 2412 est
793 2349 906 2412 clericis
923 2349 1079 2410 interdicte
1091 2395 1098 2426 ,
1111 2363 1145 2414 ut

134 2455 181 2498 en.
202 2454 248 2514 gr.
262 2453 406 2494 munuum
429 2453 552 2496 sucrum
570 2436 672 2496 lnhore
692 2445 722 2497 et
740 2435 866 2500 honesto
887 2435 1016 2500 artificio.
1031 2435 1145 2498 victum

134 2520 190 2580 sibi
211 2520 499 2596 comparere,.quod
517 2527 548 2580 et
567 2522 716 2598 apostulus
737 2521 843 2580 Paulus
864 2539 917 2580 suo
937 2521 1073 2598 exemplu
1089 2520 1143 2581 do-

135 2604 216 2750 puit,
236 2601 298 2670 eth
314 2604 366 2668 SS.
378 2604 467 2667 etiem
477 2603 627 2674 monachis
638 2605 867 2683 praestitumcst
878 2603 1141 2684 DeSynodedioec.

150 2691 222 2750 ‚lu
233 2709 258 2749 c.
277 2691 306 2749 6.
321 2706 354 2748 n.
366 2691 396 2750 2.

173 2774 298 2834 hicitum
311 2782 356 2832 est
368 2774 459 2835 etium
477 2775 590 2838 clericis
607 2774 738 2836 vendere
754 2792 801 2834 res
818 2775 953 2834 collectus
965 2791 1001 2834 cx
1013 2775 1143 2854 propriis
1225 2801 1226 2862 p

137 2859 274 2938 prediis,
287 2857 364 2916 sic'ut
384 2867 414 2918 et
431 2877 498 2930 ecs,
521 2878 595 2937 ques
613 2864 789 2920 coemerunt
808 2858 845 2920 ed
863 2859 980 2920 semiliae
998 2877 1058 2919 suec
1079 2877 1143 2920 sus-
1225 2867 1226 2916 ι

135 2944 345 3011 tentationem,
367 2960 433 3020 qum
461 2943 486 3004 si
508 2944 728 3021 superfuerint,
755 2952 878 3021 possunt
897 2943 1026 3003 vendere
1043 2939 1138 3006 ceritis

135 3027 224 3108 quim
238 3027 367 3092 emerint
380 3071 390 3102 ‚
402 3028 481 3095 intra
494 3027 605 3096 limites
618 3037 717 3088 temen
729 3026 802 3104 justi
825 3027 924 3105 pretii.
937 3027 1013 3090 lbid.

540 3187 735 3268 numurus}
838 3227 850 3242 ·

172 3363 348 3426 Nundinceh
364 3367 499 3428 merentis
518 3366 621 3429 sedulo
644 3366 860 3445 distinguendos
879 3376 973 3450 sunt;
991 3387 1060 3432 nem
1083 3371 1140 3435 illm

132 3447 224 3504 semel
240 3448 271 3506 iu
284 3466 361 3509 nuno
376 3450 472 3527 liunt,
488 3453 536 3512 vel
554 3451 623 3515 rant
644 3453 796 3513 incudem
814 3455 896 3526 loco,
918 3463 948 3514 et
967 3453 1005 3516 dc
1022 3456 1139 3535 longin-

132 3542 192 3597 quo
212 3527 248 3586 cd
266 3533 446 3590 conveniunt
459 3537 582 3611 populi3
599 3545 743 3596 mercatus
761 3531 907 3610 suriest,
922 3555 1142 3616 quoexponun·

131 3609 182 3658 sur
196 3609 313 3668 rencles
327 3613 421 3674 rcscd
431 3617 619 3691 quotidianos.
631 3637 699 3680 usus
709 3622 895 3694 necessarie,
908 3633 939 3692 et
951 3622 1030 3684 fiunt
1039 3624 1140 3717 singu-
