2475 3975
149 175 208 237 ιιι
386 172 524 234 Eaaaaeo
538 167 782 234 ordinandorum.
802 169 873 253 Cap.
892 175 921 233 ι.

149 273 241 334 tentia
254 279 417 351 utromque
429 289 491 332 esse
503 271 684 350 tangendum
700 269 744 350 (a.
761 271 851 350 ibt).
864 272 993 332 Dicimus
1004 269 1057 332 lll.
1070 271 1140 350 qubd
1216 267 1217 298 ³

149 356 217 419 lieet
238 373 274 418 ex
292 358 441 419 communi
460 356 602 417 sententia
617 355 715 416 valide
734 355 885 416 ordinatus
903 356 955 428 sit,
969 357 1021 432 qui
1038 355 1142 417 tantiam

149 441 293 514 bostiam,
313 451 342 504 et
361 461 421 502 non
441 448 577 518 patenam
598 441 717 518 tetigit,
732 441 801 518 quia
819 439 913 500 hostia
925 449 955 499 et
967 441 1071 502 vinum
1083 449 1143 501 suut

150 527 272 588 materia
296 525 512 596 substantialis,
533 532 564 584 ει
585 523 660 584 calix
675 541 709 582 ae
731 533 836 602 patena
858 521 975 583 tantum
994 525 1033 586 ob
1050 525 1145 586 decen·

150 612 222 670 tiam
239 609 434 684 adhibentur3
447 614 577 668 attamen
600 607 763 668 consultius
783 615 848 677 est,
868 616 901 667 ut
924 607 990 667 talis
1011 607 1145 670 ordinatio

150 702 319 772 repetatur,
340 690 408 752 edm
427 700 556 769 quatuor
576 691 641 750 ΠΙ).
664 690 702 750 de
724 709 758 750 ea
776 690 937 762 dubitent,
957 700 988 751 ει
1009 693 1042 752 in
1056 693 1147 752 Ponti·

149 777 225 837 liaali
238 776 301 856 (ubi
319 775 355 836 lit
373 792 471 836 sermo
487 775 525 835 da
543 773 677 854 materia)
690 774 821 835 dieitur:
837 776 879 834 Ει
894 793 1023 856 suppum
1039 773 1146 846 caliois,

148 868 177 921 et
190 868 332 942 potem
347 858 441 921 simul
456 867 583 941 torpunt
597 860 641 938 (o.
654 859 748 938 ibt).
764 861 800 918 et
817 858 896 921 idem
914 860 1036 924 videtur
1057 862 1147 924 dicen-

148 943 222 1004 dum
241 945 279 1006 de
302 963 337 1006 eo
357 947 409 1024 qui
430 946 526 1026 tangit
542 943 659 1014 tantdm
678 954 815 1026 patenam
834 953 864 1007 et
883 945 1023 1024 calicem,
1046 955 1075 1008 et
1094 961 1148 1008 noo

149 1027 276 1094 bostiam
291 1031 336 1112 (a.
349 1031 447 1112 752).

188 1118 236 1178 bl.
257 1117 429 1192 Quaeritur,
451 1115 570 1194 quando
591 1115 722 1176 delectus
739 1114 871 1195 suppleri
892 1115 1001 1178 debeat
1024 1117 1056 1179 in
1076 1115 1149 1178 ordi·

151 1203 270 1262 natione
280 1200 556 1280 presbyteratdslSi
567 1199 697 1261 delectus
707 1208 753 1260 est
763 1200 839 1261 eirea
849 1199 1150 1278 aasentiotio,nempe

150 1290 226 1350 cirea
239 1290 393 1351 materiam
404 1290 452 1349 vel
463 1288 607 1359 sormam,
625 1287 747 1350 omuind
759 1288 907 1351 ordinatio
919 1291 1078 1367 repetenda
1091 1302 1147 1350 est:

150 1383 180 1434 ot
193 1376 314 1452 quidem
327 1383 407 1447 tota,
421 1374 447 1434 si
459 1373 590 1435 deiectus
601 1415 610 1446 ‚
623 1373 686 1434 sive
704 1372 768 1452 ejus
779 1373 904 1434 dubium
919 1375 1049 1436 vertitur
1062 1373 1150 1454 quoad

149 1460 338 1521 traditionem
360 1461 466 1540 primm
483 1455 636 1537 potestatis
657 1477 747 1537 super
761 1459 875 1537 Corpus
888 1457 999 1520 Christi
1020 1462 1114 1522 reale:
1129 1457 1150 1518 si

149 1542 221 1604 verb
238 1545 335 1622 quoad
356 1543 515 1604 secundam
539 1543 617 1604 eirea
641 1561 748 1620 eorpus
771 1544 928 1621 mysticum
941 1543 1090 1624 ,ttantdm
1110 1561 1151 1602 se·

148 1626 244 1689 cunda
257 1627 352 1704 repeti
369 1625 468 1687 debet.
479 1628 511 1687 Si
531 1637 631 1688 autem
649 1626 778 1688 delectus
791 1633 836 1686 est
852 1626 928 1687 eirea
945 1625 1150 1698 aucmentalia,

148 1721 221 1772 tune
235 1711 261 1772 si
280 1719 326 1771 est
342 1711 379 1772 de
397 1728 431 1771 re
450 1710 509 1772 lavl
519 1754 529 1787 ,
551 1710 623 1790 putd
641 1710 666 1770 si
690 1709 845 1772 ordinatus
862 1729 924 1772 non
944 1712 1054 1773 dixerit
1071 1729 1152 1773 aano-

149 1812 236 1870 nem,
261 1796 328 1859 talis
351 1797 526 1858 oeremonia
547 1797 612 1874 (aut
633 1794 750 1876 similis)
772 1814 832 1857 nou
854 1802 972 1874 oportet
992 1798 1109 1876 repeti;
1131 1795 1152 1854 ai
1216 1839 1217 1876 3

148 1890 248 1943 autem
271 1883 304 1943 in
323 1899 359 1944 re
380 1883 483 1962 graui,
504 1880 576 1959 putl
599 1880 625 1942 si
648 1880 775 1944 doluerit
799 1887 901 1942 unctio
924 1900 1086 1957 manuum,
1109 1881 1154 1942 vel
1216 1883 1217 1956 ff

147 1969 171 2031 si
196 1968 432 2047 lieo-Presbyter
455 1983 515 2027 non
540 1965 700 2043 protulerit
722 1966 812 2028 verba
837 1967 1064 2029 consecrationis
1088 1985 1153 2029 eum
1216 1979 1217 2003 ³

148 2054 309 2131 Episcopo,
324 2051 534 2114 tunedeleotus
546 2048 772 2126 quamprimum
791 2050 972 2127 supplendus
990 2060 1054 2125 est,
1074 2060 1105 2112 et
1119 2052 1155 2112 ab
1216 2050 1217 2091 3

148 2138 253 2199 eodem
266 2139 409 2217 Episcopo
420 2134 459 2213 (si
475 2132 542 2194 lieri
555 2132 684 2213 potestl3
698 2130 768 2193 alils
781 2134 910 2211 graviter
927 2136 1156 2212 peecaretordi·
1216 2184 1217 2189 ,

147 2232 233 2283 natus
245 2223 276 2282 id
290 2221 486 2301 negligendo,
499 2228 551 2281 aut
566 2220 598 2281 in
609 2218 716 2281 ordine
728 2215 966 2297 ministrandoll.
977 2220 1007 2279 6.
1017 2236 1049 2277 rt.
1058 2220 1153 2298 teu).

146 2308 281 2379 Quonam
301 2316 399 2366 autem
418 2315 553 2384 tempore
571 2304 685 2382 praefati
709 2304 837 2366 delectus
858 2303 988 2382 suppleri
1006 2302 1155 2365 debeant?

145 2390 349 2466 despondetur
358 2388 439 2463 qudd
448 2391 472 2448 si
481 2391 541 2449 sint
550 2390 626 2449 eirea
637 2389 835 2459 accidentalia,
846 2388 1038 2467 probabiliter
1050 2390 1154 2467 quovis

145 2483 278 2549 tempore
302 2471 434 2549 suppleri
456 2480 604 2549 possunt:
625 2474 650 2531 si
673 2471 745 2531 verb
767 2473 844 2531 eirea
866 2474 1054 2548 essentialia,
1074 2473 1153 2533 idem

145 2558 249 2620 dieunt
263 2548 357 2618 Satm.
374 2572 442 2615 eum
459 2554 548 2616 aliiae
565 2555 617 2616 sed
637 2573 674 2616 ex
690 2554 901 2634 probabiliori,
914 2564 944 2615 et
955 2558 1152 2621 communiori

145 2644 290 2705 sententia
305 2640 462 2721 supplendi
482 2649 553 2702 suut
572 2640 757 2719 temporibus
778 2639 895 2701 statutis
907 2640 1150 2715 ordinationum,

146 2738 180 2790 ut
192 2729 340 2808 colligitur
356 2745 393 2788 ex
402 2745 468 2808 rap.
480 2724 652 2809 Presbyter,
667 2725 786 2788 deseos.
803 2744 865 2787 ooo
878 2724 943 2786 iter.
951 2772 961 2802 ‚
976 2728 1033 2787 nisi
1047 2736 1151 2805 apator

144 2815 183 2874 de
198 2814 261 2874 solo
280 2811 371 2872 dubio
389 2811 550 2873 validitatis
564 2811 780 2888 ordinationis,
794 2819 829 2873 ut
844 2810 1039 2891 probabiliter
1051 2813 1150 2891 plures

144 2903 205 2961 Db,
218 2898 378 2979 opinantur
391 2894 425 2975 (l.
440 2898 471 2957 6.
482 2910 516 2957 n.
530 2895 626 2975 759.).

429 3108 458 3189 S.
475 3112 512 3171 11.
526 3111 572 3172 Da
591 3108 737 3191 sacrificio
750 3110 864 3173 llliaaae.

182 3321 235 3416 9³:
245 3352 284 3364 -
305 3404 312 3417 ι
341 3331 501 3390 romermunt
517 3327 678 3407 (loquendo
691 3328 721 3388 in
734 3328 852 3407 genere)
865 3329 906 3389 sio
921 3327 1063 3389 delinitur
1074 3350 1082 3389 ε
1093 3330 1148 3391 Est

143 3400 251 3492 oblato
267 3420 310 3461 ret
328 3408 475 3499 moabites
491 3411 575 3491 [aeta
590 3416 653 3475 Deo
667 3429 720 3491 per
736 3411 966 3475 immolationem
983 3412 1016 3472 io
1029 3412 1146 3495 alpisum

141 3496 205 3570 epus
223 3500 353 3561 suprema
373 3488 510 3581 dominii.
527 3496 717 3575 Quadruplex
737 3504 835 3559 autem
860 3506 1036 3577 potestesse
1057 3499 1146 3560 saeri-

141 3556 257 3619 liamm:
267 3566 467 3633 Latreuttoum
474 3616 484 3651 ,
492 3578 529 3642 ad
540 3581 638 3645 Deum
650 3582 807 3648 solendum
819 3603 827 3643 ε
840 3579 1080 3647 Etteltoriatiaum
1090 3624 1098 3660 ‚
1107 3580 1145 3643 ad
