2475 3975
135 193 194 257 582
288 192 292 208 '
326 192 466 274 Epitonte
481 188 623 253 doctr-ium
637 184 757 251 motulis
772 185 960 249 eteoaenicoe

134 309 246 361 unum.
266 291 319 355 sed
336 292 447 372 duplex
463 289 710 369 impedimentum
729 286 831 349 itidem
846 287 885 349 de
905 286 992 349 tertio
1008 285 1042 349 in
1056 304 1149 367 quar-

134 384 221 453 tum3
237 374 306 439 ided
324 378 519 457 supplicatum
537 374 594 435 init
614 392 670 453 pro
692 372 907 454 dispensatione
927 372 959 432 in
978 370 1085 435 eodem
1108 390 1151 433 se

134 460 233 523 cundo
251 461 485 543 impedimento,
507 467 539 521 et
557 459 623 531 vir,
646 456 731 535 cujus
751 456 871 519 nomine
891 456 989 519 oblata
1011 467 1058 519 est
1075 476 1150 536 sup-

135 546 274 626 plicatio,
293 546 469 625 significavit
488 560 613 604 uxorem
633 560 717 603 suam
737 560 800 605 esse
819 541 940 603 insciam
961 542 1031 605 novi
1055 540 1151 618 hujus

135 630 363 710 impedimenti,
378 632 448 709 quia
467 630 493 691 si
511 627 568 689 hoc
589 628 741 703 scivisset,
762 627 913 689 institisset
935 644 990 706 pro
1010 628 1150 688 nullitate

136 716 340 787 matrimonii,
358 716 432 777 etsi
450 713 508 777 ltoc
524 713 723 784 dissolvetur,
743 730 849 791 magna
873 711 1008 773 scandala
1032 712 1149 773 oritura

136 810 252 874 meent,
266 800 402 861 Pontifex
420 800 562 865 concessit
579 815 690 857 novum
711 798 823 870 Breve,
841 797 872 857 in
891 812 951 874 quo
968 796 1151 876 dispensavit

137 882 169 944 in
194 883 292 945 radice
314 885 511 946 matrimonii.
535 886 615 945 Uxor
636 883 667 943 in
689 882 766 942 novi
788 882 1000 960 supplicatione
1021 881 1149 943 demon·

137 968 258 1039 stravit,
274 985 307 1029 se
323 970 471 1031 consciam
490 969 580 1030 inisse
598 966 719 1029 secundi
736 964 825 1042 hujus
843 963 1050 1044 impedimenti
1071 975 1145 1027 onte

138 1053 353 1115 concessionem
372 1054 507 1118 secundae
525 1051 615 1129 hujus
636 1048 861 1131 dispensationis
874 1093 882 1122 ,
894 1058 924 1109 ot
938 1049 1010 1109 dum
1023 1050 1149 1128 parabat

137 1153 170 1195 sa
189 1155 340 1216 opponere
359 1137 429 1199 iruic
458 1138 647 1199 matrimonio
665 1135 859 1208 ratificando,
880 1134 1032 1197 obtentam
1054 1134 1148 1195 luisse

137 1218 263 1299 dviro,
286 1242 318 1283 se
339 1223 449 1291 inscii,
471 1222 728 1301 dispensationem.
754 1220 785 1280 S.
807 1219 1000 1298 Congregatia
1025 1219 1150 1279 resolvit

138 1321 195 1383 pro
205 1306 387 1369 insoliditate
396 1306 528 1384 ejusdem
537 1305 735 1367 matrimonii:
746 1301 1047 1380 cujusresolutionem
1059 1306 1142 1364 Bene

137 1387 235 1453 dictus
248 1392 543 1455 trecentenario
563 1392 596 1451 iu
617 1391 670 1451 sui
687 1389 847 1451 hutiletas·
865 1384 1110 1451 matrimonialis.

519 1580 764 1641 llrlTUTlNUli.
841 1610 845 1618 ·
906 1580 918 1595 '

178 1747 356 1809 llatutinum
377 1764 439 1811 non
458 1756 503 1809 est
521 1747 736 1828 segregandum
757 1747 775 1810 i
795 1748 942 1810 Laudibus
958 1748 1022 1810 sine
1042 1748 1149 1826 cousi,
1230 1788 1231 1801 .

139 1850 208 1911 quae
223 1834 336 1913 optima
352 1834 483 1912 suppetit
495 1834 646 1906 Ecclesiae,
660 1833 833 1913 sejungendi
848 1834 1027 1894 llatutinum
1042 1832 1060 1895 i
1074 1836 1151 1896 Lau·
1230 1864 1231 1867 ¹

139 1918 227 1979 dibus
246 1919 451 1981 nocteliatalis
469 1920 601 1979 Domini.
615 1921 690 1980 lust.
705 1920 814 1980 Ecclos.
830 1921 880 1979 ii.
896 1938 928 1979 n.
941 1921 972 1979 il.
1230 1916 1231 1927 ’

180 2005 283 2065 recem
296 2005 387 2066 ctiam
402 2005 573 2075 venialiter,
590 2005 642 2083 qui
655 2007 718 2066 sine
730 2005 788 2066 ulli
799 2005 931 2083 legitimi
944 2004 1030 2066 causi
1044 2003 1150 2069 luorum

141 2107 204 2151 non
220 2098 339 2162 servat,
359 2098 393 2150 ut
409 2107 446 2149 cx
464 2091 506 2149 D.
523 2088 647 2150 Thoona.
662 2089 740 2152 lbid.
758 2109 791 2150 n.
805 2092 835 2150 9.

180 2176 258 2234 liora
274 2174 415 2235 recitandi
428 2175 565 2235 ldatutini
578 2174 628 2235 die
641 2175 818 2254 praecedenti
832 2175 936 2255 incipit
951 2185 1017 2256 post
1034 2187 1150 2239 exactus

140 2267 334 2405 trateslvpuprtus
349 2268 449 2406 19ng
457 2259 517 2322 diei
528 2303 537 2335 ,
550 2270 585 2322 ut
599 2261 632 2322 in
643 2260 815 2324 Colendurio
827 2261 959 2322 Romano
971 2269 1148 2325 annotatum

140 2362 195 2406 es.
243 2362 253 2405 t
277 2361 333 2404 .u.
389 2383 398 2404 .

552 2498 727 2562 mantuus,

178 2666 281 2732 liedici
301 2675 441 2732 tenentur
462 2669 518 2732 suiv
538 2670 621 2750 gravi
635 2669 756 2732 monere
769 2670 942 2734 infirmum.
957 2670 1026 2734 cium
1039 2689 1149 2736 vocan-

140 2765 191 2816 tur
209 2755 247 2815 ad
271 2772 340 2815 eum
363 2756 545 2827 curandum,
559 2765 594 2817 ut
608 2762 694 2817 vocet
707 2756 933 2827 confessarium,
947 2767 981 2821 ut
994 2758 1150 2836 provideat

139 2839 290 2901 desoluto
310 2837 417 2898 animm
433 2858 511 2911 sum,
533 2841 574 2900 ita
598 2840 787 2918 praecipiente
809 2841 934 2906 coneilio
954 2842 1146 2905 lateranensi

139 2927 173 2989 in
188 2943 252 3004 cup.
268 2925 342 2985 com
356 2922 517 3004 infimnitos
527 2926 573 2984 De
584 2925 689 3005 penit.
703 2931 731 2984 et
740 2925 854 2987 resima.
867 2928 898 2988 S.
907 2925 982 2990 Pius
997 2929 1034 2994 V.
1047 2928 1079 2988 in
1092 2927 1147 2988 sui

118 3011 356 3075 ,Constitutione
375 3013 415 3084 5,
439 3010 611 3071 inBullario
627 3011 780 3084 Romano,
798 3010 885 3089 jubet
904 3014 1054 3074 medicum
1078 3023 1148 3083 ante

141 3099 240 3160 omnia
258 3099 289 3158 id
306 3095 445 3173 monere,
466 3104 562 3175 nequ'e
584 3095 672 3156 tertio
691 3095 740 3156 die
761 3097 886 3162 ulteritis
904 3100 989 3160 illum
1007 3102 1146 3171 visitare,

139 3184 165 3244 si
188 3193 291 3242 vocare
313 3182 523 3242 confessarium
543 3181 721 3242 recusaverit
742 3189 996 3261 :transgressores
1018 3185 1148 3252 medicos

139 3267 293 3328 incurrere
319 3284 437 3343 poenam
456 3265 605 3338 infamiae,
625 3273 657 3326 et
686 3264 882 3342 privationem
901 3267 1035 3328 omnium
1053 3270 1147 3346 privi-

139 3351 285 3425 legiorum
309 3349 374 3423 ejus
398 3351 595 3426 professionis.
607 3347 727 3410 liandat
749 3351 888 3429 insuper,
906 3361 940 3412 ut
962 3369 1049 3413 nemo
1063 3353 1148 3415 dein·

138 3448 207 3506 ceps
222 3431 352 3489 lauream
369 3434 523 3494 medicinas
538 3433 688 3504 obtineat,
710 3433 765 3494 nisi
784 3434 869 3513 priuis
885 3435 1074 3512 juretcoram
1091 3456 1147 3522 pu·

138 3507 214 3567 blico
232 3510 348 3569 noterio
366 3522 396 3571 et
417 3515 540 3575 testibus
555 3515 621 3592 ejus
641 3515 730 3576 bullae
746 3516 972 3578 observantiam.
985 3521 1089 3598 Neque
1108 3521 1147 3585 ab

137 3581 184 3643 his
205 3589 355 3650 servandis
378 3605 558 3658 excusantur
582 3600 690 3660 medici
711 3599 748 3661 de
770 3601 981 3662 cevasuetudino
999 3615 1065 3676 pam
1092 3623 1147 3683 per
