2475 3975
56 227 60 236 ι
115 151 174 219 itt
419 148 811 211 Exomenoniinundoraun.

150 253 201 312 tt.
212 282 250 296 -
264 250 433 312 Notandum
455 257 576 317 autem,
595 249 677 327 quiid
695 251 801 329 siquis
819 251 946 312 scienter
957 229 1124 314 'ordinatur

113 343 182 396 ante
204 335 366 414 legitimam
384 343 521 405 aetatem,
548 334 612 412 ipso
630 334 707 394 iacto
723 343 895 413 perpetuam
910 335 1037 395 incurrit
1057 355 1125 397 sua·

114 421 308 498 pensionem,
321 419 338 480 i
350 437 409 498 qua
420 419 531 480 absolvi
540 419 645 497 nequit
657 419 715 480 niai
726 416 743 479 d
753 421 846 497 Papa,
858 419 907 479 vel
916 418 953 478 ab
966 419 1122 502 Episcopo,

112 505 238 566 siluerit
250 505 361 565 occulto
373 548 382 574 ,
394 521 429 565 ex
441 523 466 565 o.
476 503 585 574 liceat,
598 501 682 566 Trid.
693 520 763 564 aeae.
775 505 825 564 lt.
835 521 860 563 e.
868 503 899 563 o.
912 501 1014 582 (eitra.
1025 505 1123 586 799.).

112 587 249 662 Diximus
256 588 397 660 menter,
411 606 481 650 nam
494 587 571 649 Pius
582 583 623 648 11.
645 586 721 648 hanc
738 588 962 666 suspensionem
980 589 1125 668 imposuit

113 671 231 741 tantiam
242 674 284 736 eis
295 673 346 752 qui
360 690 396 733 ex
411 671 572 732 caeduae
585 671 628 731 sic
643 670 822 733 ordinantur
837 692 846 732 s
859 670 939 732 undo
956 671 1125 749 ignorantia

112 772 206 816 crassa
219 757 285 818 illos
302 755 484 834 probabilius
501 755 539 816 ab
560 773 595 815 ea
611 763 748 828 excusat,
766 756 859 818 itaut
879 756 1024 834 completi
1038 767 1126 820 aetate

112 837 189 900 aena
208 849 347 918 poterunt
363 841 501 904 ordinem
525 839 663 904 exercere
688 839 779 918 (ibid.
802 839 884 901 Dub.
901 842 930 901 1.
951 847 980 900 et
1005 841 1061 920 5.).
1076 845 1124 904 dn

113 933 211 986 atatem
225 926 276 1003 qui
293 931 363 986 ante
374 934 490 987 atatem
502 925 626 1005 suscipit
641 924 857 1004 sacerdotium,
873 924 1125 1002 irregularitatem
1230 961 1238 971 ·

112 1009 263 1081 incurrat?
275 1013 333 1072 alii
356 1010 526 1082 affirmant,
548 1013 617 1090 quia
635 1010 679 1091 (ut
692 1009 805 1087 dicunt)
820 1009 1040 1088 neo-presbyter
1054 1031 1127 1072 con-

113 1094 288 1165 celebrando
301 1115 369 1157 curu
383 1097 546 1174 Episcopo,
566 1094 636 1156 vere
648 1103 797 1155 consecrat
811 1114 819 1151 ι
837 1101 867 1153 et
881 1092 947 1153 idad
960 1092 1025 1171 jam
1037 1112 1126 1155 exer·

104 1172 160 1256 det
187 1180 325 1242 ordinem
343 1188 511 1258 susceptum
528 1197 596 1240 oum
620 1180 822 1258 suspensione.
843 1178 901 1238 Sed
916 1178 966 1238 alii
990 1197 1127 1240 commu·

95 1263 203 1335 tnibs,
221 1274 253 1325 et
264 1265 350 1325 valde
361 1265 553 1342 probabiliter
564 1273 691 1343 negant,
705 1265 774 1342 quia
786 1281 905 1342 aequum
918 1281 978 1324 non
992 1263 1126 1340 videtur,

113 1358 148 1408 ut
170 1349 236 1426 qnis
251 1349 354 1422 cidem
379 1351 493 1410 actione
516 1351 624 1411 morali
654 1347 802 1428 duplicem
823 1349 956 1408 incurrat
981 1367 1125 1426 poenam,

110 1451 222 1514 {tempo
238 1437 459 1514 suspensionem
480 1444 510 1497 et
523 1435 792 1513 irregularitatem
814 1441 996 1512 testaturque
1011 1434 1127 1494 Suorez

107 1536 148 1588 cx
160 1521 236 1596 stylo
250 1521 434 1580 Canceilariae
446 1518 617 1596 hujusmodi
635 1519 785 1579 ordinatos
796 1536 857 1578 non
880 1517 992 1578 censeri
1009 1518 1127 1597 irregu-

112 1603 198 1662 lares.
212 1605 248 1662 Et
260 1602 339 1662 idem
359 1602 517 1662 dicendum
535 1603 573 1663 de
586 1603 737 1675 diaconis,
753 1611 783 1662 et
799 1601 985 1662 subdiaconis
1000 1603 1078 1662 :nisi
1093 1605 1125 1662 in

113 1687 215 1748 codem
228 1687 314 1747 missa
335 1686 532 1754 ordinationis
549 1686 686 1748 ordinem
697 1685 760 1763 jam
773 1695 941 1765 susceptum
952 1696 1124 1761 exerceant,

112 1773 181 1847 quia
196 1781 267 1832 tunc
280 1770 531 1850 irregularitatem
551 1790 612 1832 non
628 1771 794 1850 effugiunt,
816 1771 920 1832 saitem
939 1772 964 1831 si
986 1771 1067 1832 ultrb
1085 1775 1124 1832 ad

113 1856 343 1918 ministrandum
360 1855 540 1919 sentierunt
566 1857 599 1921 in
623 1856 712 1918 missa
737 1853 931 1918 ordinationis
954 1855 1065 1932 (teir.
1089 1877 1123 1919 ιι.

115 1942 184 2003 799.
198 1941 279 2005 Duo.
295 1944 324 2005 5.
342 1988 350 2003 .

152 2029 201 2087 tt.
215 2060 254 2071 -
266 1943 338 2087 XII.)
351 2027 390 2087 Ut
401 2026 562 2087 initiandus
574 2026 610 2085 ad
623 2026 759 2086 ordinem
769 2028 954 2106 superiorem
967 2026 1124 2089 ascendere

114 2112 227 2189 possit,
246 2112 427 2189 requiritur,
440 2120 475 2170 ot
493 2111 657 2171 exercuerit
671 2110 807 2172 ordinem
831 2109 915 2188 priris
934 2120 1123 2193 susceptum3

113 2198 163 2257 scd
174 2192 360 2276 juxtssoioe.
375 2196 432 2278 [De
445 2195 550 2259 Ordia.
565 2214 590 2264 c.
605 2198 635 2271 1.
646 2215 679 2265 ιι.
691 2195 754 2277 rt.)
773 2195 829 2258 boc
847 2216 908 2259 uon
927 2205 971 2260 est
992 2198 1031 2260 de
1046 2221 1125 2281 prae,

114 2294 197 2360 cepto
213 2284 308 2361 gravi.

151 2370 233 2427 Xlll.
250 2368 360 2428 Ultimd
382 2369 548 2444 requiritur
570 2372 684 2437 vocatio
704 2369 827 2443 divina,
845 2389 881 2431 ex
898 2372 950 2435 illo
967 2372 1097 2451 Apostoli
1115 2396 1124 2432 ε

112 2454 174 2513 Nee
194 2450 354 2530 quisquam
378 2453 471 2511 sumit
491 2454 551 2517 siti
569 2454 728 2529 bonorem,
750 2456 801 2527 sed
819 2457 875 2536 qui
892 2460 1044 2520 vocoturd
1058 2462 1124 2521 Deo

114 2537 387 2616 tumqueoadoron.
401 2534 491 2595 retr.
509 2539 540 2597 5.
558 2539 588 2598 1.
605 2541 694 2618 Signa
710 2550 810 2601 autem
826 2543 937 2605 divinae
959 2544 1122 2605 vocationis

111 2631 182 2685 sunt
195 2623 224 2683 1.
239 2620 365 2683 Scientia
386 2621 573 2685 conveniens.
588 2627 618 2686 1.
642 2627 772 2687 intentio
788 2636 867 2689 recta
893 2628 1012 2689 vacandi
1035 2630 1121 2700 Deo,
1237 2683 1238 2708 ,

113 2710 339 2785 animarumque
357 2709 456 2772 saluti.
473 2710 504 2769 5.
515 2709 649 2772 Probitas
663 2710 752 2785 vitoe,
768 2732 836 2791 quaa
854 2712 981 2775 maxime
997 2716 1123 2791 requiri·

114 2806 165 2857 tur
178 2793 216 2854 ad
234 2810 335 2853 veram
349 2794 534 2856 vocationem
546 2796 759 2875 agnoscendam
772 2841 780 2869 ‚
795 2816 831 2858 ex
853 2797 907 2858 illo
923 2797 1091 2859 Tridentini
1108 2822 1117 2859 ε

114 2880 218 2943 Sciant
239 2877 429 2961 episcopt...
443 2876 542 2941 debore
560 2881 602 2943 od
626 2880 678 2943 bos
697 2881 989 2943 ordinamenta...
1015 2882 1122 2961 dignm

114 2966 285 3036 duntooot,
304 2969 333 3024 et
350 2974 487 3044 ‘quorum
504 2966 633 3046 probatu
653 2965 716 3026 aito
745 2972 875 3028 secrecius
895 2964 945 3024 ait.
967 2964 1045 3024 Sese.
1068 2971 1119 3029 25.

113 3072 139 3113 e.
161 3045 215 3111 11.
231 3050 328 3127 thue
351 3047 436 3109 docet
460 3052 502 3111 D.
529 3050 656 3113 Tbornas
685 3045 807 3128 (Suppt.
829 3066 861 3127 q.
882 3049 932 3107 55.
950 3053 1009 3107 art.
1030 3048 1060 3108 1.
1079 3054 1122 3115 od

114 3134 157 3210 ὅ.)
169 3136 267 3195 dicens
279 3154 288 3193 ε
302 3130 492 3214 Nonaufflcit
503 3132 867 3215 bonitasquota'seunaque,
885 3130 936 3193 aed
955 3133 1120 3212 requiritur

114 3218 230 3281 bonitus
248 3217 387 3281 coraibus
402 3219 655 3281 :honorationem
672 3220 821 3297 assignans
837 3238 846 3277 ε
863 3220 901 3279 111
914 3216 990 3280 sieut
1007 3216 1056 3279 itta·
1065 3225 1119 3301 qui

100 3298 247 3366 ,ordinem
271 3303 455 3385 suscipiunt,
476 3302 692 3384 superponam
716 3303 1009 3381 constituuntur·....,
1028 3306 1072 3365 itu
1091 3316 1120 3367 et

112 3381 276 3460 superiores
298 3387 361 3445 sint
379 3389 481 3450 meriti
504 3387 683 3451 sunebtott's.
700 3390 775 3449 Hinc
803 3390 828 3451 si
854 3388 921 3468 quis
944 3390 1053 3467 absque
1071 3388 1117 3449 bis

113 3464 225 3538 signis,
244 3471 277 3521 et
297 3482 509 3546 consequenter
523 3477 588 3535 sine
616 3475 768 3535 vocatione
786 3475 904 3547 divina,
931 3474 1058 3533 ascendit
1078 3474 1114 3533 ad

112 3544 222 3617 altare,
242 3546 469 3627 nequittgravi
489 3560 573 3637 culpa
587 3561 737 3640 excusari3
756 3558 822 3621 tium
843 3559 881 3621 ob
902 3576 1021 3639 gravem
1039 3576 1114 3637 prae-
