2475 3975
145 144 205 206 202
455 138 845 204 Ecomcnordiooadorum.

145 248 281 304 mentum
299 241 461 313 dirimens,
480 242 519 302 ad
539 239 711 301 evitandum
736 239 928 313 scandalum,
955 247 1028 302 tunc
1047 243 1167 321 poterit

147 327 197 386 ille
215 327 332 404 (saltem
345 328 410 388 sinc
428 326 511 404 gravi
530 323 630 403 eulpa)
649 325 790 386 simulare
806 324 1035 387 celebrationem
1054 329 1164 390 matri·

146 413 240 473 monii
255 433 262 470 a
277 421 350 474 tunc
368 411 448 474 enim
462 454 471 482 ,
485 408 643 472 deficiente
666 426 828 482 consensu,
851 408 952 472 delicit
971 417 1141 473 contractus
1156 460 1165 486 ,

147 505 178 641 elt
208 496 364 559 deficiente
392 503 568 568 contractu,
601 511 658 556 nec
685 495 777 556 etiam
810 491 911 556 existit
941 505 1163 561 sacramentum

148 579 364 660 mefflh

188 669 238 729 l8.
259 699 297 712 -
316 667 449 727 Minister
471 661 601 726 invalidd
621 661 776 724 ministrat
794 669 1029 738 sacramentnm,
1052 665 1078 726 si
1100 685 1166 731 non

149 751 282 813 intendat
294 751 389 812 lacere
406 759 506 812 actum
527 757 685 809 externum
707 746 787 828 quod
810 747 879 810 lacit
896 748 1021 810 Ecclesia
1032 793 1041 822 ‚
1052 750 1165 812 ritum·

149 855 206 914 que
215 837 456 897 sacramentalem
471 831 612 896 adhibere
623 849 712 910 quem
724 831 853 893 intendit
863 834 1005 911 Ecclesia,
1017 833 1034 894 d
1047 833 1168 898 christo

148 920 300 994 instituta,
312 929 343 983 ct
356 920 413 982 hoc
431 918 545 981 etiamsi
567 917 720 990 minister,
741 933 802 976 non
817 915 885 994 joco
906 916 952 996 (ut
970 916 1067 978 adbuc
1089 920 1166 980 insi-

150 1004 268 1084 pienter
281 1004 456 1066 admittebat
469 1001 644 1080 lutherus),
658 999 708 1060 sed
727 997 804 1062 sarid
820 1001 988 1076 ministret,
1001 1011 1036 1062 ut
1055 1003 1166 1081 proba-

149 1091 248 1150 vimus
259 1089 290 1150 in
304 1091 406 1152 hlorali
421 1087 454 1168 (l.
470 1091 499 1149 6.
512 1107 546 1148 n.
562 1089 611 1146 20.
623 1092 649 1146 et
664 1084 739 1163 hb).
753 1086 783 1145 Si
797 1084 869 1147 verb
884 1086 914 1147 id
931 1085 995 1164 jam
1010 1088 1165 1161 intendat,

150 1173 246 1236 valide
259 1175 425 1249 ministrat,
446 1171 638 1234 etiamsinon
657 1167 762 1230 habeat
780 1170 975 1232 intentionem
994 1173 1167 1252 explicitam

151 1258 319 1322 conterendi
332 1265 557 1318 sacramentum.
570 1255 643 1314 Dico
658 1271 719 1314 nora
734 1251 840 1314 habeat
859 1255 1050 1320 intentionem
1067 1255 1168 1339 capli-

149 1343 259 1419 eitam‚·
272 1362 340 1404 narn
362 1342 387 1404 si
403 1339 528 1422 positivis
547 1338 671 1400 haberet
693 1338 892 1404 intentionem
909 1357 970 1402 non
991 1343 1166 1404 conserendi

149 1437 381 1504 sacromentum,
397 1436 469 1489 tunc
480 1443 577 1504 neque
590 1424 755 1494 conterret,
769 1425 837 1504 quia
851 1433 922 1486 tunc
934 1427 1037 1488 reverit
1050 1430 1167 1490 nullam

150 1513 272 1575 haberet
291 1513 487 1574 intentionem
505 1509 632 1571 faciendi
649 1509 807 1588 quodfacit
823 1511 947 1572 Ecclesia
968 1512 1027 1590 (lb.
1041 1533 1074 1574 n.
1086 1513 1165 1592 bh).

151 1599 291 1660 Sacerdos
310 1606 409 1658 autem
430 1597 589 1658 conficiens
603 1596 843 1673 sacramentalia,
857 1597 928 1678 puta
944 1618 1052 1679 aquam
1071 1599 1166 1666 bene·

150 1682 278 1757 dictam,
293 1684 325 1744 in
345 1683 486 1752 mortali,
502 1698 564 1740 non
580 1687 680 1759 peceat
692 1681 821 1759 graviter
834 1683 877 1764 (a.
892 1683 967 1760 dh).

190 1769 240 1830 tu.
253 1801 293 1814 -
306 1768 405 1844 Quoer.
421 1768 475 1828 lll.
491 1764 563 1844 quid
581 1765 772 1843 requiratur,
785 1775 819 1828 ut
833 1768 898 1846 quis
912 1769 1026 1844 valide,
1041 1782 1072 1836 et
1084 1773 1167 1838 licite

151 1862 333 1916 sacramenta
348 1851 506 1932 suscipiat?
519 1851 558 1912 Ut
571 1849 669 1912 validd
689 1851 827 1930 suscipiat
844 1855 1008 1931 requiritur
1026 1858 1057 1918 l.
1071 1859 1111 1922 Ut
1126 1862 1167 1922 sit

151 1938 335 2019 baptizatus,
349 1956 418 1999 nam
432 1935 502 1999 alihs
515 1954 577 1997 non
593 1945 639 1997 est
653 1955 741 2016 capax
756 1935 883 1999 aliorum
898 1951 1166 2006 sacramentorum.

152 2028 183 2087 2.
198 2028 325 2105 Excepto
346 2017 530 2085 sacramento
551 2021 711 2099 baptismi,
734 2039 791 2099 pro
814 2040 874 2099 quo
894 2024 975 2085 nulla
999 2029 1167 2105 requiritur

153 2109 280 2171 intentio
300 2109 333 2171 in
351 2107 471 2189 pueris,
484 2113 514 2166 ot
526 2102 671 2185 perpetud
689 2104 855 2167 amentibus
867 2149 876 2178 ‚
888 2105 956 2169 etim
977 2110 1011 2173 in
1030 2115 1074 2175 eis
1093 2132 1168 2193 sup÷

153 2194 234 2272 pleat
256 2192 381 2255 intentio
403 2191 559 2267 Ecclesiac3
581 2191 614 2249 in
637 2187 702 2249 aliis
727 2191 915 2253 sacramentis
939 2211 1015 2275 opus
1037 2206 1104 2270 est,
1129 2209 1168 2261 ut

153 2278 315 2356 suscipiens
338 2278 440 2338 saltem
464 2275 603 2337 habuerit
627 2273 711 2355 priris
735 2276 932 2341 intentionem
951 2280 1030 2361 (quae
1053 2282 1168 2345 dicitur

152 2360 322 2438 habitualis)
331 2360 508 2440 suscipiendi
520 2368 738 2423 sacramentum
746 2406 756 2437 ‚
773 2371 802 2422 et
815 2379 880 2423 eam
891 2382 951 2426 non
965 2370 1167 2443 revocaverit,

152 2444 283 2522 utsupra
300 2445 429 2504 diximus
443 2463 476 2502 o.
491 2446 521 2503 9.
537 2444 613 2503 llinc
627 2446 653 2505 si
670 2446 736 2522 quis
749 2446 904 2507 ordinatur
916 2468 972 2528 per
985 2452 1066 2524 vim,
1078 2452 1169 2513 inva-

151 2528 212 2590 lidd
230 2528 438 2605 ordinaretur3
452 2527 534 2587 sectis
553 2528 577 2594 si
590 2546 646 2603 per
660 2536 793 2601 metum,
813 2533 882 2609 quia
901 2542 1001 2595 metus*
1010 2553 1071 2598 non
1084 2538 1169 2601 tollit

152 2613 368 2673 voluntarium.
384 2612 656 2673 Probabilissimum
671 2620 732 2687 est,
748 2615 829 2693 qudd
845 2626 1024 2683 sacramenta
1039 2620 1072 2683 in
1084 2624 1168 2699 peri-

154 2700 220 2760 culo
236 2700 341 2759 mortis
357 2696 438 2761 licitd
455 2698 581 2760 conferri
595 2706 718 2777 possunt
728 2708 788 2761 tam
801 2700 914 2771 ebriis,
931 2702 1020 2781 quim
1030 2704 1118 2783 lapsis
1130 2706 1167 2769 in

154 2784 329 2856 amentiam,
341 2783 365 2845 si
378 2781 461 2861 priris
473 2783 668 2843 intentionem
680 2782 840 2846 habuerint
856 2788 906 2846 illa
919 2789 1096 2867 suscipiendi
1104 2812 1114 2869 ;
1123 2793 1167 2854 ita

154 2870 230 2949 deq.
241 2871 377 2950 Cestrop.
388 2866 481 2928 Solm.
493 2866 583 2930 Croiae
589 2914 600 2945 ‚
612 2866 700 2928 Cord.
710 2868 916 2932 lambertinus
922 2916 933 2947 ‚
945 2880 1044 2934 olcas
1050 2876 1092 2933 D.
1105 2874 1166 2937 Tla.

155 2962 183 3015 et
194 2953 416 3038 copMojores,
426 2953 453 3035 S.
470 2952 637 3031 Verum,de
648 2955 740 3032 Bupt.
752 2952 829 3031 (tio.
839 2957 909 3016 dm.
919 2956 1163 3041 Stellatem).

155 3040 267 3100 Sufficit
280 3040 369 3101 etiam
383 3048 517 3118 ternpore
536 3038 640 3099 mortis
655 3037 781 3097 intentio
796 3038 1016 3118 interpretativa
1028 3041 1059 3101 in
1071 3048 1165 3107 susci-

155 3123 255 3201 piente
271 3125 404 3186 sensibus
425 3123 566 3183 destituto
584 3123 683 3200 quoad
699 3121 883 3184 Sacramenta
895 3131 1034 3187 extremas
1046 3130 1163 3190 unctio·

157 3206 220 3273 nis,
234 3214 270 3267 nt
279 3208 406 3271 habetur
418 3226 454 3269 ex
464 3207 572 3268 llituali
583 3250 591 3277 ‚
604 3215 636 3265 et
649 3206 739 3266 etiam
751 3206 998 3283 confirmationis,
1010 3220 1041 3272 et
1050 3210 1163 3273 Eucha-

155 3287 271 3364 ristiae;
292 3303 326 3352 nt
344 3293 429 3369 ajunt
447 3294 523 3375 loq.
543 3289 664 3353 contra.
685 3294 770 3371 Spar.
789 3293 897 3379 croix,
916 3303 989 3371 cta,
1010 3312 1071 3358 non
1091 3299 1162 3360 vcrd

156 3369 252 3464 quoad
273 3370 474 3448 baptismum,
487 3387 517 3437 et
535 3377 690 3455 ordinem3
702 3384 732 3437 et
745 3378 829 3440 tantd
845 3378 945 3442 minias
961 3382 1056 3460 quoad
1067 3383 1161 3460 poeni·

156 3458 300 3522 teneram,
315 3463 345 3512 et
365 3460 610 3535 matrimonium,
624 3462 655 3523 in
672 3463 780 3541 quibus
800 3464 923 3528 omnino
938 3466 1102 3545 requiritur
1113 3468 1161 3526 in-

156 3534 249 3591 l⁰¹¹ll⁰
268 3536 407 3607 actualis,
424 3549 476 3600 auc
495 3546 600 3607 saltem
623 3547 758 3609 virtualis
778 3546 814 3627 (l.
833 3569 859 3610 c.
878 3568 910 3610 o.
929 3550 1004 3630 82).
1023 3552 1060 3613 tu
1083 3547 1161 3621 licitd
