<?xml version="1.0" encoding="UTF-8"?>
<!DOCTYPE html PUBLIC "-//W3C//DTD XHTML 1.0 Transitional//EN"
    "http://www.w3.org/TR/xhtml1/DTD/xhtml1-transitional.dtd">
<html xmlns="http://www.w3.org/1999/xhtml" xml:lang="en" lang="en">
 <head>
  <title>
</title>
<meta http-equiv="Content-Type" content="text/html;charset=utf-8" />
  <meta name='ocr-system' content='tesseract 3.04.00' />
  <meta name='ocr-capabilities' content='ocr_page ocr_carea ocr_par ocr_line ocrx_word'/>
</head>
<body>
  <div class='ocr_page' id='page_1' title='image "./theologiamorali04heilgoog_0192.png"; bbox 0 0 2475 3975; ppageno 0'>
   <div class='ocr_carea' id='block_1_1' title="bbox 110 106 849 193">
    <p class='ocr_par' dir='ltr' id='par_1_1' title="bbox 110 106 849 193">
     <span class='ocr_line' id='line_1_1' title="bbox 110 106 849 193; baseline -0.003 -17"><span class='ocrx_word' id='word_1_1' title='bbox 110 114 168 179; x_wconf 81' lang='grc'>778</span> <span class='ocrx_word' id='word_1_2' title='bbox 382 110 495 175; x_wconf 74' lang='lat' dir='ltr'>Praxo</span> <span class='ocrx_word' id='word_1_3' title='bbox 514 106 699 193; x_wconf 71' lang='lat' dir='ltr'>woflmril.</span> <span class='ocrx_word' id='word_1_4' title='bbox 711 111 785 193; x_wconf 80' lang='lat' dir='ltr'>Cup.</span> <span class='ocrx_word' id='word_1_5' title='bbox 800 110 849 174; x_wconf 88' lang='grc'>77.</span> 
     </span>
    </p>
   </div>
   <div class='ocr_carea' id='block_1_2' title="bbox 111 206 1122 377">
    <p class='ocr_par' dir='ltr' id='par_1_2' title="bbox 111 206 1122 377">
     <span class='ocr_line' id='line_1_2' title="bbox 112 206 1121 291; baseline -0.001 -18"><span class='ocrx_word' id='word_1_6' title='bbox 112 211 336 286; x_wconf 80' lang='lat' dir='ltr'>V.dmentibus‚</span> <span class='ocrx_word' id='word_1_7' title='bbox 345 209 532 291; x_wconf 86' lang='lat' dir='ltr'>phreneticis,</span> <span class='ocrx_word' id='word_1_8' title='bbox 542 209 806 291; x_wconf 78' lang='lat' dir='ltr'>delirantibus,qut</span> <span class='ocrx_word' id='word_1_9' title='bbox 816 208 889 270; x_wconf 88' lang='lat' dir='ltr'>dum</span> <span class='ocrx_word' id='word_1_10' title='bbox 900 206 1022 271; x_wconf 85' lang='lat' dir='ltr'>rationis</span> <span class='ocrx_word' id='word_1_11' title='bbox 1032 224 1121 272; x_wconf 82' lang='lat' dir='ltr'>nsum</span> 
     </span>
     <span class='ocr_line' id='line_1_3' title="bbox 111 294 1122 377; baseline -0.001 -21"><span class='ocrx_word' id='word_1_12' title='bbox 111 295 299 369; x_wconf 86' lang='lat' dir='ltr'>babuerunt,</span> <span class='ocrx_word' id='word_1_13' title='bbox 322 298 365 377; x_wconf 86' lang='lat' dir='ltr'>pii</span> <span class='ocrx_word' id='word_1_14' title='bbox 390 294 483 357; x_wconf 87' lang='lat' dir='ltr'>animi</span> <span class='ocrx_word' id='word_1_15' title='bbox 511 294 757 374; x_wconf 71' lang='lat' dir='ltr'>significationem</span> <span class='ocrx_word' id='word_1_16' title='bbox 781 294 939 365; x_wconf 79' lang='lat' dir='ltr'>dederint,</span> <span class='ocrx_word' id='word_1_17' title='bbox 966 304 998 353; x_wconf 89' lang='lat' dir='ltr'>et</span> <span class='ocrx_word' id='word_1_18' title='bbox 1016 295 1122 355; x_wconf 80' lang='lat' dir='ltr'>Extre-</span> 
     </span>
    </p>
   </div>
   <div class='ocr_carea' id='block_1_3' title="bbox 112 378 1238 465">
    <p class='ocr_par' dir='ltr' id='par_1_3' title="bbox 112 378 1238 465">
     <span class='ocr_line' id='line_1_4' title="bbox 112 378 1238 465; baseline -0.004 -22"><span class='ocrx_word' id='word_1_19' title='bbox 112 400 193 443; x_wconf 86' lang='lat' dir='ltr'>mam</span> <span class='ocrx_word' id='word_1_20' title='bbox 207 382 382 443; x_wconf 80' lang='lat' dir='ltr'>linctionem</span> <span class='ocrx_word' id='word_1_21' title='bbox 407 380 570 461; x_wconf 88' lang='lat' dir='ltr'>petierint,</span> <span class='ocrx_word' id='word_1_22' title='bbox 592 388 644 441; x_wconf 87' lang='lat' dir='ltr'>not</span> <span class='ocrx_word' id='word_1_23' title='bbox 668 380 867 441; x_wconf 81' lang='lat' dir='ltr'>verisimibter</span> <span class='ocrx_word' id='word_1_24' title='bbox 882 378 1050 457; x_wconf 85' lang='lat' dir='ltr'>petiissent,</span> <span class='ocrx_word' id='word_1_25' title='bbox 1070 388 1125 439; x_wconf 85' lang='lat' dir='ltr'>ant</span> <span class='ocrx_word' id='word_1_26' title='bbox 1237 438 1238 465; x_wconf 24' lang='lat'>¹</span> 
     </span>
    </p>
   </div>
   <div class='ocr_carea' id='block_1_4' title="bbox 112 464 1125 884">
    <p class='ocr_par' dir='ltr' id='par_1_4' title="bbox 112 464 1125 884">
     <span class='ocr_line' id='line_1_5' title="bbox 112 464 1124 546; baseline 0 -19"><span class='ocrx_word' id='word_1_27' title='bbox 112 468 300 529; x_wconf 76' lang='lat' dir='ltr'>contritionis</span> <span class='ocrx_word' id='word_1_28' title='bbox 321 467 439 546; x_wconf 78' lang='lat' dir='ltr'>signum</span> <span class='ocrx_word' id='word_1_29' title='bbox 452 464 610 539; x_wconf 87' lang='lat' dir='ltr'>dederint,</span> <span class='ocrx_word' id='word_1_30' title='bbox 622 474 741 526; x_wconf 83' lang='lat' dir='ltr'>remoto</span> <span class='ocrx_word' id='word_1_31' title='bbox 758 465 957 526; x_wconf 62' lang='lat' dir='ltr'>irreverentiae</span> <span class='ocrx_word' id='word_1_32' title='bbox 970 464 1124 542; x_wconf 76' lang='lat' dir='ltr'>periculo,</span> 
     </span>
     <span class='ocr_line' id='line_1_6' title="bbox 112 548 1125 631; baseline -0.003 -19"><span class='ocrx_word' id='word_1_33' title='bbox 112 549 177 612; x_wconf 89' lang='lat' dir='ltr'>dari</span> <span class='ocrx_word' id='word_1_34' title='bbox 190 558 306 631; x_wconf 78' lang='lat' dir='ltr'>potest3</span> <span class='ocrx_word' id='word_1_35' title='bbox 323 560 353 611; x_wconf 88' lang='lat' dir='ltr'>et</span> <span class='ocrx_word' id='word_1_36' title='bbox 372 548 408 611; x_wconf 84' lang='lat' dir='ltr'>ed</span> <span class='ocrx_word' id='word_1_37' title='bbox 433 551 546 627; x_wconf 78' lang='lat' dir='ltr'>tnagis,</span> <span class='ocrx_word' id='word_1_38' title='bbox 568 550 594 611; x_wconf 88' lang='lat' dir='ltr'>si</span> <span class='ocrx_word' id='word_1_39' title='bbox 614 549 748 612; x_wconf 86' lang='lat' dir='ltr'>lucidum</span> <span class='ocrx_word' id='word_1_40' title='bbox 764 548 883 628; x_wconf 79' lang='lat' dir='ltr'>aliquod</span> <span class='ocrx_word' id='word_1_41' title='bbox 895 549 1019 609; x_wconf 85' lang='lat' dir='ltr'>rationis</span> <span class='ocrx_word' id='word_1_42' title='bbox 1034 551 1125 610; x_wconf 89' lang='lat' dir='ltr'>inter·</span> 
     </span>
     <span class='ocr_line' id='line_1_7' title="bbox 112 633 1125 711; baseline -0.001 -14"><span class='ocrx_word' id='word_1_43' title='bbox 112 637 225 697; x_wconf 84' lang='lat' dir='ltr'>vallurn</span> <span class='ocrx_word' id='word_1_44' title='bbox 243 634 364 696; x_wconf 84' lang='lat' dir='ltr'>babent.</span> <span class='ocrx_word' id='word_1_45' title='bbox 389 634 424 693; x_wconf 90' lang='lat' dir='ltr'>ln</span> <span class='ocrx_word' id='word_1_46' title='bbox 444 633 538 695; x_wconf 93' lang='lat' dir='ltr'>dubio</span> <span class='ocrx_word' id='word_1_47' title='bbox 554 640 677 711; x_wconf 85' lang='lat' dir='ltr'>autem,</span> <span class='ocrx_word' id='word_1_48' title='bbox 701 652 741 695; x_wconf 91' lang='lat' dir='ltr'>nn</span> <span class='ocrx_word' id='word_1_49' title='bbox 758 635 825 711; x_wconf 88' lang='lat' dir='ltr'>quis</span> <span class='ocrx_word' id='word_1_50' title='bbox 847 640 980 711; x_wconf 83' lang='lat' dir='ltr'>unquam</span> <span class='ocrx_word' id='word_1_51' title='bbox 999 635 1125 697; x_wconf 84' lang='lat' dir='ltr'>rationis</span> 
     </span>
     <span class='ocr_line' id='line_1_8' title="bbox 115 716 1123 798; baseline -0.003 -19"><span class='ocrx_word' id='word_1_52' title='bbox 115 724 202 781; x_wconf 76' lang='lat' dir='ltr'>usum</span> <span class='ocrx_word' id='word_1_53' title='bbox 225 720 386 792; x_wconf 85' lang='lat' dir='ltr'>babuerit,</span> <span class='ocrx_word' id='word_1_54' title='bbox 411 718 611 783; x_wconf 73' lang='lat' dir='ltr'>conditionate</span> <span class='ocrx_word' id='word_1_55' title='bbox 636 718 701 779; x_wconf 87' lang='lat' dir='ltr'>dori</span> <span class='ocrx_word' id='word_1_56' title='bbox 720 726 828 798; x_wconf 86' lang='lat' dir='ltr'>potest.</span> <span class='ocrx_word' id='word_1_57' title='bbox 844 718 928 778; x_wconf 84' lang='lat' dir='ltr'>iden</span> <span class='ocrx_word' id='word_1_58' title='bbox 950 718 990 777; x_wconf 85' lang='lat' dir='ltr'>de</span> <span class='ocrx_word' id='word_1_59' title='bbox 1011 716 1123 793; x_wconf 83' lang='lat' dir='ltr'>ebriis,</span> 
     </span>
     <span class='ocr_line' id='line_1_9' title="bbox 112 802 1125 884; baseline 0.001 -21"><span class='ocrx_word' id='word_1_60' title='bbox 112 804 137 863; x_wconf 83' lang='lat' dir='ltr'>si</span> <span class='ocrx_word' id='word_1_61' title='bbox 153 805 185 865; x_wconf 94' lang='lat' dir='ltr'>in</span> <span class='ocrx_word' id='word_1_62' title='bbox 204 804 309 865; x_wconf 87' lang='lat' dir='ltr'>mortis</span> <span class='ocrx_word' id='word_1_63' title='bbox 327 802 458 884; x_wconf 86' lang='lat' dir='ltr'>periculo</span> <span class='ocrx_word' id='word_1_64' title='bbox 489 803 577 877; x_wconf 89' lang='lat' dir='ltr'>sint,</span> <span class='ocrx_word' id='word_1_65' title='bbox 604 804 662 864; x_wconf 88' lang='lat' dir='ltr'>nisi</span> <span class='ocrx_word' id='word_1_66' title='bbox 685 812 785 863; x_wconf 87' lang='lat' dir='ltr'>tamen</span> <span class='ocrx_word' id='word_1_67' title='bbox 805 810 920 864; x_wconf 83' lang='lat' dir='ltr'>constet</span> <span class='ocrx_word' id='word_1_68' title='bbox 949 804 981 862; x_wconf 95' lang='lat' dir='ltr'>in</span> <span class='ocrx_word' id='word_1_69' title='bbox 1003 805 1125 865; x_wconf 77' lang='lat' dir='ltr'>mortali</span> 
     </span>
    </p>
   </div>
   <div class='ocr_carea' id='block_1_5' title="bbox 115 882 1238 967">
    <p class='ocr_par' dir='ltr' id='par_1_5' title="bbox 115 882 1238 967">
     <span class='ocr_line' id='line_1_10' title="bbox 115 882 1238 967; baseline 0.002 -20"><span class='ocrx_word' id='word_1_70' title='bbox 115 887 202 967; x_wconf 84' lang='lat' dir='ltr'>culpa</span> <span class='ocrx_word' id='word_1_71' title='bbox 231 888 345 959; x_wconf 87' lang='lat' dir='ltr'>luisse,</span> <span class='ocrx_word' id='word_1_72' title='bbox 371 884 440 949; x_wconf 81' lang='lat' dir='ltr'>cen</span> <span class='ocrx_word' id='word_1_73' title='bbox 469 899 573 949; x_wconf 85' lang='lat' dir='ltr'>sensns</span> <span class='ocrx_word' id='word_1_74' title='bbox 591 888 649 966; x_wconf 84' lang='lat' dir='ltr'>ipsi</span> <span class='ocrx_word' id='word_1_75' title='bbox 674 887 848 962; x_wconf 74' lang='lat' dir='ltr'>amiserint3</span> <span class='ocrx_word' id='word_1_76' title='bbox 871 882 1126 966; x_wconf 74' lang='lat' dir='ltr'>impoenitentibus</span> <span class='ocrx_word' id='word_1_77' title='bbox 1237 912 1238 923; x_wconf 48' lang='lat'>¹</span> 
     </span>
    </p>
   </div>
   <div class='ocr_carea' id='block_1_6' title="bbox 115 972 1129 1305">
    <p class='ocr_par' dir='ltr' id='par_1_6' title="bbox 115 972 1129 1305">
     <span class='ocr_line' id='line_1_11' title="bbox 115 972 1128 1051; baseline 0 -18"><span class='ocrx_word' id='word_1_78' title='bbox 115 972 221 1046; x_wconf 86' lang='lat' dir='ltr'>eninr,</span> <span class='ocrx_word' id='word_1_79' title='bbox 245 979 276 1033; x_wconf 87' lang='lat' dir='ltr'>et</span> <span class='ocrx_word' id='word_1_80' title='bbox 294 972 346 1051; x_wconf 90' lang='lat' dir='ltr'>qui</span> <span class='ocrx_word' id='word_1_81' title='bbox 364 973 397 1033; x_wconf 91' lang='lat' dir='ltr'>in</span> <span class='ocrx_word' id='word_1_82' title='bbox 422 972 576 1033; x_wconf 83' lang='lat' dir='ltr'>manifesto</span> <span class='ocrx_word' id='word_1_83' title='bbox 597 980 717 1050; x_wconf 84' lang='lat' dir='ltr'>peceato</span> <span class='ocrx_word' id='word_1_84' title='bbox 740 973 931 1042; x_wconf 84' lang='lat' dir='ltr'>moriuntur,</span> <span class='ocrx_word' id='word_1_85' title='bbox 945 988 1060 1033; x_wconf 82' lang='grc'><strong>777777</strong></span> <span class='ocrx_word' id='word_1_86' title='bbox 1080 990 1128 1033; x_wconf 80' lang='lat' dir='ltr'>en·</span> 
     </span>
     <span class='ocr_line' id='line_1_12' title="bbox 116 1054 1126 1135; baseline 0 -16"><span class='ocrx_word' id='word_1_87' title='bbox 116 1058 339 1119; x_wconf 86' lang='lat' dir='ltr'>communicatis</span> <span class='ocrx_word' id='word_1_88' title='bbox 348 1054 465 1135; x_wconf 86' lang='lat' dir='ltr'>penitds</span> <span class='ocrx_word' id='word_1_89' title='bbox 476 1055 614 1133; x_wconf 75' lang='lat' dir='ltr'>denegari</span> <span class='ocrx_word' id='word_1_90' title='bbox 628 1055 731 1131; x_wconf 87' lang='lat' dir='ltr'>debet,</span> <span class='ocrx_word' id='word_1_91' title='bbox 740 1064 774 1115; x_wconf 93' lang='lat' dir='ltr'>ut</span> <span class='ocrx_word' id='word_1_92' title='bbox 783 1056 1126 1134; x_wconf 58' lang='lat' dir='ltr'>llitoalisllomnonet,</span> 
     </span>
     <span class='ocr_line' id='line_1_13' title="bbox 115 1138 1127 1219; baseline 0.003 -18"><span class='ocrx_word' id='word_1_93' title='bbox 115 1143 186 1205; x_wconf 85' lang='lat' dir='ltr'>vide</span> <span class='ocrx_word' id='word_1_94' title='bbox 204 1138 225 1202; x_wconf 84' lang='grc'>7.</span> <span class='ocrx_word' id='word_1_95' title='bbox 241 1160 266 1201; x_wconf 89' lang='lat' dir='ltr'>c.</span> <span class='ocrx_word' id='word_1_96' title='bbox 289 1160 322 1201; x_wconf 77' lang='lat' dir='ltr'>a.</span> <span class='ocrx_word' id='word_1_97' title='bbox 341 1142 408 1201; x_wconf 76' lang='lat' dir='ltr'>ter.</span> <span class='ocrx_word' id='word_1_98' title='bbox 425 1140 597 1200; x_wconf 84' lang='lat' dir='ltr'>llulieribus</span> <span class='ocrx_word' id='word_1_99' title='bbox 611 1140 726 1210; x_wconf 87' lang='lat' dir='ltr'>etiem,</span> <span class='ocrx_word' id='word_1_100' title='bbox 746 1140 775 1200; x_wconf 79' lang='lat' dir='ltr'>si·</span> <span class='ocrx_word' id='word_1_101' title='bbox 790 1140 942 1219; x_wconf 79' lang='lat' dir='ltr'>obpartds</span> <span class='ocrx_word' id='word_1_102' title='bbox 953 1141 1069 1203; x_wconf 85' lang='lat' dir='ltr'>dolores</span> <span class='ocrx_word' id='word_1_103' title='bbox 1093 1146 1127 1205; x_wconf 85' lang='lat' dir='ltr'>in</span> 
     </span>
     <span class='ocr_line' id='line_1_14' title="bbox 117 1223 1129 1305; baseline 0.001 -17"><span class='ocrx_word' id='word_1_104' title='bbox 117 1226 222 1289; x_wconf 89' lang='lat' dir='ltr'>mortis</span> <span class='ocrx_word' id='word_1_105' title='bbox 244 1223 376 1303; x_wconf 88' lang='lat' dir='ltr'>periculo</span> <span class='ocrx_word' id='word_1_106' title='bbox 397 1225 481 1301; x_wconf 83' lang='lat' dir='ltr'>tint,</span> <span class='ocrx_word' id='word_1_107' title='bbox 504 1224 631 1285; x_wconf 82' lang='lat' dir='ltr'>conicrri</span> <span class='ocrx_word' id='word_1_108' title='bbox 659 1230 766 1302; x_wconf 81' lang='lat' dir='ltr'>potest.</span> <span class='ocrx_word' id='word_1_109' title='bbox 789 1225 843 1285; x_wconf 89' lang='lat' dir='ltr'>Vl.</span> <span class='ocrx_word' id='word_1_110' title='bbox 873 1225 1028 1287; x_wconf 75' lang='lat' dir='ltr'>orationes</span> <span class='ocrx_word' id='word_1_111' title='bbox 1049 1245 1129 1305; x_wconf 80' lang='lat' dir='ltr'>prae·</span> 
     </span>
    </p>
   </div>
   <div class='ocr_carea' id='block_1_7' title="bbox 116 1308 1238 1389">
    <p class='ocr_par' dir='ltr' id='par_1_7' title="bbox 116 1308 1238 1389">
     <span class='ocr_line' id='line_1_15' title="bbox 116 1308 1238 1389; baseline 0.004 -20"><span class='ocrx_word' id='word_1_112' title='bbox 116 1311 351 1388; x_wconf 80' lang='lat' dir='ltr'>scriptae,extra</span> <span class='ocrx_word' id='word_1_113' title='bbox 374 1308 523 1381; x_wconf 77' lang='lat' dir='ltr'>formam,</span> <span class='ocrx_word' id='word_1_114' title='bbox 545 1308 579 1369; x_wconf 84' lang='lat' dir='ltr'>in</span> <span class='ocrx_word' id='word_1_115' title='bbox 595 1321 665 1368; x_wconf 85' lang='lat' dir='ltr'>casu</span> <span class='ocrx_word' id='word_1_116' title='bbox 684 1308 862 1369; x_wconf 83' lang='lat' dir='ltr'>necessitatis</span> <span class='ocrx_word' id='word_1_117' title='bbox 875 1310 972 1371; x_wconf 88' lang='lat' dir='ltr'>omitti</span> <span class='ocrx_word' id='word_1_118' title='bbox 984 1320 1127 1389; x_wconf 83' lang='lat' dir='ltr'>possunt,</span> <span class='ocrx_word' id='word_1_119' title='bbox 1237 1334 1238 1341; x_wconf 49' lang='lat'>¹</span> 
     </span>
    </p>
   </div>
   <div class='ocr_carea' id='block_1_8' title="bbox 117 1390 1132 1733">
    <p class='ocr_par' dir='ltr' id='par_1_8' title="bbox 117 1390 1132 1733">
     <span class='ocr_line' id='line_1_16' title="bbox 118 1390 1130 1479; baseline 0.004 -24"><span class='ocrx_word' id='word_1_120' title='bbox 118 1414 185 1475; x_wconf 86' lang='lat' dir='ltr'>quae</span> <span class='ocrx_word' id='word_1_121' title='bbox 205 1405 306 1474; x_wconf 85' lang='lat' dir='ltr'>postea</span> <span class='ocrx_word' id='word_1_122' title='bbox 325 1394 484 1466; x_wconf 86' lang='lat' dir='ltr'>dicentur,</span> <span class='ocrx_word' id='word_1_123' title='bbox 508 1394 533 1455; x_wconf 91' lang='lat' dir='ltr'>si</span> <span class='ocrx_word' id='word_1_124' title='bbox 550 1402 669 1473; x_wconf 76' lang='lat' dir='ltr'>tempos</span> <span class='ocrx_word' id='word_1_125' title='bbox 687 1402 842 1473; x_wconf 82' lang='lat' dir='ltr'>suppetet,</span> <span class='ocrx_word' id='word_1_126' title='bbox 861 1390 884 1455; x_wconf 83' lang='lat' dir='ltr'>l.</span> <span class='ocrx_word' id='word_1_127' title='bbox 902 1412 928 1455; x_wconf 89' lang='lat' dir='ltr'>c.</span> <span class='ocrx_word' id='word_1_128' title='bbox 949 1414 983 1457; x_wconf 83' lang='lat' dir='ltr'>a.</span> <span class='ocrx_word' id='word_1_129' title='bbox 1005 1398 1075 1479; x_wconf 77' lang='grc'><strong>777.</strong></span> <span class='ocrx_word' id='word_1_130' title='bbox 1097 1405 1130 1459; x_wconf 93' lang='lat' dir='ltr'>ct</span> 
     </span>
     <span class='ocr_line' id='line_1_17' title="bbox 117 1480 1127 1559; baseline 0.003 -19"><span class='ocrx_word' id='word_1_131' title='bbox 117 1480 148 1541; x_wconf 93' lang='lat' dir='ltr'>in</span> <span class='ocrx_word' id='word_1_132' title='bbox 168 1482 220 1540; x_wconf 85' lang='lat' dir='ltr'>tali</span> <span class='ocrx_word' id='word_1_133' title='bbox 243 1498 310 1541; x_wconf 90' lang='lat' dir='ltr'>casu</span> <span class='ocrx_word' id='word_1_134' title='bbox 321 1483 541 1543; x_wconf 75' lang='lat' dir='ltr'>Sacramentum</span> <span class='ocrx_word' id='word_1_135' title='bbox 555 1480 619 1541; x_wconf 87' lang='lat' dir='ltr'>dari</span> <span class='ocrx_word' id='word_1_136' title='bbox 630 1487 727 1559; x_wconf 80' lang='lat' dir='ltr'>potest</span> <span class='ocrx_word' id='word_1_137' title='bbox 740 1524 750 1552; x_wconf 92' lang='lat'>,</span> <span class='ocrx_word' id='word_1_138' title='bbox 765 1481 855 1541; x_wconf 85' lang='lat' dir='ltr'>etiarn</span> <span class='ocrx_word' id='word_1_139' title='bbox 869 1480 934 1541; x_wconf 89' lang='lat' dir='ltr'>sine</span> <span class='ocrx_word' id='word_1_140' title='bbox 948 1482 1127 1559; x_wconf 86' lang='lat' dir='ltr'>luminibus,</span> 
     </span>
     <span class='ocr_line' id='line_1_18' title="bbox 118 1560 1132 1645; baseline 0.003 -19"><span class='ocrx_word' id='word_1_141' title='bbox 118 1576 148 1628; x_wconf 92' lang='lat' dir='ltr'>et</span> <span class='ocrx_word' id='word_1_142' title='bbox 167 1566 329 1638; x_wconf 89' lang='lat' dir='ltr'>ministro,</span> <span class='ocrx_word' id='word_1_143' title='bbox 351 1560 372 1625; x_wconf 81' lang='grc'>7.</span> <span class='ocrx_word' id='word_1_144' title='bbox 392 1582 418 1625; x_wconf 87' lang='lat' dir='ltr'>o.</span> <span class='ocrx_word' id='word_1_145' title='bbox 442 1583 474 1625; x_wconf 85' lang='lat' dir='ltr'>u.</span> <span class='ocrx_word' id='word_1_146' title='bbox 496 1565 566 1629; x_wconf 72' lang='lat'><strong>728.</strong></span> <span class='ocrx_word' id='word_1_147' title='bbox 583 1573 616 1625; x_wconf 87' lang='lat' dir='ltr'>et</span> <span class='ocrx_word' id='word_1_148' title='bbox 633 1566 723 1625; x_wconf 85' lang='lat' dir='ltr'>ctiorn</span> <span class='ocrx_word' id='word_1_149' title='bbox 738 1566 930 1645; x_wconf 79' lang='lat' dir='ltr'>prebebiliter</span> <span class='ocrx_word' id='word_1_150' title='bbox 941 1568 1006 1627; x_wconf 89' lang='lat' dir='ltr'>sinc</span> <span class='ocrx_word' id='word_1_151' title='bbox 1023 1585 1132 1645; x_wconf 82' lang='lat' dir='ltr'>snper·</span> 
     </span>
     <span class='ocr_line' id='line_1_19' title="bbox 117 1645 1128 1733; baseline 0.005 -22"><span class='ocrx_word' id='word_1_152' title='bbox 117 1651 263 1733; x_wconf 86' lang='lat' dir='ltr'>pelliceo,</span> <span class='ocrx_word' id='word_1_153' title='bbox 295 1657 326 1711; x_wconf 85' lang='lat' dir='ltr'>et</span> <span class='ocrx_word' id='word_1_154' title='bbox 349 1649 423 1711; x_wconf 85' lang='lat' dir='ltr'>stola</span> <span class='ocrx_word' id='word_1_155' title='bbox 449 1645 471 1709; x_wconf 85' lang='grc'>7.</span> <span class='ocrx_word' id='word_1_156' title='bbox 488 1668 516 1710; x_wconf 89' lang='lat' dir='ltr'>c.</span> <span class='ocrx_word' id='word_1_157' title='bbox 540 1660 573 1715; x_wconf 79' lang='lat' dir='ltr'>o.</span> <span class='ocrx_word' id='word_1_158' title='bbox 597 1651 667 1711; x_wconf 73' lang='grc'><strong>776.</strong></span> <span class='ocrx_word' id='word_1_159' title='bbox 697 1651 765 1710; x_wconf 82' lang='lat' dir='ltr'>vll.</span> <span class='ocrx_word' id='word_1_160' title='bbox 800 1652 936 1716; x_wconf 73' lang='lat' dir='ltr'>Extrema</span> <span class='ocrx_word' id='word_1_161' title='bbox 959 1652 1065 1712; x_wconf 79' lang='lat' dir='ltr'>tinctio</span> <span class='ocrx_word' id='word_1_162' title='bbox 1095 1655 1128 1717; x_wconf 91' lang='lat' dir='ltr'>in</span> 
     </span>
    </p>
   </div>
   <div class='ocr_carea' id='block_1_9' title="bbox 118 1731 1236 1815">
    <p class='ocr_par' dir='ltr' id='par_1_9' title="bbox 118 1731 1236 1815">
     <span class='ocr_line' id='line_1_20' title="bbox 118 1731 1236 1815; baseline 0.004 -18"><span class='ocrx_word' id='word_1_163' title='bbox 118 1737 220 1797; x_wconf 87' lang='lat' dir='ltr'>cadom</span> <span class='ocrx_word' id='word_1_164' title='bbox 242 1731 416 1797; x_wconf 84' lang='lat' dir='ltr'>infirmitate</span> <span class='ocrx_word' id='word_1_165' title='bbox 430 1735 533 1797; x_wconf 81' lang='lat' dir='ltr'>iteruri</span> <span class='ocrx_word' id='word_1_166' title='bbox 554 1752 616 1797; x_wconf 92' lang='lat' dir='ltr'>non</span> <span class='ocrx_word' id='word_1_167' title='bbox 637 1743 750 1814; x_wconf 87' lang='lat' dir='ltr'>potest,</span> <span class='ocrx_word' id='word_1_168' title='bbox 763 1736 822 1796; x_wconf 88' lang='lat' dir='ltr'>nisi</span> <span class='ocrx_word' id='word_1_169' title='bbox 842 1736 980 1797; x_wconf 80' lang='lat' dir='ltr'>infirmus</span> <span class='ocrx_word' id='word_1_170' title='bbox 995 1734 1013 1796; x_wconf 76' lang='lat' dir='ltr'>d</span> <span class='ocrx_word' id='word_1_171' title='bbox 1030 1737 1129 1815; x_wconf 86' lang='lat' dir='ltr'>priori</span> <span class='ocrx_word' id='word_1_172' title='bbox 1235 1763 1236 1768; x_wconf 46' lang='lat'>¹</span> 
     </span>
    </p>
   </div>
   <div class='ocr_carea' id='block_1_10' title="bbox 97 1821 1130 2580">
    <p class='ocr_par' dir='ltr' id='par_1_10' title="bbox 97 1821 1130 2580">
     <span class='ocr_line' id='line_1_21' title="bbox 117 1821 1130 1905; baseline 0.004 -22"><span class='ocrx_word' id='word_1_173' title='bbox 117 1821 310 1905; x_wconf 74' lang='lat' dir='ltr'>probabiliter</span> <span class='ocrx_word' id='word_1_174' title='bbox 330 1822 538 1895; x_wconf 83' lang='lat' dir='ltr'>convaluerit,</span> <span class='ocrx_word' id='word_1_175' title='bbox 562 1832 593 1885; x_wconf 87' lang='lat' dir='ltr'>et</span> <span class='ocrx_word' id='word_1_176' title='bbox 614 1822 647 1883; x_wconf 93' lang='lat' dir='ltr'>in</span> <span class='ocrx_word' id='word_1_177' title='bbox 664 1821 746 1884; x_wconf 85' lang='lat' dir='ltr'>eliud</span> <span class='ocrx_word' id='word_1_178' title='bbox 766 1822 863 1883; x_wconf 85' lang='lat' dir='ltr'>simile</span> <span class='ocrx_word' id='word_1_179' title='bbox 877 1824 946 1883; x_wconf 87' lang='lat' dir='ltr'>vitoe</span> <span class='ocrx_word' id='word_1_180' title='bbox 965 1822 1130 1887; x_wconf 84' lang='lat' dir='ltr'>discrimen</span> 
     </span>
     <span class='ocr_line' id='line_1_22' title="bbox 118 1905 1126 1994; baseline -0.001 -23"><span class='ocrx_word' id='word_1_181' title='bbox 118 1908 276 1981; x_wconf 88' lang='lat' dir='ltr'>inciderit,</span> <span class='ocrx_word' id='word_1_182' title='bbox 298 1916 333 1969; x_wconf 89' lang='lat' dir='ltr'>ut</span> <span class='ocrx_word' id='word_1_183' title='bbox 352 1907 438 1969; x_wconf 87' lang='lat' dir='ltr'>docet</span> <span class='ocrx_word' id='word_1_184' title='bbox 459 1908 543 1969; x_wconf 78' lang='grc'><strong>77777.</strong></span> <span class='ocrx_word' id='word_1_185' title='bbox 567 1922 639 1970; x_wconf 80' lang='lat' dir='ltr'>sess.</span> <span class='ocrx_word' id='word_1_186' title='bbox 667 1909 715 1970; x_wconf 80' lang='grc'>77.</span> <span class='ocrx_word' id='word_1_187' title='bbox 736 1925 766 1994; x_wconf 80' lang='lat' dir='ltr'>o.</span> <span class='ocrx_word' id='word_1_188' title='bbox 786 1909 817 1970; x_wconf 74' lang='grc' dir='ltr'>ὅ.</span> <span class='ocrx_word' id='word_1_189' title='bbox 836 1906 903 1968; x_wconf 77' lang='lat' dir='ltr'>cide</span> <span class='ocrx_word' id='word_1_190' title='bbox 923 1905 946 1968; x_wconf 87' lang='grc'>7.</span> <span class='ocrx_word' id='word_1_191' title='bbox 961 1926 986 1969; x_wconf 89' lang='lat' dir='ltr'>c.</span> <span class='ocrx_word' id='word_1_192' title='bbox 1002 1925 1034 1970; x_wconf 78' lang='lat' dir='ltr'>a.</span> <span class='ocrx_word' id='word_1_193' title='bbox 1054 1911 1126 1970; x_wconf 81' lang='grc'><strong>7777.</strong></span> 
     </span>
     <span class='ocr_line' id='line_1_23' title="bbox 97 1991 1129 2072; baseline 0.003 -20"><span class='ocrx_word' id='word_1_194' title='bbox 97 1996 200 2056; x_wconf 73' lang='grc'>177777.</span> <span class='ocrx_word' id='word_1_195' title='bbox 219 1996 328 2055; x_wconf 83' lang='lat' dir='ltr'>Cautus</span> <span class='ocrx_word' id='word_1_196' title='bbox 345 1994 384 2054; x_wconf 90' lang='lat' dir='ltr'>sit</span> <span class='ocrx_word' id='word_1_197' title='bbox 416 1994 550 2054; x_wconf 86' lang='lat' dir='ltr'>sacerdos</span> <span class='ocrx_word' id='word_1_198' title='bbox 576 1993 608 2054; x_wconf 94' lang='lat' dir='ltr'>in</span> <span class='ocrx_word' id='word_1_199' title='bbox 633 1991 781 2054; x_wconf 81' lang='lat' dir='ltr'>movendo</span> <span class='ocrx_word' id='word_1_200' title='bbox 813 2001 947 2072; x_wconf 74' lang='lat' dir='ltr'>egroto,</span> <span class='ocrx_word' id='word_1_201' title='bbox 970 2003 1007 2055; x_wconf 90' lang='lat' dir='ltr'>ut</span> <span class='ocrx_word' id='word_1_202' title='bbox 1029 2003 1129 2072; x_wconf 83' lang='lat' dir='ltr'>partco</span> 
     </span>
     <span class='ocr_line' id='line_1_24' title="bbox 117 2077 1128 2158; baseline 0.002 -19"><span class='ocrx_word' id='word_1_203' title='bbox 117 2080 274 2140; x_wconf 84' lang='lat' dir='ltr'>viciniores</span> <span class='ocrx_word' id='word_1_204' title='bbox 291 2085 410 2158; x_wconf 64' lang='lat' dir='ltr'>uagata</span> <span class='ocrx_word' id='word_1_205' title='bbox 430 2079 454 2138; x_wconf 89' lang='lat' dir='ltr'>si</span> <span class='ocrx_word' id='word_1_206' title='bbox 472 2087 572 2140; x_wconf 85' lang='lat' dir='ltr'>tamen</span> <span class='ocrx_word' id='word_1_207' title='bbox 598 2077 685 2139; x_wconf 74' lang='lat' dir='ltr'>ceute</span> <span class='ocrx_word' id='word_1_208' title='bbox 706 2078 861 2149; x_wconf 83' lang='lat' dir='ltr'>revolvat,</span> <span class='ocrx_word' id='word_1_209' title='bbox 885 2087 916 2140; x_wconf 92' lang='lat' dir='ltr'>et</span> <span class='ocrx_word' id='word_1_210' title='bbox 937 2094 1005 2139; x_wconf 85' lang='lat' dir='ltr'>casn</span> <span class='ocrx_word' id='word_1_211' title='bbox 1033 2079 1085 2139; x_wconf 88' lang='lat' dir='ltr'>ille</span> <span class='ocrx_word' id='word_1_212' title='bbox 1108 2077 1128 2141; x_wconf 80' lang='lat' dir='ltr'>d</span> 
     </span>
     <span class='ocr_line' id='line_1_25' title="bbox 118 2163 1126 2242; baseline 0 -16"><span class='ocrx_word' id='word_1_213' title='bbox 118 2165 178 2226; x_wconf 82' lang='lat' dir='ltr'>vite</span> <span class='ocrx_word' id='word_1_214' title='bbox 203 2163 350 2236; x_wconf 85' lang='lat' dir='ltr'>decedat,</span> <span class='ocrx_word' id='word_1_215' title='bbox 372 2164 621 2242; x_wconf 79' lang='lat' dir='ltr'>irregularitatem</span> <span class='ocrx_word' id='word_1_216' title='bbox 647 2179 708 2225; x_wconf 86' lang='lat' dir='ltr'>nou</span> <span class='ocrx_word' id='word_1_217' title='bbox 728 2168 828 2224; x_wconf 75' lang='grc'><strong>777777</strong></span> <span class='ocrx_word' id='word_1_218' title='bbox 847 2163 1027 2237; x_wconf 71' lang='lat' dir='ltr'>incurrisse,</span> <span class='ocrx_word' id='word_1_219' title='bbox 1054 2167 1126 2242; x_wconf 78' lang='lat' dir='ltr'>qnia</span> 
     </span>
     <span class='ocr_line' id='line_1_26' title="bbox 117 2247 1125 2328; baseline -0.004 -16"><span class='ocrx_word' id='word_1_220' title='bbox 117 2251 151 2312; x_wconf 87' lang='lat' dir='ltr'>in</span> <span class='ocrx_word' id='word_1_221' title='bbox 170 2247 227 2310; x_wconf 89' lang='lat' dir='ltr'>hoc</span> <span class='ocrx_word' id='word_1_222' title='bbox 240 2264 306 2309; x_wconf 84' lang='lat' dir='ltr'>casu</span> <span class='ocrx_word' id='word_1_223' title='bbox 318 2249 520 2327; x_wconf 76' lang='lat' dir='ltr'>irregularitas</span> <span class='ocrx_word' id='word_1_224' title='bbox 533 2263 593 2309; x_wconf 88' lang='lat' dir='ltr'>nnn</span> <span class='ocrx_word' id='word_1_225' title='bbox 604 2255 701 2328; x_wconf 86' lang='lat' dir='ltr'>potest</span> <span class='ocrx_word' id='word_1_226' title='bbox 713 2248 825 2309; x_wconf 82' lang='lat' dir='ltr'>incurri</span> <span class='ocrx_word' id='word_1_227' title='bbox 840 2249 898 2308; x_wconf 91' lang='lat' dir='ltr'>nisi</span> <span class='ocrx_word' id='word_1_228' title='bbox 908 2248 949 2309; x_wconf 86' lang='lat' dir='ltr'>ob</span> <span class='ocrx_word' id='word_1_229' title='bbox 961 2248 1125 2322; x_wconf 78' lang='lat' dir='ltr'>delictum,</span> 
     </span>
     <span class='ocr_line' id='line_1_27' title="bbox 117 2331 1127 2414; baseline 0.002 -22"><span class='ocrx_word' id='word_1_230' title='bbox 117 2331 204 2410; x_wconf 83' lang='lat' dir='ltr'>bquo</span> <span class='ocrx_word' id='word_1_231' title='bbox 214 2333 264 2408; x_wconf 86' lang='lat' dir='ltr'>qui</span> <span class='ocrx_word' id='word_1_232' title='bbox 276 2331 427 2391; x_wconf 79' lang='lat' dir='ltr'>eharitatis</span> <span class='ocrx_word' id='word_1_233' title='bbox 440 2333 523 2392; x_wconf 75' lang='lat' dir='ltr'>coust</span> <span class='ocrx_word' id='word_1_234' title='bbox 536 2334 657 2414; x_wconf 81' lang='lat' dir='ltr'>aliquod</span> <span class='ocrx_word' id='word_1_235' title='bbox 664 2332 882 2410; x_wconf 79' lang='lat' dir='ltr'>inculpabiliter</span> <span class='ocrx_word' id='word_1_236' title='bbox 888 2333 971 2412; x_wconf 78' lang='lat' dir='ltr'>ogit,</span> <span class='ocrx_word' id='word_1_237' title='bbox 983 2335 1127 2395; x_wconf 79' lang='lat' dir='ltr'>immunis</span> 
     </span>
     <span class='ocr_line' id='line_1_28' title="bbox 118 2413 1127 2492; baseline 0.004 -18"><span class='ocrx_word' id='word_1_238' title='bbox 118 2423 173 2474; x_wconf 87' lang='lat' dir='ltr'>est.</span> <span class='ocrx_word' id='word_1_239' title='bbox 187 2413 321 2492; x_wconf 86' lang='lat' dir='ltr'>Denique</span> <span class='ocrx_word' id='word_1_240' title='bbox 337 2413 417 2474; x_wconf 76' lang='lat' dir='ltr'>recte</span> <span class='ocrx_word' id='word_1_241' title='bbox 434 2414 579 2492; x_wconf 81' lang='lat' dir='ltr'>parcebas</span> <span class='ocrx_word' id='word_1_242' title='bbox 597 2417 630 2476; x_wconf 85' lang='lat' dir='ltr'>iri</span> <span class='ocrx_word' id='word_1_243' title='bbox 642 2434 694 2476; x_wconf 86' lang='lat' dir='ltr'>sua</span> <span class='ocrx_word' id='word_1_244' title='bbox 715 2417 805 2478; x_wconf 89' lang='lat' dir='ltr'>domo</span> <span class='ocrx_word' id='word_1_245' title='bbox 817 2419 916 2481; x_wconf 84' lang='lat' dir='ltr'>cleon</span> <span class='ocrx_word' id='word_1_246' title='bbox 938 2424 1072 2478; x_wconf 75' lang='grc'><strong>77777777</strong></span> <span class='ocrx_word' id='word_1_247' title='bbox 1092 2419 1127 2486; x_wconf 84' lang='lat' dir='ltr'>in</span> 
     </span>
     <span class='ocr_line' id='line_1_29' title="bbox 118 2497 1125 2580; baseline 0.003 -20"><span class='ocrx_word' id='word_1_248' title='bbox 118 2505 205 2560; x_wconf 89' lang='lat' dir='ltr'>nocte</span> <span class='ocrx_word' id='word_1_249' title='bbox 222 2513 338 2557; x_wconf 86' lang='lat' dir='ltr'>servare</span> <span class='ocrx_word' id='word_1_250' title='bbox 357 2505 476 2575; x_wconf 86' lang='lat' dir='ltr'>potest,</span> <span class='ocrx_word' id='word_1_251' title='bbox 492 2497 565 2560; x_wconf 81' lang='lat' dir='ltr'>dom</span> <span class='ocrx_word' id='word_1_252' title='bbox 591 2500 746 2578; x_wconf 83' lang='lat' dir='ltr'>probabile</span> <span class='ocrx_word' id='word_1_253' title='bbox 770 2502 936 2580; x_wconf 78' lang='lat' dir='ltr'>periculum</span> <span class='ocrx_word' id='word_1_254' title='bbox 960 2502 1125 2580; x_wconf 72' lang='lat' dir='ltr'>praevidet,</span> 
     </span>
    </p>
   </div>
   <div class='ocr_carea' id='block_1_11' title="bbox 117 2583 1126 2735">
    <p class='ocr_par' dir='ltr' id='par_1_11' title="bbox 117 2583 1126 2735">
     <span class='ocr_line' id='line_1_30' title="bbox 117 2583 1126 2732; baseline 0.006 -89"><span class='ocrx_word' id='word_1_255' title='bbox 117 2583 195 2732; x_wconf 47' lang='lat' dir='ltr'>{itaci</span> <span class='ocrx_word' id='word_1_256' title='bbox 216 2591 336 2732; x_wconf 58' lang='grc' dir='ltr'><strong>77777ἒό77</strong></span> <span class='ocrx_word' id='word_1_257' title='bbox 355 2583 393 2644; x_wconf 85' lang='lat' dir='ltr'>ad</span> <span class='ocrx_word' id='word_1_258' title='bbox 412 2583 616 2648; x_wconf 82' lang='lat' dir='ltr'>coufsrendam</span> <span class='ocrx_word' id='word_1_259' title='bbox 640 2585 816 2651; x_wconf 79' lang='lat' dir='ltr'>linctionem</span> <span class='ocrx_word' id='word_1_260' title='bbox 829 2585 937 2666; x_wconf 86' lang='lat' dir='ltr'>proestd</span> <span class='ocrx_word' id='word_1_261' title='bbox 954 2603 1015 2648; x_wconf 90' lang='lat' dir='ltr'>non</span> <span class='ocrx_word' id='word_1_262' title='bbox 1028 2597 1126 2662; x_wconf 81' lang='lat' dir='ltr'>essct,</span> 
     </span>
     <span class='ocr_line' id='line_1_31' title="bbox 132 2689 314 2735; baseline 0 -4"><span class='ocrx_word' id='word_1_263' title='bbox 132 2711 140 2731; x_wconf 90' lang='lat'><strong>.</strong></span> <span class='ocrx_word' id='word_1_264' title='bbox 178 2689 231 2735; x_wconf 81' lang='grc'>,7.</span> <span class='ocrx_word' id='word_1_265' title='bbox 306 2710 314 2731; x_wconf 92' lang='grc'><strong>.</strong></span> 
     </span>
    </p>
   </div>
   <div class='ocr_carea' id='block_1_12' title="bbox 282 2845 957 2933">
    <p class='ocr_par' dir='ltr' id='par_1_12' title="bbox 282 2845 957 2933">
     <span class='ocr_line' id='line_1_32' title="bbox 282 2845 957 2933; baseline 0.007 -24"><span class='ocrx_word' id='word_1_266' title='bbox 282 2845 310 2928; x_wconf 84' lang='lat'>§.</span> <span class='ocrx_word' id='word_1_267' title='bbox 324 2849 362 2910; x_wconf 82' lang='lat' dir='ltr'>V.</span> <span class='ocrx_word' id='word_1_268' title='bbox 377 2848 496 2910; x_wconf 82' lang='lat' dir='ltr'>Monito</span> <span class='ocrx_word' id='word_1_269' title='bbox 517 2849 594 2911; x_wconf 84' lang='lat' dir='ltr'>circe</span> <span class='ocrx_word' id='word_1_270' title='bbox 616 2857 759 2933; x_wconf 66' lang='lat' dir='ltr'>aconem,</span> <span class='ocrx_word' id='word_1_271' title='bbox 779 2858 809 2912; x_wconf 83' lang='lat' dir='ltr'>et</span> <span class='ocrx_word' id='word_1_272' title='bbox 824 2857 957 2914; x_wconf 82' lang='lat' dir='ltr'>mortem.</span> 
     </span>
    </p>
   </div>
   <div class='ocr_carea' id='block_1_13' title="bbox 119 3037 1130 3599">
    <p class='ocr_par' dir='ltr' id='par_1_13' title="bbox 119 3037 1130 3599">
     <span class='ocr_line' id='line_1_33' title="bbox 157 3037 1128 3183; baseline 0.01 -24"><span class='ocrx_word' id='word_1_273' title='bbox 157 3099 226 3161; x_wconf 82' lang='lat' dir='ltr'>tto.</span> <span class='ocrx_word' id='word_1_274' title='bbox 258 3037 344 3168; x_wconf 76' lang='lat' dir='ltr'>Curi</span> <span class='ocrx_word' id='word_1_275' title='bbox 361 3100 498 3162; x_wconf 80' lang='lat' dir='ltr'>irtlirmns</span> <span class='ocrx_word' id='word_1_276' title='bbox 519 3101 557 3162; x_wconf 84' lang='lat' dir='ltr'>td</span> <span class='ocrx_word' id='word_1_277' title='bbox 568 3111 693 3182; x_wconf 78' lang='lat' dir='ltr'>agonem</span> <span class='ocrx_word' id='word_1_278' title='bbox 712 3105 866 3183; x_wconf 70' lang='lat' dir='ltr'>peruenit,</span> <span class='ocrx_word' id='word_1_279' title='bbox 882 3104 976 3165; x_wconf 87' lang='lat' dir='ltr'>solitls</span> <span class='ocrx_word' id='word_1_280' title='bbox 992 3105 1128 3169; x_wconf 77' lang='lat' dir='ltr'>Ecclesiee</span> 
     </span>
     <span class='ocr_line' id='line_1_34' title="bbox 119 3184 1126 3266; baseline 0.003 -19"><span class='ocrx_word' id='word_1_281' title='bbox 119 3185 227 3252; x_wconf 85' lang='lat' dir='ltr'>armis,</span> <span class='ocrx_word' id='word_1_282' title='bbox 241 3184 278 3243; x_wconf 86' lang='lat' dir='ltr'>ad</span> <span class='ocrx_word' id='word_1_283' title='bbox 298 3205 367 3246; x_wconf 89' lang='lat' dir='ltr'>eum</span> <span class='ocrx_word' id='word_1_284' title='bbox 383 3185 548 3264; x_wconf 75' lang='lat' dir='ltr'>Juvoudum</span> <span class='ocrx_word' id='word_1_285' title='bbox 568 3193 714 3266; x_wconf 82' lang='lat' dir='ltr'>quantum</span> <span class='ocrx_word' id='word_1_286' title='bbox 729 3197 847 3266; x_wconf 80' lang='lat' dir='ltr'>potest,</span> <span class='ocrx_word' id='word_1_287' title='bbox 863 3189 996 3251; x_wconf 80' lang='lat' dir='ltr'>sacerdos</span> <span class='ocrx_word' id='word_1_288' title='bbox 1011 3198 1126 3250; x_wconf 87' lang='lat' dir='ltr'>utatur.</span> 
     </span>
     <span class='ocr_line' id='line_1_35' title="bbox 119 3265 1128 3353; baseline 0.012 -29"><span class='ocrx_word' id='word_1_289' title='bbox 119 3272 148 3330; x_wconf 83' lang='lat' dir='ltr'>l.</span> <span class='ocrx_word' id='word_1_290' title='bbox 176 3265 289 3342; x_wconf 78' lang='lat' dir='ltr'>Saepius</span> <span class='ocrx_word' id='word_1_291' title='bbox 304 3269 458 3331; x_wconf 88' lang='lat' dir='ltr'>infirmum</span> <span class='ocrx_word' id='word_1_292' title='bbox 484 3272 560 3350; x_wconf 78' lang='lat' dir='ltr'>aqud</span> <span class='ocrx_word' id='word_1_293' title='bbox 589 3273 743 3335; x_wconf 80' lang='lat' dir='ltr'>benedicto</span> <span class='ocrx_word' id='word_1_294' title='bbox 771 3278 933 3352; x_wconf 74' lang='lat' dir='ltr'>aspergat,</span> <span class='ocrx_word' id='word_1_295' title='bbox 959 3276 1128 3353; x_wconf 79' lang='lat' dir='ltr'>prasertim</span> 
     </span>
     <span class='ocr_line' id='line_1_36' title="bbox 119 3347 1130 3438; baseline 0.01 -29"><span class='ocrx_word' id='word_1_296' title='bbox 119 3352 143 3409; x_wconf 87' lang='lat' dir='ltr'>si</span> <span class='ocrx_word' id='word_1_297' title='bbox 173 3347 323 3438; x_wconf 74' lang='lat' dir='ltr'>diabolicis</span> <span class='ocrx_word' id='word_1_298' title='bbox 348 3355 559 3414; x_wconf 86' lang='lat' dir='ltr'>tentationibus</span> <span class='ocrx_word' id='word_1_299' title='bbox 588 3357 775 3433; x_wconf 79' lang='lat' dir='ltr'>exagitatur,</span> <span class='ocrx_word' id='word_1_300' title='bbox 800 3359 926 3420; x_wconf 89' lang='lat' dir='ltr'>dicendo</span> <span class='ocrx_word' id='word_1_301' title='bbox 952 3379 962 3417; x_wconf 76' lang='grc'>7</span> <span class='ocrx_word' id='word_1_302' title='bbox 987 3359 1130 3438; x_wconf 65' lang='lat' dir='ltr'>Excreat</span> 
     </span>
     <span class='ocr_line' id='line_1_37' title="bbox 119 3425 1126 3523; baseline 0.017 -37"><span class='ocrx_word' id='word_1_303' title='bbox 119 3433 202 3523; x_wconf 75' lang='lat' dir='ltr'>Deris</span> <span class='ocrx_word' id='word_1_304' title='bbox 221 3435 250 3486; x_wconf 86' lang='lat' dir='ltr'>ct</span> <span class='ocrx_word' id='word_1_305' title='bbox 272 3425 455 3504; x_wconf 76' lang='lat' dir='ltr'>dissipentur</span> <span class='ocrx_word' id='word_1_306' title='bbox 477 3436 592 3498; x_wconf 74' lang='lat' dir='ltr'>c‘uimicc&#39;</span> <span class='ocrx_word' id='word_1_307' title='bbox 610 3437 687 3519; x_wconf 58' lang='lat' dir='ltr'>ejece</span> <span class='ocrx_word' id='word_1_308' title='bbox 708 3442 739 3499; x_wconf 71' lang='grc'>7.</span> <span class='ocrx_word' id='word_1_309' title='bbox 760 3443 863 3502; x_wconf 83' lang='lat' dir='ltr'>crucis</span> <span class='ocrx_word' id='word_1_310' title='bbox 884 3443 1035 3521; x_wconf 77' lang='lat' dir='ltr'>signaculo</span> <span class='ocrx_word' id='word_1_311' title='bbox 1055 3461 1126 3503; x_wconf 88' lang='lat' dir='ltr'>cum</span> 
     </span>
     <span class='ocr_line' id='line_1_38' title="bbox 119 3509 1122 3599; baseline 0.006 -21"><span class='ocrx_word' id='word_1_312' title='bbox 119 3517 256 3579; x_wconf 59' lang='lat' dir='ltr'>minuti,</span> <span class='ocrx_word' id='word_1_313' title='bbox 275 3516 305 3566; x_wconf 88' lang='lat' dir='ltr'>ct</span> <span class='ocrx_word' id='word_1_314' title='bbox 319 3509 494 3588; x_wconf 83' lang='lat' dir='ltr'>benedicat,</span> <span class='ocrx_word' id='word_1_315' title='bbox 512 3520 612 3588; x_wconf 77' lang='lat' dir='ltr'>ducns</span> <span class='ocrx_word' id='word_1_316' title='bbox 632 3543 641 3579; x_wconf 76' lang='grc' dir='ltr'><strong>ι</strong></span> <span class='ocrx_word' id='word_1_317' title='bbox 668 3521 829 3586; x_wconf 71' lang='lat' dir='ltr'>Benedicat</span> <span class='ocrx_word' id='word_1_318' title='bbox 852 3532 880 3584; x_wconf 84' lang='lat' dir='ltr'>te</span> <span class='ocrx_word' id='word_1_319' title='bbox 907 3529 989 3588; x_wconf 78' lang='lat' dir='ltr'>Deua</span> <span class='ocrx_word' id='word_1_320' title='bbox 1008 3527 1122 3599; x_wconf 79' lang='lat' dir='ltr'>Potor,</span> 
     </span>
    </p>
   </div>
   <div class='ocr_carea' id='block_1_14' title="bbox 0 0 1248 3975">
    <p class='ocr_par' dir='ltr' id='par_1_14' title="bbox 0 0 1248 3975">
     <span class='ocr_line' id='line_1_39' title="bbox 0 0 1248 3975; baseline 0 0"><span class='ocrx_word' id='word_1_321' title='bbox 0 0 1248 3975; x_wconf 95' lang='lat' dir='ltr'> </span> 
     </span>
    </p>
   </div>
  </div>
 </body>
</html>
