2475 3975
351 170 378 254 ς.
395 172 446 234 tv.
462 174 507 235 De
525 170 617 235 mattos
635 179 664 233 et
680 172 791 236 surdis.
1034 178 1073 239 st

78 278 163 344 media
184 274 347 337 ordinaria.
369 276 442 335 Dico
461 271 639 350 ordinario,
662 278 731 354 quia
754 276 897 355 scriptum
916 295 978 339 non
999 290 1075 341 esset

78 374 149 427 muto
166 360 353 421 ordinarium
374 358 530 431 medinm,
548 360 572 419 si
591 360 723 438 alioquin
735 379 877 439 magnum
890 362 941 423 ifle
952 363 1075 425 deberet

77 449 197 511 laborem
221 445 323 506 subire
345 444 381 504 ad
405 462 488 504 stram
515 444 726 507 confessionem
751 446 949 526 explendam,
973 449 1073 509 antei

78 531 309 595 manifestationis
325 529 490 607 periculum
513 545 575 589 osse
596 540 704 607 posset.

108 620 173 681 ibi.
185 616 216 677 Si
232 632 364 693 unquam
384 612 534 675 accederet
553 613 588 672 ad
612 615 821 679 confessarium
842 620 942 697 aliqua
966 619 1075 681 mulier

77 704 173 776 surda,
195 709 250 763 aut
274 700 445 772 surdastra,
466 706 496 759 et
517 700 710 762 confessarius
732 703 763 763 in
786 723 941 784 progressu
960 704 1073 765 confes·

78 788 172 866 sionis,
188 788 375 864 interrogans
391 784 428 845 de
445 786 675 846 circumstantiis
691 791 800 866 peccati
815 790 955 863 confessi,
967 790 1074 851 adver·

78 882 142 933 teret
159 890 229 933 eum
247 888 315 942 ,esse
332 870 473 942 surdam,
490 870 615 931 dubium
636 870 692 938 ot,
713 891 752 933 an
771 875 962 935 confessarius
982 877 1074 954 possit

78 958 113 1019 illi
133 957 189 1019 alti
210 974 282 1019 voce
306 956 424 1027 dicere,
446 962 482 1015 ut
502 954 604 1015 redeat
622 955 681 1014 alio
700 967 869 1035 opportuno
888 970 1021 1039 ternpore
1042 968 1074 1022 et

79 1044 146 1119 foco;
162 1060 244 1105 casus
264 1040 313 1101 hic
328 1040 405 1119 saepe
424 1040 455 1101 in
475 1039 667 1099 missionibus
685 1041 806 1111 accidit,
820 1052 851 1103 ct
873 1045 961 1105 valde
979 1064 1073 1123 quan·

75 1125 162 1205 doque
183 1126 383 1189 missionarios
406 1126 499 1204 angit.
518 1126 579 1202 Ego
600 1125 644 1186 sic
663 1125 811 1205 egendum
833 1137 929 1205 poto:
947 1128 971 1188 si
995 1130 1074 1191 illius

76 1212 237 1273 surditatem
251 1211 306 1270 sub
326 1210 412 1271 initio
432 1209 622 1277 confessionis
634 1212 769 1283 noverit,
783 1220 855 1272 ωηο
872 1211 965 1274 fibcrd
980 1222 1076 1291 potest

77 1296 99 1355 ci
110 1297 258 1375 imponere
269 1306 303 1355 ut
314 1295 426 1355 redeat.
435 1296 474 1356 Aa
483 1294 507 1354 si
520 1295 551 1353 in
563 1312 725 1373 progressu
733 1297 922 1359 confessionis
931 1297 962 1359 id
974 1298 1075 1361 adver·

78 1386 160 1454 toret,
174 1379 210 1442 cb
221 1379 300 1459 qudd
316 1380 463 1459 paenitens
478 1377 605 1439 minime
625 1379 776 1458 adequati
793 1382 1075 1462 interrogationibus

76 1467 243 1545 respondet,
270 1474 340 1525 tunc
362 1464 466 1543 nequit
485 1463 677 1524 confessarius
698 1466 726 1526 ei
748 1465 905 1544 injungere
925 1468 985 1529 atu
1001 1486 1074 1531 voce

76 1558 106 1609 ut
118 1551 230 1622 redeat,
252 1550 293 1611 ita
315 1558 350 1609 ut
369 1550 593 1613 circumstantes
611 1548 668 1610 boo
686 1550 830 1628 audiant;
844 1554 914 1630 quia
931 1554 1074 1633 suspicio·

76 1650 137 1696 nent
159 1636 278 1715 quidem
298 1635 357 1695 illis
380 1636 548 1711 ingereret,
569 1634 650 1711 qudd
671 1638 816 1715 poenitens
836 1638 964 1700 confessa
982 1641 1021 1699 sit
1035 1639 1074 1701 de

75 1719 162 1801 aliqua
180 1721 263 1801 gravi
284 1719 387 1798 culpa,
409 1728 461 1781 aut
476 1720 579 1779 saltem
599 1720 690 1782 dubit
710 1723 816 1800 gravi3
835 1732 1017 1801 quapropter
1037 1742 1074 1785 eo

75 1822 153 1879 casu,
177 1805 292 1869 etiarnsi
316 1807 379 1884 ipsa
401 1804 439 1865 de
457 1805 557 1883 aliquo
577 1807 696 1867 mortali
720 1808 812 1868 fuerit
833 1810 982 1881 confessa,
1007 1827 1073 1871 eam

75 1890 196 1957 obsolute
212 1892 364 1967 absolvat,
383 1890 408 1951 si
428 1890 600 1969 dispositam
620 1900 775 1970 agnoscat,
790 1892 922 1972 alioquin
942 1894 1074 1957 absolvat

75 1976 122 2040 sub
139 1978 331 2048 conditione,
350 1976 482 2052 etenim,
506 1995 543 2038 ne
564 1978 696 2058 sigillum
719 1980 855 2059 frangat,
877 1990 950 2042 ωηο
969 1981 1074 2059 nequit

75 2066 215 2128 certiorari
240 2064 278 2128 de
301 2063 382 2124 iilius
403 2059 617 2142 dispositione,
639 2083 737 2144 neque
760 2067 806 2144 (nt
827 2065 901 2145 dixi)
927 2074 1024 2143 potest
1045 2067 1073 2126 ei

75 2147 238 2230 injungere,
262 2157 297 2210 ut
316 2148 436 2226 redcat3
456 2157 486 2208 ct
508 2157 580 2210 tunc
602 2150 699 2210 levem
718 2151 746 2209 ei
771 2151 905 2228 imponat
927 2150 1074 2225 poeniten·

74 2232 155 2305 tiam,
176 2233 243 2296 crim
262 2233 417 2295 satisfactio
442 2231 493 2292 illa
516 2233 554 2292 ob
576 2232 751 2295 surditatem
773 2233 863 2292 etiam
880 2231 918 2292 ab
936 2231 1001 2292 aliis
1021 2249 1074 2292 an-

75 2315 172 2382 dicmda
186 2327 261 2382 esset
278 2315 312 2399 (l.
326 2338 352 2380 ο.
366 2336 399 2380 η.
417 2319 487 2378 oft.
504 2335 534 2376 v.
550 2316 660 2395 Pctes.)

160 2507 186 2588 ς.
202 2509 238 2570 V.
255 2503 403 2582 Quomodo
419 2523 449 2568 ae
464 2523 560 2588 perere
578 2503 679 2568 debeat
694 2524 762 2568 curat
777 2505 973 2569 morabandis.
1072 2573 1076 2576 ,

110 2731 173 2792 105.
188 2669 416 2799 Corressnroos
441 2733 472 2791 in
495 2728 676 2808 excipiendis
696 2727 944 2789 moribundorum
962 2731 1074 2792 confes-

75 2817 212 2895 sionibus,
233 2837 294 2880 non
311 2817 398 2879 debet
417 2827 477 2878 tarn
495 2815 593 2877 exacte
610 2814 769 2894 procedere
781 2813 857 2874 circa
875 2833 1033 2878 numerum
1044 2827 1074 2878 et

76 2900 319 2980 circumstantias3
343 2905 508 2983 pracsertim
530 2904 555 2963 si
575 2901 638 2979 jam
662 2901 826 2961 accessisset
848 2901 980 2962 sacerdos
1006 2919 1074 2962 cnm

76 2984 201 3062 ffatim,
221 2999 272 3049 aut
285 2991 310 3050 si
330 2991 460 3052 medicus
482 2991 624 3060 instaret,
643 2996 677 3048 ut
694 2986 752 3047 citb
768 2986 917 3046 viaticum
934 2988 1074 3065 suscipia-

77 3075 211 3148 turptunc
223 3076 304 3136 enirn
322 3073 428 3136 melitis
445 3074 537 3136 estad
550 3074 773 3152 dispositionem
792 3071 1074 3150 poenitentis,quiam

76 3153 107 3213 ad
124 3159 306 3221 confessionis
324 3162 524 3238 integritatem
535 3159 697 3220 attendere.
712 3156 826 3216 Sufficit
836 3162 907 3214 tunc
921 3155 1075 3234 imponere

78 3236 201 3316 infirmo,
215 3254 267 3317 ut,
288 3243 356 3305 ciam
374 3245 573 3316 convaluerit,
585 3243 797 3306 confessionem
809 3248 933 3318 repetat.
945 3243 981 3302 Et
992 3242 1075 3303 satis·

75 3319 151 3386 factio
168 3329 205 3389 sit
222 3329 387 3402 levissima,
408 3329 589 3410 imponendo
610 3326 865 3406 proportionatam
878 3344 933 3404 pro
944 3337 1076 3406 tempore

77 3425 129 3485 qno
145 3413 193 3474 ifle
214 3416 412 3491 convalescet3
434 3417 482 3476 vel
504 3416 573 3476 satis
596 3415 654 3474 erit
673 3413 701 3472 ei
721 3410 895 3490 injungere,
918 3421 953 3472 ut
976 3413 1076 3472 redeat

77 3501 199 3578 tempore
223 3503 368 3563 sanitatis.
389 3503 564 3577 Vulnerati,
589 3509 619 3560 ct
644 3517 815 3576 puerpcrae,
840 3517 906 3576 quae
928 3494 1077 3556 ordinarie

77 3593 218 3661 noqueunt
236 3587 273 3648 ab
293 3587 495 3650 assistentibus
508 3584 604 3649 deseri
613 3625 622 3657 ,
631 3583 739 3646 sufficit
754 3592 788 3642 ut
800 3600 831 3642 se
841 3588 976 3720 accpscnt
989 3596 1076 3658 gene·
