2475 3975
137 166 178 230 80
430 162 542 224 Prome
550 160 734 244 confessarii.
750 164 862 245 Capi.

136 264 235 339 dinis,
261 266 369 349 inopie
395 268 578 345 parentum?
597 273 629 325 et
649 262 777 325 maximia
801 262 946 341 expendet
971 263 1087 334 duem,
1109 283 1152 327 au

137 350 175 409 sit
199 360 316 424 reclus,
340 368 447 429 nempe
473 350 565 426 magis
584 367 616 410 se
641 347 840 428 conjungendi
861 351 946 421 Deo,
973 356 1025 409 aut
1048 348 1154 427 lapsus

137 436 313 497 emendandi
333 442 471 499 anteactae
489 434 574 505 vitae,
594 441 645 493 aut
659 435 757 494 saeculi
773 434 903 513 pcricula
919 433 1052 493 vitandi?
1065 430 1154 512 qnod

137 520 161 579 si
181 520 349 599 principalis
375 520 444 579 finis
463 526 537 577 essct
566 520 751 589 mundanus,
774 520 867 578 vitam
889 517 994 596 agendi
1013 534 1155 578 mmmc-

137 602 275 676 diorem‚
295 614 346 665 aot
374 622 405 664 se
434 603 578 663 liberandi
603 602 621 663 i
641 604 813 681 propinquis
839 602 924 664 durrc
941 601 1152 675 conditionis,

137 696 189 747 aut
208 687 406 768 complacendi
422 688 617 766 parentibus,
640 688 692 766 qui
717 687 753 747 ad
779 684 836 748 hoc
863 704 932 746 eum
956 686 1150 764 impellunt,

137 780 257 845 caveat,
277 792 315 833 ne
335 774 487 852 permittat
508 774 681 851 religionem
702 772 842 851 ingredi,
864 792 934 831 nam
950 790 986 833 eo
1009 790 1079 831 casu
1098 770 1154 831 illa

136 873 197 915 non
216 864 261 916 est
276 876 344 918 vera
366 860 497 927 vocatio,
517 860 654 937 sineque
676 856 846 934 hujusmodi
868 858 1015 942 ingressus
1034 856 1154 917 malum

137 938 258 1001 babebit
279 953 429 1004 eventum.
443 944 473 1003 Si
494 952 593 1004 autem
621 944 690 1004 finis
711 951 756 1002 ost
780 944 902 1016 bonus,
924 954 954 1003 ct
979 942 1063 999 abest
1090 941 1154 998 im-

138 1025 360 1104 pedimentum,
375 1028 543 1098 madebat,
558 1047 610 1087 nec
623 1036 717 1107 potest
733 1028 940 1101 confessarius,
953 1043 1050 1103 neque
1061 1025 1153 1091 alius,

138 1119 172 1170 ut
185 1111 269 1173 docet
281 1116 320 1173 D.
341 1112 467 1173 Thomas
479 1110 628 1189 (Quodlib.
646 1115 675 1171 5.
691 1121 750 1171 ort.
767 1112 829 1191 lt.)
843 1156 851 1181 ‚
864 1114 929 1171 sine
943 1112 1028 1189 culpa
1042 1111 1152 1188 gravi,

138 1195 181 1255 illi
194 1198 354 1275 impedire,
371 1204 422 1254 aut
435 1196 602 1255 dissuadere
614 1198 796 1257 vocationem
811 1218 820 1271 ς
836 1198 970 1275 quemvis
984 1196 1153 1274 prudenter

138 1288 203 1357 aget
224 1282 404 1359 aliquando,
424 1281 448 1339 si
470 1282 672 1342 executionem
695 1282 738 1341 illi
763 1282 880 1341 diderat
901 1282 940 1340 ad
966 1279 1074 1342 molitis
1095 1298 1153 1339 ex-

137 1364 329 1442 periendum.
344 1385 381 1426 an
397 1366 537 1426 resolutio
561 1367 598 1427 sit
617 1366 703 1428 firma
717 1376 747 1427 et
759 1384 965 1445 perseverans,
981 1367 1151 1442 presertim

138 1454 162 1507 sl
181 1450 297 1511 noverit
319 1451 532 1511 adulescentem
554 1470 615 1512 esse
640 1451 824 1526 volubilem,
849 1462 903 1513 aut
925 1454 949 1512 si
971 1452 1152 1513 deliberatio

139 1528 187 1593 illa
207 1535 279 1593 lacta
301 1535 390 1595 scierit
413 1544 545 1612 tompore
565 1537 734 1611 missionis,
757 1539 803 1597 vel
828 1538 1036 1597 exercitiorum
1057 1537 1153 1615 spiri·

137 1618 261 1679 tuallum
290 1641 298 1676 z
331 1618 403 1679 dum
423 1620 455 1677 in
476 1618 646 1696 hujusmodi
668 1622 866 1683 occasionibus
890 1622 1026 1699 quedam
1048 1625 1154 1683 conci·

138 1705 262 1782 piumur
277 1705 444 1785 proposita,
460 1722 525 1783 qtroe
540 1704 739 1785 postmodbm‚
748 1707 846 1787 primo
860 1707 977 1769 iervore
987 1716 1150 1779 transacto,
1221 1777 1222 1780 Ἴ

137 1789 288 1849 deliciunt.
1221 1853 1222 1856 ,

175 1875 223 1933 95.
236 1876 265 1935 Si
285 1876 391 1955 aliquis
405 1878 572 1939 adolescens
593 1878 682 1939 vellet
699 1881 847 1957 suscipcrc
857 1889 966 1939 statum
980 1878 1151 1958 presbyteri

136 1958 300 2034 secularis,
322 1978 381 2022 non
403 1963 441 2022 sit
462 1964 566 2025 facilis
579 1965 771 2026 confessarius
795 1964 833 2026 ad
852 1965 1063 2034 annuendum,
1082 1966 1153 2027 sinc

134 2047 221 2124 longa
245 2055 275 2106 ct
300 2047 422 2126 probata
445 2049 626 2127 experientia
658 2051 732 2110 recti
757 2049 845 2122 finis,
868 2059 899 2110 et
923 2050 1076 2122 scientie,
1097 2054 1151 2112 vel

135 2131 305 2192 sufficientis
324 2134 502 2210 capacitatis.
526 2136 695 2195 Sacerdotes
717 2135 839 2213 quidem
860 2137 1013 2195 saeculares
1035 2133 1163 2198 habent.

134 2217 293 2288 camdem,
316 2218 379 2279 imo
410 2219 552 2296 majorem
577 2220 788 2299 obligationem
810 2219 899 2299 quim
925 2221 1082 2298 religiosi,
1115 2232 1150 2282 et

134 2303 235 2361 contra
258 2312 413 2363 remanent
441 2307 472 2363 iu
497 2307 607 2366 eisdem
626 2307 723 2365 saeculi
747 2306 907 2384 periculis3
926 2306 1006 2364 crude
1027 2315 1061 2365 ut
1078 2309 1163 2384 quis·

102 2385 104 2392 ’
133 2388 228 2446 bonus
243 2387 487 2448 evadatsaccrdos
499 2391 531 2448 in
547 2391 653 2449 sacculo
667 2391 709 2468 (in
726 2390 925 2469 quorard,ne
936 2390 1033 2450 dicam
1054 2395 1150 2454 raris·
1221 2432 1222 2437 κ

133 2470 207 2532 simi
225 2471 295 2530 boni
319 2471 526 2553 inveniuntur)
539 2482 677 2551 oportet,
696 2485 731 2535 ut
750 2474 834 2554 priris
845 2475 938 2554 egerit
949 2476 1041 2536 vitam
1057 2479 1148 2539 valdo

132 2556 350 2634 exemplarem,
371 2563 514 2618 remotam
529 2557 546 2618 i
564 2557 642 2618 ludis
656 2603 664 2630 ‚
678 2559 715 2619 ab
734 2562 816 2631 otio,
833 2558 850 2620 d
872 2560 970 2640 pravis
990 2561 1095 2634 sociis,
1115 2573 1148 2624 et

132 2641 262 2702 deditam
280 2643 405 2703 orationi
421 2651 450 2704 et
470 2654 721 2705 sacramentorum
741 2645 913 2722 frequentiae
935 2645 997 2722 (sed
1013 2648 1080 2724 quis
1098 2660 1148 2710 cst

132 2725 198 2797 hic,
219 2735 248 2787 et
265 2727 448 2788 laudabimus
467 2729 591 2807 euml):
614 2731 746 2808 alioquin
765 2749 796 2790 se
810 2739 900 2809 ponet
914 2730 947 2789 in
961 2739 1039 2791 statu
1060 2737 1147 2811 quasi
1221 2728 1222 2739 ¹

132 2805 218 2873 certae
241 2811 438 2874 damnationis
451 2835 461 2890 ;
475 2815 639 2893 praesertim
657 2816 682 2874 si
702 2814 759 2875 hoc
777 2815 881 2887 iaciat,
906 2822 940 2874 ut
959 2814 1147 2896 obtemperet

131 2906 289 2975 parentum
310 2896 383 2970 fini,
406 2901 458 2976 qul
477 2909 521 2960 est
541 2919 588 2960 res
616 2901 788 2960 domesticas
809 2899 925 2978 augere.
950 2899 1016 2960 lam
1043 2911 1145 2965 autem

131 2984 243 3045 dictum
270 2991 314 3044 cst
328 2982 415 3064 suprd
437 3003 468 3044 ιι.
500 2987 548 3046 55.
572 2986 660 3064 quim
688 2987 893 3064 gravissimum
913 2985 952 3044 sit
971 2997 1143 3064 peccatum,

124 3071 209 3150 ¹quod
232 3080 348 3148 patrant
364 3081 499 3149 parentas
515 3072 558 3132 illi
580 3075 632 3153 qui
654 3071 731 3132 filios
753 3080 885 3149 cogunt,
905 3078 940 3130 ut
967 3080 1078 3132 statum
1093 3090 1144 3132 ec-

129 3153 320 3214 clesiasticum
341 3165 391 3216 aut
417 3157 585 3234 religiosum
612 3156 698 3217 inviti
720 3157 887 3235 suscipiant.
905 3155 1009 3228 Quoad
1030 3158 1143 3234 puellas

129 3235 278 3312 rrcrd'quae
293 3239 493 3315 virginitatem
505 3259 587 3300 suam
598 3239 793 3301 losuChristo
809 3257 977 3301 consecrare
991 3243 1138 3319 cupiunt,
1221 3250 1222 3253 ’

130 3336 191 3378 nou
212 3321 368 3396 permittat
398 3325 440 3381 eis
460 3326 622 3384 castitatem
643 3325 788 3403 perpetui)
806 3326 935 3397 vovere,
957 3324 1012 3384 nisi
1028 3344 1140 3405 cogno·

128 3409 187 3456 scat
201 3417 248 3458 aas
269 3400 345 3458 benc
365 3403 498 3465 fundatas
516 3408 738 3477 invirtutibus,
760 3418 791 3468 ct
812 3409 929 3468 edoctas
944 3409 976 3468 in
996 3408 1142 3487 vitaespi·
1221 3426 1222 3429 ’

128 3480 241 3572 citandis
267 3483 394 3559 regulis,
420 3495 450 3542 et
472 3490 619 3566 praecipue
641 3493 673 3550 in
702 3492 837 3552 oratione
861 3493 1043 3555 exercitatas.
1075 3495 1139 3554 Sub

129 3568 214 3619 tutuo
236 3567 278 3621 cis
293 3562 408 3625 tantum
433 3570 603 3647 permittere
626 3584 743 3655 potest,
763 3586 798 3634 ut
823 3578 985 3638 castitatem
1003 3587 1134 3639 voveam
