2475 3975
154 212 194 275 18
434 204 548 272 Prusia
560 204 744 288 consectaria.
760 205 832 289 cop.
850 204 881 268 7.

155 311 344 395 egredictur3
365 310 416 391 qui
435 316 658 391 perseveranter
675 326 737 369 non
755 306 856 385 adjicit
875 324 1013 386 magnam
1035 310 1164 372 mortifi-

155 401 317 471 cationem,
331 404 361 460 et
379 415 468 477 super
485 395 584 457 omnia
595 395 724 455 validam
736 395 899 456 orationem
910 439 919 467 ‚
929 397 1042 457 centies
1056 407 1087 457 ct
1102 398 1166 457 mil·

155 484 210 546 lies
228 502 259 546 se
275 480 508 545 commendando
523 523 531 551 ‚
549 479 712 559 gemendo,
735 489 766 540 et
786 479 1018 540 misericordium
1034 482 1166 561 petendo

156 569 344 632 adCruciirxi
364 576 393 627 et
416 566 549 643 Dciparce
566 564 665 642 pedes.
687 564 873 642 Alioquinei
894 565 992 624 anima
1017 567 1164 643 tepescit,

155 666 185 719 ct
204 656 303 717 deficit
316 655 347 713 in
363 650 493 724 orando,
513 660 565 711 aut
583 668 614 711 se
634 649 860 723 mortificando,
875 650 947 710 dicit
970 653 1164 725 recreatos,

155 740 235 815 qudd
255 742 317 821 ipsa
337 740 368 798 iu
383 752 490 815 magno
509 736 567 797 erit
587 736 721 815 periculo
735 734 843 795 ruendi
861 736 965 795 saltem
976 735 1122 797 indirecte
1132 736 1165 798 in

154 826 284 903 aliquam
312 824 457 884 occultam
475 822 594 881 illarum
618 821 752 900 turpium
782 819 1010 880 delectationum
1032 823 1166 900 compla-

155 910 292 972 centiam.
310 910 430 987 lthue,
445 916 478 967 ut
497 905 689 967 deveniamus
706 904 742 964 ad
758 903 908 986 remedia,
928 904 953 962 ei
973 904 1167 966 confessarius

153 994 288 1073 judicare
310 1000 408 1073 potest
426 992 540 1053 nullum
557 989 680 1051 omniub
698 990 797 1051 edesse
816 989 933 1067 culpam
945 988 978 1047 in
993 986 1050 1048 bau
1069 999 1167 1050 tenta·

155 1080 237 1140 tione
260 1096 297 1139 ex
319 1087 403 1156 parte
419 1076 607 1157 poenitentis,
629 1075 727 1152 ipsum
749 1083 819 1134 autc
843 1074 943 1133 omnia
964 1084 1084 1134 moneat
1102 1073 1167 1137 boec

156 1163 313 1225 adbibere:
328 1162 449 1240 jugibus
462 1160 598 1239 precibus
626 1158 683 1217 sibi
704 1158 882 1230 subveniat,
901 1158 1072 1235 frequenter
1084 1161 1167 1220 iuva

156 1248 249 1311 eundo
270 1247 321 1305 SS.
341 1246 461 1305 nomina
481 1245 569 1313 lesu,
589 1250 621 1302 et
642 1244 759 1302 blaciae:
782 1260 815 1303 se
836 1242 994 1321 diligenter
1017 1244 1167 1305 avertatd

156 1346 294 1393 sensuum
304 1328 521 1407 uoluptatibus:
532 1328 773 1388 communionem
784 1328 971 1405 frequentet:
987 1337 1169 1407 protestetur

156 1413 233 1494 saepe
244 1414 324 1477 nolle
339 1416 505 1476 consentire
522 1416 701 1491 cuicumque
714 1413 870 1474 tentationi
884 1422 956 1487 ‚aut
967 1414 1166 1487 delectationi,

156 1516 245 1579 quam
260 1501 349 1579 operi
361 1499 504 1561 daemonis
519 1498 664 1559 sentirets
677 1497 756 1576 saepe
768 1499 963 1578 ututursigno
973 1499 1167 1577 crucislillum

155 1583 276 1645 serendo
293 1600 413 1662 quoquc
433 1582 544 1660 secum)
555 1626 563 1656 ‚
576 1590 607 1643 et
622 1582 698 1660 aqud
718 1582 871 1643 benedicta
882 1628 890 1654 ‚
901 1601 970 1643 eum
986 1585 1048 1662 ipsi
1057 1585 1169 1645 lectum

155 1679 186 1732 et
201 1669 371 1731 cubiculum
389 1668 588 1748 aspergendo:
604 1668 707 1728 afferat
726 1670 815 1729 etium
833 1686 933 1729 secum
948 1670 1076 1747 aliquam
1095 1673 1169 1731 reli·

158 1755 259 1835 quium
280 1755 474 1826 Sanctorum,
487 1760 520 1815 ct
541 1754 768 1833 Evangelicrum
786 1754 921 1814 librum:
937 1768 1037 1814 secum
1054 1756 1170 1833 pariter

155 1840 292 1903 adhibeat
305 1841 482 1902 exorcismos
501 1840 631 1918 privatos
644 1882 653 1913 ‚
668 1839 814 1900 dicendos
832 1838 963 1919 Spiritus
973 1854 1118 1919 aequom,
1133 1842 1169 1901 ia

157 1924 275 1990 acumine
289 1927 360 1988 Jeact
373 1924 483 1988 cariaci
492 1924 634 2007 precipio
653 1922 708 1985 tibi
723 1932 758 1985 act
772 1926 849 1983 111111
865 1922 1017 1997 discedat,
1032 1933 1061 1985 et
1072 1944 1110 1988 ae
1120 1944 1169 1988 me

158 2009 288 2094 conplicis
296 2023 402 2072 occec:
415 2009 552 2072 hortetur
562 2017 725 2088 preterca,
740 2018 775 2069 ut
786 2018 906 2070 vexatus
916 2010 967 2070 ille
979 2009 1057 2089 scepd
1072 2010 1169 2073 bunu-

157 2099 265 2166 lietur,
279 2105 309 2158 et
322 2097 354 2157 in
374 2093 544 2172 hujusmodi
561 2093 739 2154 humilitatis
749 2095 863 2155 actibus
877 2093 953 2175 saepit
962 2113 993 2156 se
1007 2098 1167 2174 exercitet3

157 2182 225 2246 edm
249 2186 327 2243 Deus
344 2181 525 2260 aliquando,
548 2178 585 2240 ad
610 2179 739 2256 aliquam
763 2181 912 2240 internam
937 2180 1109 2258 superbiam
1130 2185 1169 2244 ab

157 2269 254 2327 anima
268 2263 477 2327 removendam
486 2309 496 2342 ‚
511 2263 680 2341 hujusmodi
697 2264 872 2324 tentationes
890 2266 1049 2344 permittit.

196 2354 265 2412 115.
279 2351 309 2410 Si
327 2351 394 2427 quis
412 2358 512 2408 autem
533 2351 564 2410 in
584 2349 630 2408 his
650 2349 864 2410 tentationibus
883 2348 991 2410 misere
1009 2351 1169 2425 cadit‚'aut

157 2452 260 2496 earum
277 2432 441 2492 occasiones
460 2433 553 2510 magis
570 2434 678 2509 quaerit
697 2432 927 2512 quiameilugit,
944 2432 1035 2511 hujus
1055 2440 1169 2501 curatio

157 2527 201 2578 cst
225 2515 309 2576 valde
326 2514 471 2593 diffieilis3
489 2533 558 2576 num
581 2514 752 2593 hujusmodi
765 2528 930 2597 peccatores
947 2519 1000 2598 qui
1023 2539 1094 2582 cum
1108 2523 1170 2583 da-

156 2619 246 2664 mone
265 2601 477 2661 commercium
494 2599 624 2673 habent,
638 2601 812 2664 difficillime
829 2623 865 2663 ex
880 2604 969 2664 corde
986 2617 1169 2667 convertun-

156 2697 216 2748 tur.
230 2689 271 2746 lix
290 2704 348 2746 una
363 2695 446 2764 parte
460 2685 541 2746 enim
555 2703 624 2764 erga
638 2684 693 2746 hos
705 2687 821 2748 doemon
837 2688 1004 2749 dominium
1018 2691 1168 2768 quoddam

155 2772 283 2852 acquirit
303 2788 391 2848 super
410 2789 514 2831 curtim
531 2773 718 2841 voluntates,
735 2781 817 2832 etex
835 2774 926 2833 altera
943 2776 998 2852 ipsi
1012 2786 1167 2836 remanent

156 2859 245 2919 nianis
262 2855 372 2918 debiles
387 2856 424 2914 ad
443 2856 640 2918 resistendum
651 2877 661 2935 ς
674 2857 842 2936 indigerent
857 2860 1091 2922 extraordinaria
1101 2881 1168 2942 gra·

155 2943 196 3003 tici
222 2942 296 3014 Dei,
320 2941 371 3001 sed
395 2939 567 3002 difficillime
588 2943 663 3002 solet
683 2941 760 3002 hauc
774 2945 852 3002 Deus
873 2942 1045 3022 hujusmodi
1068 2946 1167 3026 impiis

157 3029 326 3090 concedere.
343 3031 556 3088 Verumtamen
575 3029 784 3101 confessarius,
798 3030 822 3088 si
841 3031 908 3108 quis
920 3047 1024 3090 eorum
1042 3046 1169 3092 neeesse·

155 3115 217 3186 rit,
231 3133 291 3176 nou
308 3114 441 3185 diffidat,
456 3113 506 3172 sed
527 3122 609 3174 curet
621 3133 690 3176 cum
707 3115 772 3193 ipso
784 3133 931 3176 summam
948 3113 1091 3178 adhibere
1101 3117 1167 3178 ebu-

156 3199 273 3259 ritatem
287 3243 296 3272 ‚
311 3200 517 3278 consortctquc
535 3199 683 3275 dicendo,
702 3201 783 3279 qudd
798 3202 848 3261 ubi
873 3220 934 3262 nou
951 3211 996 3261 est
1013 3203 1165 3278 voluntas,

156 3299 216 3340 non
234 3289 279 3339 cst
298 3295 472 3359 peccatum;
492 3283 562 3344 hine
583 3285 607 3344 si
628 3286 691 3364 ipsc
717 3287 869 3346 voluntate
886 3287 1015 3354 resistit,
1043 3285 1167 3348 minime

156 3367 313 3439 peccantia
336 3365 382 3423 bis
399 3369 511 3428 casibus
531 3378 600 3429 ante
622 3370 721 3431 omnia
737 3371 929 3432 confessarius
947 3371 1089 3434 adversius
1108 3375 1167 3435 dce-

156 3463 275 3504 monem
289 3448 449 3521 praemittat
463 3454 677 3524 exorcismum,
692 3455 795 3516 saltem
805 3457 968 3535 privatum
984 3477 992 3514 ε
1009 3459 1063 3534 qui
1086 3455 1165 3519 certe

157 3523 254 3582 licitus
273 3535 316 3584 est
334 3525 420 3602 (1.1.
441 3549 473 3588 11.
503 3537 566 3594 195.
586 3535 621 3596 dc
632 3535 830 3617 adjuratione)
851 3539 906 3600 hoe
924 3540 1034 3601 modo.-
1048 3544 1114 3624 Epo
1133 3548 1168 3602 ut

156 3601 214 3658 Dei
228 3605 361 3666 atiuister
373 3609 514 3690 prcect'pc'u
537 3615 603 3694 titt,
617 3627 672 3679 atet
689 3619 787 3699 colb,
803 3622 928 3702 spiritua
946 3623 1113 3703 t'mutttttdi,
1131 3633 1164 3687 111
