2475 3975
316 194 361 255 De
374 192 654 274 interrupalionrims
672 190 828 273 feriendis.
1036 198 1072 258 tl

73 300 195 359 duretur
208 297 314 357 saltem
334 306 423 367 tune,
441 312 548 374 nempe
568 294 636 357 crim
657 306 753 374 potest
775 294 889 356 differri
905 296 1075 371 restitutio,

71 385 189 445 suadere
201 381 379 461 pmnitenti,
397 390 432 440 ut
449 380 611 441 identidem
630 382 769 459 paulatim
789 383 942 453 restituat,
955 393 1006 443 55ι
1020 385 1075 443 sli-

71 486 155 545 quem
169 467 303 527 laborem
321 466 424 540 faeiat,
440 470 492 524 aut
508 464 629 544 aliquod
640 465 752 526 dunum
767 465 925 544 aliquanda
937 465 1074 529 credituri

70 551 179 613 oderat.

102 637 151 696 44.
165 634 310 697 Pessibile
330 632 380 695 lrie
396 642 513 699 nonest
534 648 637 694 amnes
649 633 798 694 doctrinas
810 635 886 695 seitu
905 636 983 697 eires
998 634 1075 697 1555

68 720 219 781 materiam
238 719 435 780 restitutionis
455 718 650 790 necessarias,
670 736 737 796 que
751 728 796 781 est
816 720 857 781 ita
880 719 1073 800 1515551555,

65 814 94 864 et
112 804 277 883 implicita,
304 801 415 864 iterim
439 812 582 879 repetere.
606 802 789 881 Olrserretur
810 814 964 884 propterea
992 807 1073 884 qued

64 888 155 951 fusilis
168 890 201 949 in
220 888 316 966 Opere
334 895 434 948 aetum
447 895 502 946 est.
515 886 708 947 Solummadd
720 885 858 949 lrielubet
877 908 967 967 panea
979 910 1073 953 5555-

64 979 143 1046 tare,
159 991 226 1051 quae
243 973 415 1049 frequenter
436 970 595 1044 5551555ι,
607 979 637 1029 et
654 988 720 1047 quas
733 972 825 1049 magis
836 971 874 1032 ad
883 975 997 1051 praxim
1011 993 1074 1052 per-

63 1058 171 1119 tinent.
185 1058 265 1119 Etl.
279 1055 354 1118 (Irim
374 1055 482 1132 aliquis
501 1056 532 1114 in
553 1057 695 1115 comitatu
709 1056 836 1117 aliarum
858 1057 1071 1132 tutaremini,
1140 1106 1151 1120 .

63 1142 97 1201 ad
108 1140 258 1219 iudicium
276 1140 466 1201 formandum
483 1139 507 1199 si
524 1138 586 1217 ipse
604 1139 642 1199 ad
658 1139 909 1201 totumdamnum
926 1149 1071 1215 teneatur,

62 1243 98 1285 an
111 1245 191 1299 non,
214 1223 459 1303 distinguendum
479 1232 546 1283 est:
568 1224 593 1286 si
616 1223 667 1283 ille
685 1223 768 1285 nrerd
788 1223 805 1286 d
824 1226 910 1287 suciis
935 1225 1072 1289 inductus

60 1308 135 1383 luit,
148 1319 180 1371 et
202 1311 266 1373 sine
289 1310 353 1387 ipsu
372 1308 433 1385 jam
450 1307 565 1369 lurtum
587 1309 758 1381 accidisset,
776 1311 882 1373 eodem
896 1310 985 1373 nando
1011 1330 1072 1391 quo

60 1396 183 1469 accidit,
210 1413 271 1457 555
293 1394 445 1455 tenebitur
469 1396 506 1455 ad
527 1394 606 1455 aliud
626 1394 863 1466 restituendum,
882 1394 972 1473 quim
989 1400 1069 1475 quod

60 1482 109 1541 ille
121 1480 283 1558 surripuit·
293 1478 324 1537 Si
338 1487 437 1539 autem
458 1478 643 1539 concorditer
657 1478 789 1557 (alternis
799 1480 856 1540 sibi
875 1480 989 1541 animas
1002 1482 1070 1541 inei·

60 1565 202 1643 lantibus)
222 1563 260 1624 ad
271 1562 433 1623 iurandum
446 1563 574 1638 iverint3
588 1571 661 1623 tune
673 1563 799 1641 quisque
810 1570 928 1623 tenetur
947 1564 978 1624 in
999 1565 1069 1627 seli-

59 1648 130 1709 dum
144 1649 181 1711 ad
192 1648 413 1709 restitutionem
433 1644 467 1725 ll.
481 1649 511 1707 4.
525 1666 557 1707 ιι.
572 1647 641 1709 579.
654 1665 684 1708 5.
698 1648 824 1724 Quaen).
838 1649 881 1709 lta
892 1649 923 1708 in
936 1648 1069 1725 theoria3

59 1734 108 1793 sed
128 1735 162 1795 in
181 1734 265 1812 praxi
280 1730 391 1799 rudes,
408 1734 572 1811 praesertim
587 1733 632 1792 illi
649 1733 701 1810 qui
722 1731 827 1811 partim
840 1736 1071 1797 suntmetieule·

59 1839 96 1881 sae
108 1818 312 1891 eonscientiae,
324 1815 483 1879 difficulter
493 1815 609 1877 suaderi
624 1826 746 1895 possunt
758 1818 852 1877 teneri
865 1818 903 1879 ad
915 1821 1069 1879 restituen-

59 1900 245 1980 dum‚quod
261 1902 299 1963 ab
321 1900 387 1961 aliis
409 1910 562 1980 acceptum
586 1910 631 1961 est
651 1921 660 1959 ι
682 1909 713 1960 et
734 1900 858 1974 55555,
877 1901 990 1965 domini
1011 1905 1068 1982 ipsi

58 1988 189 2050 conteuti
202 1995 272 2046 sunt
286 1985 331 2046 de·
347 1986 484 2064 portione
505 1985 628 2047 illarum
642 1985 681 2048 ob
692 1986 821 2065 idipsum
831 2032 841 2059 ‚
852 1986 933 2068 qudd
950 1991 975 2050 si
990 1991 1067 2050 obli·

59 2071 359 2152 paramentorum,
380 2071 505 2134 laeiliter
523 2073 680 2134 restituere
702 2072 863 2144 omittant,
885 2092 946 2142 555
970 2073 1067 2136 saltim
1092 2119 1096 2126 -

59 2157 137 2236 quad
151 2156 200 2218 alii
214 2165 392 2234 aeceperunt
404 2200 412 2229 ‚
426 2157 576 2218 sedetiam
589 2157 855 2234 quodaeeeperunt
867 2158 933 2232 ipsi.
946 2158 1068 2233 Propte-

58 2263 104 2303 rea
119 2242 311 2304 eanlessarius
324 2241 351 2300 ei
363 2241 438 2302 seire
450 2241 536 2302 faeiat
551 2259 583 2301 se
593 2241 688 2299 teneri
699 2240 736 2298 ad
746 2240 963 2303 restitutionem
975 2243 1069 2318 ‚quin

58 2329 180 2408 explicet
201 2326 416 2404 quantitatem,
437 2326 595 2386 restituere
612 2324 723 2385 faciens
740 2331 886 2401 quantum
907 2343 959 2385 sua
986 2327 1066 2388 illius

58 2414 232 2474 conscientie
250 2411 341 2472 dietat
354 2410 411 2490 (15.
427 2412 461 2472 in
470 2409 527 2490 fia.
540 2411 665 2472 515551.
681 2413 825 2471 Ιιιιιιιιιι.
835 2428 891 2488 pre
903 2409 1065 2493 confertur.

58 2515 218 2579 paporum,
233 2515 259 2557 e.
272 2495 327 2574 8.).
340 2497 370 2556 2.
394 2496 635 2566 Advertendum‚
652 2497 801 2557 neminem
816 2498 910 2558 teneri
931 2501 966 2558 ud
988 2499 1068 2562 darn·

61 2601 132 2642 num
144 2583 261 2643 illatum
275 2581 491 2644 restituendum
505 2625 514 2654 ‚
529 2582 555 2641 si
570 2580 647 2641 nihil
665 2581 721 2642 sibi
741 2581 878 2644 utilitatis
900 2586 1020 2655 evenit,
1040 2587 1065 2645 si

58 2669 130 2728 illud
143 2668 286 2728 damnum
300 2668 406 2736 saltem
424 2669 457 2728 in
478 2667 599 2728 contuso
612 2683 675 2726 555
694 2665 831 2743 praevidit
842 2665 919 2746 (eit.
939 2671 969 2728 4.
980 2689 1065 2729 nuria.

57 2756 123 2814 515.
143 2754 178 2814 in
199 2752 291 2832 fin.)‚·
315 2762 367 2814 aut
391 2754 448 2814 nisi
468 2771 521 2830 per
541 2749 649 2828 judicis
670 2752 846 2812 sententiam
866 2753 904 2812 ad
923 2752 1066 2818 damnum

56 2838 249 2901 reficiendum
265 2839 423 2898 muletatus
438 2839 528 2898 fuerit
542 2835 620 2914 (Lib.
637 2839 667 2897 1.
680 2857 712 2896 5.
729 2839 797 2898 100.
820 2837 854 2898 in
869 2839 927 2918 fin.
944 2849 972 2902 et
994 2837 1017 2898 1.
1034 2843 1064 2901 4.

57 2946 88 2984 ιι.
101 2925 170 2985 554.
182 2924 217 2982 iar
227 2919 310 3000 fita).
323 2925 353 2982 5.
368 2925 399 2983 Si
412 2924 527 2984 lurtum
547 2931 591 2981 est
603 2923 771 2996 incertum,
785 2941 893 3002 nempe
908 2926 934 2984 si
955 2927 1064 2986 ineerta

56 3019 99 3069 est
112 3025 236 3086 persona
248 3007 296 3066 eui
317 3007 432 3068 illatum
451 3017 494 3068 est
506 3007 666 3079 damnum,
679 3006 853 3085 obligandus
864 3015 908 3068 est
920 3011 1067 3086 paenitens

57 3095 92 3153 ad
111 3091 349 3164 restituendum,
366 3099 418 3152 sut
440 3092 542 3154 missas
566 3093 716 3153 celebrare
739 3093 894 3165 15515555,
914 3101 967 3153 aut
988 3096 1065 3157 5155-

57 3195 192 3255 nrosynas
207 3175 406 3256 pauperibus,
423 3185 474 3238 aut
487 3176 541 3254 piis
552 3177 624 3237 loeis
637 3176 807 3256 elargiende
821 3176 901 3255 (tit.
911 3180 942 3239 4.
951 3198 983 3244 ιι.
995 3182 1063 3242 589.

58 3262 196 3342 15115),
219 3271 251 3323 5ι
267 3264 291 3323 si
315 3265 378 3342 lpse
398 3280 511 3340 pauper
528 3269 571 3322 est
585 3307 591 3334 ‚
606 3270 703 3342 petest
721 3263 778 3322 sibi
794 3272 845 3322 aut
864 3281 924 3325 suae
944 3267 1065 3327 familias

57 3350 202 3427 applicare
221 3344 254 3425 (l.
269 3366 295 3408 5.
308 3367 341 3408 5.
357 3343 449 3424 672).
465 3347 522 3406 Sed
542 3347 566 3406 si
587 3365 712 3424 persona
726 3354 771 3407 est
782 3355 860 3408 eertu
870 3392 879 3420 ‚
890 3347 979 3410 debet
995 3349 1065 3410 huie

56 3433 118 3493 fieri
133 3432 300 3509 restituti03
313 3449 405 3511 quare
424 3433 535 3494 mirum
555 3431 676 3508 quidem
692 3439 737 3490 est
753 3439 798 3490 tot
812 3434 937 3511 reperiri
953 3435 1024 3493 5551
1050 3465 1066 3478 -

57 3519 146 3582 sarias
169 3525 230 3578 tarn
256 3518 429 3596 imperitae,
450 3518 522 3596 qui,
542 3515 611 3576 erim
631 3516 741 3575 sciatur
766 3519 832 3594 quis
848 3521 887 3578 sit
914 3517 1061 3590 ereditur,

58 3604 267 3681 prmrritentibus
291 3604 471 3682 imponunt,
491 3610 525 3662 5ι
545 3602 581 3661 de
607 3619 641 3661 re
659 3603 837 3663 restituenda
862 3602 1062 3743 2155555555
