2475 3975
122 151 183 214 101
433 133 823 204 1666666116661666.

123 253 259 310 mentum
277 245 439 314 dirimens,
459 241 497 301 ad
517 235 689 300 evitandum
714 231 906 304 scandalum,
933 237 1007 292 tunc
1025 230 1144 308 poterit

125 335 176 394 ille
194 333 311 410 (saltem
323 331 389 391 sine
407 327 489 406 gravi
509 320 608 401 culpa)
629 319 768 380 simulare
785 315 1014 378 celebrationem
1032 315 1142 376 matri-

125 419 220 480 monii
234 439 242 475 :
257 428 329 479 tnnc
347 412 427 475 enim
441 454 450 481 ,
464 407 622 470 deficiente
645 421 808 474 consensu,
830 399 932 462 deficit
950 406 1144 471 contractus,

127 512 158 566 et
188 503 343 564 deficiente
371 502 547 568 contractu,
581 507 637 553 nec
665 489 756 550 ctiam
791 484 891 548 existit
921 493 1143 548 sacramentum

141 585 162 648 l.
180 591 209 649 6.
223 608 255 648 6.
270 585 344 663 61).

128 587 139 668 (
169 675 219 736 18.
240 704 278 717 -
297 669 430 730 Minister
452 659 582 725 invalide
601 657 757 718 ministrat
775 659 1010 726 sacramentnm,
1033 651 1058 714 si
1080 671 1146 716 non

130 757 264 820 intendat
276 755 370 816 iacere
388 760 487 814 actum
509 755 666 808 externum
688 740 768 819 quod
791 739 861 800 facit
878 737 1145 810 Ecclesia,ritum—

130 861 188 922 qne
197 838 438 902 sacramentalem
453 831 594 894 adhibere
604 845 694 907 quern
706 824 835 886 intendit
845 822 987 899 Ecclesia,
999 821 1016 882 a
1028 819 1149 884 Christo

130 926 282 998 instituta,
295 933 326 987 et
338 924 395 984 hoc
413 917 528 982 etiamsi
549 914 702 984 minister,
724 927 784 970 non
800 907 867 986 joco
888 906 936 986 (61
952 904 1049 967 adhue
1070 906 1147 966 insi-

132 1011 251 1090 pienter
264 1006 439 1070 admittebat
452 998 626 1076 lutherus),
640 994 691 1058 sed
710 991 787 1054 scrib
804 992 971 1064 ministret,
984 998 1019 1050 ut
1037 989 1149 1069 proba-

132 1098 231 1157 vimus
242 1095 273 1156 in
287 1093 390 1156 blorali
404 1087 437 1170 (l.
452 1091 482 1148 6.
495 1106 529 1148 6.
545 1086 594 1144 20.
605 1089 633 1142 et
646 1079 722 1158 15.)
737 1080 766 1138 51
781 1077 852 1138 verb
868 1076 899 1136 id
915 1075 978 1154 jam
992 1074 1148 1146 intendat,

133 1179 230 1242 valide
243 1179 410 1251 ministrat,
430 1169 621 1234 etiamsinon
641 1163 746 1224 habeat
764 1162 958 1223 intentionem
979 1159 1151 1239 explicitam

135 1263 303 1330 conterendi
316 1264 542 1321 sacramentum.
554 1253 627 1312 Dico
642 1245 824 1310 6661161661
843 1245 1033 1324 intentionem
1051 1240 1151 1325 expli-

134 1350 244 1425 ea'tom5
256 1365 325 1407 nam
347 1345 372 1406 si
388 1338 513 1424 positive
532 1335 656 1398 haberet
678 1333 877 1394 intentionem
894 1349 955 1392 non
976 1328 1151 1393 conserendi

134 1440 367 1506 sacramentnm,
382 1437 454 1490 tunc
465 1441 562 1502 neque
574 1420 741 1488 conterret,
755 1418 822 1496 qnia
836 1423 907 1476 tune
920 1414 1022 1479 reverti
1034 1415 1152 1479 nullam

136 1521 257 1582 haberet
277 1516 473 1578 intentionem
491 1507 617 1570 faciendi
635 1504 793 1584 quodsaoit
809 1502 933 1563 Ecclesia
955 1500 1012 1579 (lh.
1026 1498 1151 1577 615.)

137 1606 277 1668 Sacerdos
297 1609 395 1662 autern
417 1597 575 1660 conficiens
589 1589 830 1665 sacramentalia,
843 1588 915 1669 pnt'a
930 1606 1038 1668 aquam
1057 1585 1151 1650 hene·

137 1690 265 1761 dicum,
280 1689 312 1748 in
333 1684 473 1754 mortali,
489 1698 551 1742 non
567 1684 667 1756 peccat
678 1675 807 1754 graviter
821 1675 864 1756 (6.
879 1673 954 1750 to).

177 1777 227 1837 19.
241 1807 280 1820 -
294 1773 393 1846 Qnaer.
408 1769 463 1830 ill.
478 1762 551 1844 qnid
569 1761 759 1840 requiratur,
772 1769 807 1821 ut
820 1758 886 1838 quis
898 1757 1014 1832 valide,
1028 1767 1059 1822 et
1071 1759 1154 1821 licite

139 1866 320 1924 sacramenta
336 1853 494 1934 suscipiat?
507 1851 547 1911 Ut
558 1845 657 1910 valide
677 1845 816 1923 suscipiat
832 1844 996 1922 requiritur
1014 1845 1045 1906 1.
1059 1845 1099 1906 111
1114 1846 1154 1908 sit

139 1946 323 2026 baptizatus,
337 1959 407 2003 nam
420 1936 490 1999 aliis
503 1953 564 1997 non
582 1942 627 1995 est
641 1949 730 2011 capax
744 1929 871 1991 aliorum
887 1937 1152 1991 sacramentorum.

141 2036 172 2096 2.
187 2034 314 2110 Excepto
335 2018 519 2087 sacramento
539 2018 699 2098 baptismi,
723 2032 779 2094 pro
803 2032 862 2092 qno
882 2014 964 2073 nulla
988 2014 1155 2093 requiritur

142 2115 269 2178 intentio
289 2114 322 2174 in
340 2109 461 2191 pneris,
474 2115 504 2166 ct
516 2099 660 2184 perpetnd
678 2096 844 2159 amentibus
856 2140 865 2169 ‚
878 2095 945 2159 cirin
965 2099 999 2161 in
1018 2100 1062 2161 eis
1083 2117 1156 2177 sup÷

143 2201 224 2281 pleat
245 2196 372 2260 intentio
393 2191 549 2265 Ecclesiae3
570 2188 603 2246 in
626 2184 692 2245 aliis
717 2182 904 2245 sacramentis
929 2200 1004 2263 opus
1026 2191 1093 2257 est,
1120 2192 1157 2244 ut

143 2284 304 2364 suscipiens
328 2281 430 2341 saltem
454 2274 593 2337 babuerit
616 2268 701 2351 prids
725 2268 922 2329 intentionem
942 2270 1021 2350 (quae
1043 2267 1158 2330 dicitur

143 2366 313 2442 habitualis)
322 2361 499 2441 suscipiendi
510 2363 747 2431 sacramentum,
764 2364 793 2415 et
805 2371 871 2413 eam
882 2372 942 2416 non
955 2354 1157 2428 revocaverit,

143 2450 275 2529 utsupra
292 2448 420 2507 diximus
434 2463 467 2503 6.
482 2446 513 2502 9.
529 2443 604 2502 11166
617 2442 644 2501 si
662 2440 728 2517 quis
740 2439 896 2501 ordinetur
908 2456 963 2519 per
977 2440 1056 2511 rim,
1069 2438 1159 2498 inva-

143 2534 204 2597 tide
222 2533 430 2606 ordinaretur3
444 2527 526 2588 serris
545 2526 568 2592 si
582 2543 638 2601 per
652 2532 785 2595 metum,
805 2524 874 2601 quia
893 2532 1063 2584 metns'non
1076 2524 1159 2584 tollit

144 2618 360 2682 voluntarium.
375 2612 648 2675 Probabilissimnm
663 2616 725 2681 est,
740 2608 820 2687 qndd
838 2615 1016 2671 sacramenta
1031 2607 1064 2670 in
1076 2608 1159 2687 peri-

147 2707 213 2769 culo
229 2704 334 2765 mortis
350 2698 431 2763 licite
447 2696 573 2759 conicrri
588 2701 712 2775 possunt
720 2702 781 2753 tarn
794 2692 907 2761 ebriis,
924 2692 1013 2772 qu'am
1023 2692 1111 2771 lapsis
1124 2692 1158 2753 in

147 2790 322 2860 amentiam,
334 2787 359 2847 si
371 2783 454 2864 prids
466 2781 662 2843 intentionem
673 2776 834 2839 habuerint
849 2777 899 2836 illa
912 2777 1107 2855 suscipiendi,
1117 2778 1159 2839 ita

148 2878 224 2956 Lep.
235 2877 371 2953 Costrep.
381 2868 474 2931 Solm.
487 2860 1086 2942 16616,66661661611666,66661).
1099 2860 1158 2923 Th.

149 2970 178 3023 ct
189 2957 410 3042 copillajores.
420 2954 447 3036 S.
463 2946 1157 3029 1166666166.(116.6.6.81.6.116661.).

150 3046 263 3107 Sufficit
275 3046 365 3104 etiam
378 3051 512 3119 tempore
530 3035 635 3097 mortis
651 3034 776 3092 intentio
790 3028 1012 3108 interpretativa
1024 3029 1055 3090 in
1067 3034 1159 3093 susci-

150 3131 251 3209 piente
267 3129 399 3190 sensibus
421 3125 562 3185 destituto
580 3120 679 3198 quoad
695 3118 879 3177 Sacramenta
891 3120 1030 3175 extremm
1042 3116 1159 3175 unctio·

152 3214 217 3281 nis,
231 3220 266 3273 ut
275 3214 402 3275 habetur
414 3230 450 3270 ex
459 3206 568 3269 Ritnali
579 3248 587 3276 ,
600 3213 632 3263 et
646 3202 734 3262 ctiam
747 3200 995 3272 confirmationis,
1006 3207 1037 3261 et
1047 3196 1161 3259 linoha·
1185 3210 1187 3213 ·

152 3295 268 3370 11616;
288 3308 323 3356 ut
341 3297 426 3374 ajunt
443 3296 519 3375 laq.
539 3287 660 3349 Coairtc.
681 3290 766 3367 Spar.
785 3284 894 3365 Grais,
912 3293 986 3360 ete.‚
1007 3299 1067 3346 non
1087 3284 1159 3345 verd

153 3374 250 3471 quoad
271 3377 471 3452 baptismum,
484 3385 513 3437 et
532 3374 668 3436 ordinem
678 3392 687 3449 ;
699 3380 728 3431 ct
741 3370 825 3433 tantb
842 3366 942 3433 minias
958 3368 1053 3450 quoad
1064 3368 1159 3445 poeni-

154 3466 297 3527 tentiam,
313 3468 343 3515 et
363 3460 607 3531 matrimonium,
622 3456 652 3519 in
670 3457 777 3535 quibus
798 3456 921 3519 omnind
935 3453 1099 3533 requiritur
1111 3452 1160 3510 in·

154 3540 247 3597 tentio
266 3540 404 3609 actualis,
422 3550 474 3599 aut
493 3544 598 3603 saltem
620 3542 755 3604 virtualis
776 3538 812 3621 (1.
831 3561 856 3603 c.
875 3560 908 3601 6.
927 3540 1002 3619 82.)
1021 3538 1058 3601 Ut
1081 3533 1161 3607 licita
