2475 3975
307 178 353 232 De
364 136 589 251 abdicationibus
599 170 707 233 diuers.
720 178 863 233 statuum.
1047 180 1087 241 49

85 275 172 357 quim
182 272 322 335 utilitatis
336 272 471 332 silerent.
485 274 516 333 5.
527 271 682 345 Quomcdb
690 272 803 334 reditus
813 291 921 336 mensas
930 276 1085 355 expendat,

84 374 117 422 ct
131 360 285 440 applicet?
297 358 336 417 Ut
352 357 433 417 enim
452 356 642 435 probavimus
662 357 741 435 (tit.
754 361 832 424 4.,η.
844 359 938 438 494.)
952 362 1085 441 Episcopi

83 447 201 525 dempta
213 442 337 503 honesta
352 443 404 503 sui
421 442 649 517 sustentatione,
667 444 781 523 reliqua
798 450 1086 525 tenentur-pauperi·

82 534 137 592 bus
161 528 293 607 elargiri.
319 529 350 587 4.
372 526 527 601 Quomodo
544 526 712 589 residentiae
733 529 905 608 obligationi
926 531 1086 591 satisfacit?

78 614 196 677 Etenim
217 630 273 673 nec
288 612 378 671 ctiam
397 627 452 690 per
466 620 525 672 tres
547 629 662 673 menses
682 610 700 672 b
716 612 891 674 Tridentino
913 632 1083 689 concessos,

77 696 168 778 ipset
188 715 242 757 sua
259 694 375 755 diaecesi
395 704 492 775 potest
509 696 665 759 abscedere
677 743 685 770 ,
698 705 734 758 ut
753 698 888 758 Pontifex
908 696 1085 760 Benedictus

75 784 167 847 XlV.
181 780 359 851 declaravit,
374 781 398 839 si
421 798 458 840 cx
477 780 553 841 futili
572 800 659 843 causa
682 782 743 843 sive
757 783 797 843 ob
819 800 932 843 meram
955 783 1083 845 obleeta-

75 873 188 931 tionem
200 866 325 927 abesset.
342 866 371 925 s.
387 865 541 939 Quomodo
559 866 694 943 invigilet
705 867 743 926 ad
765 867 942 945 inquirenda
961 886 1081 929 suarum

73 954 177 1015 ovium
187 950 321 1011 scandala
336 994 345 1021 ,
360 958 394 1009 ut
413 950 476 1027 ipsa
489 958 606 1026 reparet
621 951 738 1011 meliori
759 951 848 1010 modo
870 968 930 1029 quo
952 952 1081 1030 poterit,

73 1034 265 1117 implorando
284 1034 373 1094 etiam
391 1034 558 1094 subsidium
584 1032 697 1094 brachii
716 1034 879 1105 secularis,
901 1036 927 1094 si
942 1042 1083 1112 oportet?

74 1127 105 1182 6.
119 1124 286 1197 interroget
298 1120 449 1197 quomodo
465 1136 497 1179 sc
516 1128 599 1198 gerat
612 1119 645 1179 in
666 1120 745 1181 bono
755 1118 891 1197 exemplo
902 1116 1083 1179 exhibendo?

74 1206 154 1269 certe
176 1206 257 1266 enim
275 1205 413 1282 praelatus
438 1205 554 1282 speciali
580 1204 669 1265 modo
691 1213 812 1265 tenetur
833 1204 1033 1281 exemplarem
1051 1222 1083 1263 sc

13 1298 14 1303 ’
74 1292 229 1372 praebere:
245 1291 378 1368 alioquin
394 1290 543 1368 quomodo
561 1291 673 1369 poterit
686 1308 754 1351 suos
765 1290 978 1350 Ecclesiasticus
988 1290 1083 1351 corri-

73 1396 145 1456 pere
158 1398 168 1455 3
181 1373 251 1455 puta
269 1391 307 1435 ne
318 1393 384 1435 cum
403 1375 578 1435 mulieribus
593 1382 768 1446 versentur,
790 1392 888 1451 neque
902 1374 988 1435 ludos
1005 1374 1082 1435 reti·

13 1458 14 1505 ἶ
72 1474 121 1523 tos
133 1462 344 1539 frequentent,
359 1459 384 1519 si
396 1460 432 1519 de
442 1458 488 1519 his
500 1461 612 1520 malum
630 1460 693 1538 ipse
707 1458 853 1519 tribueret
869 1460 1063 1537 exemplum?

113 1546 163 1607 bf.
177 1543 308 1618 Quintb,
321 1543 345 1603 si
360 1542 517 1603 confitetur
528 1543 684 1619 monialis,
703 1546 904 1621 interrogetur
916 1545 946 1602 4.
961 1544 1008 1603 Au
1024 1544 1080 1603 ali-

75 1648 165 1711 quem
184 1630 332 1691 defectum
352 1630 533 1690 commiserit
544 1630 621 1690 circa
638 1638 727 1701 vota,
744 1629 910 1708 prasertim
924 1638 1081 1708 pauperta-

74 1720 130 1788 tis,
148 1713 319 1793 accipiendc
337 1714 551 1793 vellargiendo
563 1714 628 1773 sine
645 1715 787 1774 licentiat
799 1716 829 1773 2.
846 1715 893 1773 An
910 1714 1081 1775 satisfecerit

72 1800 156 1861 horis
177 1798 466 1877 canonicistopinic
485 1798 566 1858 enim
583 1796 664 1875 qubd
677 1798 820 1858 moniales
832 1797 865 1857 in
885 1798 1002 1874 privato
1019 1815 1079 1857 non

76 1881 380 1945 tencantur'otlicium
392 1883 534 1953 recitare,
557 1901 618 1942 non
637 1891 682 1943 est
701 1883 773 1943 satis
785 1882 967 1960 probabilis,
985 1890 1021 1943 ut
1033 1898 1080 1941 os-

74 1970 225 2031 tendimus
236 1966 313 2049 (tit.
328 1970 356 2028 s.
368 1986 401 2028 a.
412 1967 491 2048 444.)
502 1970 532 2028 5.
544 1968 589 2028 An
602 1984 670 2046 erga
681 1967 810 2047 aliquem
820 1974 954 2027 mutuam
965 1968 1081 2028 nutrie-

73 2057 113 2116 rit
125 2053 364 2115 benevolentiam
377 2053 571 2132 periculosam
584 2097 592 2126 ,
604 2053 675 2132 puta
687 2054 712 2114 si
723 2052 981 2114 adfuerintsaltem
991 2052 1081 2112 verba

73 2146 123 2201 aut
141 2141 250 2200 litterae
263 2139 411 2198 amatorie
421 2142 436 2196 t
447 2139 484 2198 Et
497 2155 533 2198 eo
552 2157 639 2209 casu,
661 2139 687 2196 si
701 2136 839 2197 monialis
851 2135 1080 2196 familiaritatem

73 2227 156 2287 illam
169 2223 263 2284 nollet
275 2223 442 2300 relinquere
454 2265 462 2292 ,
476 2229 611 2281 constans
628 2222 668 2280 sit
681 2219 874 2280 confessarius
896 2219 929 2277 in
948 2221 1079 2298 neganda

73 2311 100 2371 ci
123 2308 333 2385 absolutione3
353 2307 385 2366 in
413 2305 584 2382 hujusmodi
617 2305 699 2364 cnim
720 2301 984 2375 familiaritatibus,
1013 2303 1081 2366 licet

73 2396 144 2456 finis
162 2391 288 2472 positivis
305 2409 413 2470 pravus
426 2391 523 2463 absit,
543 2407 661 2469 semper
682 2398 782 2450 tamen
794 2388 957 2467 periculum
975 2401 1077 2468 urget:

73 2481 177 2540 saltem
197 2477 280 2538 adest
294 2475 479 2548 scandalum,
502 2484 532 2535 et
550 2476 662 2536 malum
681 2474 850 2552 exemplum
866 2483 1000 2552 respectu
1014 2475 1079 2536 alia·

72 2581 141 2624 rum
153 2561 269 2643 (Diona
281 2567 361 2640 port.
376 2561 406 2620 u.
418 2567 456 2620 tr.
471 2561 499 2620 7.
510 2579 537 2620 r.
552 2562 584 2620 44
593 2603 601 2620 .
611 2567 639 2619 et
648 2559 725 2637 44.)
736 2560 766 2618 4.
778 2559 824 2617 An
834 2558 933 2636 aliquo
946 2568 1080 2620 teneatur

73 2649 143 2709 odio
157 2649 189 2708 in
205 2663 272 2708 suas
286 2661 412 2704 sorores.
428 2647 456 2704 a,
470 2646 500 2704 Si
516 2645 654 2704 monialis
665 2639 784 2721 aliquod
803 2652 917 2702 exercet
929 2643 1078 2718 cilicium,
1182 2653 1184 2657 ’

72 2735 239 2810 interroget
254 2731 291 2790 dc
302 2729 353 2789 illo
364 2728 396 2789 in
412 2729 595 2807 particulari,
610 2726 682 2807 puta
695 2724 860 2804 Rotcricm,
873 2745 912 2787 an
924 2727 1026 2789 aflerat
1036 2730 1080 2790 tic

13 2837 14 2840 ¹
72 2830 151 2878 teras
174 2823 227 2876 aut
244 2814 352 2875 nuncia
376 2813 412 2872 de
431 2815 510 2873 malo
525 2822 657 2891 suspecta
669 2816 684 2870 t
696 2811 922 2884 Portiooricm,
942 2831 982 2872 an
1005 2815 1080 2874 osci·

73 2910 172 2962 tenter
180 2901 303 2978 januam
320 2906 480 2958 reseratam
496 2904 612 2967 teneat,
631 2915 699 2958 cum
717 2898 850 2975 periculo
867 2898 997 2956 scandali
1016 2916 1080 2958 mo·

73 2987 223 3056 nialium,
242 2990 295 3043 aut
322 2982 473 3042 aliorum?
488 2980 678 3060 abbatissas,
706 2999 744 3042 au
768 2981 900 3042 debitam
922 2980 1081 3043 adhibeant
1156 2995 1159 3000 ·

73 3069 280 3149 diligentiam,
293 3065 361 3126 ciam
373 3066 429 3128 viri
443 3067 475 3126 in
492 3069 704 3128 monasterium
717 3063 926 3144 ingrediuntur
938 3075 1007 3138 ,aut
1016 3085 1080 3128 rno-

74 3163 201 3232 rantur3
214 3160 266 3212 aut
277 3169 316 3211 an
327 3151 412 3211 novis
422 3150 769 3212 abusibusconniveantt
781 3147 970 3211 advertendo
980 3149 1079 3230 qubd,

74 3237 144 3299 liedt
165 3236 358 3316 particulares
380 3235 522 3296 moniales
544 3244 667 3312 peccent
691 3235 815 3306 leviter,
830 3233 924 3295 levem
946 3237 1081 3315 regulam

74 3319 340 3400 transgrediendo,
366 3321 532 3398 superiores
552 3329 675 3393 tamen,
695 3337 763 3396 quae
782 3335 844 3380 non
864 3330 969 3380 curant
987 3324 1081 3398 impc-

75 3406 158 3480 ‹lire,
174 3403 242 3466 caim
258 3405 388 3482 possint,
400 3405 593 3466 observantiae
610 3405 843 3480 relaxationem,
861 3415 982 3482 peccaut-
995 3406 1027 3464 in
1047 3421 1081 3464 rc

76 3491 157 3568 gravi
166 3487 244 3567 (tit.
256 3493 286 3550 a.
299 3507 332 3548 u.
346 3488 420 3567 45.)

115 3575 165 3634 bb.
179 3571 285 3645 Sextb,
300 3574 324 3634 si
337 3574 449 3646 accedit
466 3575 533 3654 quis
547 3573 656 3654 judicis
677 3573 775 3638 officio
792 3576 934 3655 fungens,
954 3574 1080 3634 interro-

118 3661 203 3720 Tem.
214 3659 265 3718 IX
267 3699 275 3716 .
909 3661 927 3717 5
