2475 3975
140 205 198 266 28l
321 204 458 286 Epitornc
474 201 615 262 doctrt'nco
632 197 756 261 tttorolt‘s
776 207 804 258 et
825 200 974 259 oenotriae

140 305 196 375 tis,
214 305 308 366 altero
329 323 360 367 sc
383 313 500 366 tenente
515 321 551 364 ex
569 311 654 382 parte
675 298 794 382 parochi
811 300 891 360 illius
911 300 987 373 loci,
1002 299 1054 359 ubl
1073 314 1151 358 mors
1221 370 1223 377 Ι

140 390 255 452 eccidit.
271 391 346 452 lbid.
362 409 393 451 ιι.
408 391 457 450 to.

181 479 216 538 ln
235 479 435 546 extractione,
457 475 505 534 sel
526 473 687 534 intratiunc
708 472 857 541 cadaveris
879 472 912 532 in
930 480 1030 551 portas
1048 470 1148 543 urbis,

141 562 253 642 gabello
276 561 399 623 minime
416 559 554 620 solvenda
575 569 640 630 est,
658 567 692 618 ut
708 578 743 619 ex
767 560 831 618 ut).
847 558 891 619 tb.
905 577 936 619 u.
953 559 1003 618 to.
1144 575 1147 580 ’

182 650 238 709 Pro
253 647 375 707 transitu
391 644 582 729 processionis
596 643 729 703 funebris
741 661 777 703 ex
790 644 849 701 uari
863 642 988 720 puroecid
998 643 1030 702 in
1042 642 1148 714 aliam,

142 733 221 792 nulla
241 729 365 810 petenda
387 739 430 790 est
451 726 602 790 licentiati
626 726 753 806 parocho
776 726 855 785 illius
877 728 954 800 loci,
976 746 1030 807 por
1059 747 1150 806 quem

142 813 280 876 transitus
301 813 365 874 fieri
383 813 489 896 debet,
508 823 543 873 ut
564 830 601 872 ex
615 812 699 873 sotto
713 809 818 873 Leonis
835 813 878 874 X.
898 815 947 873 Ὦ.
969 823 999 873 et
1018 813 1150 873 Decretis

141 899 171 958 S.
186 900 426 980 Congrcgatiunis
444 901 593 960 brnratur.
609 899 655 960 lb.
668 918 701 958 n.
716 900 765 958 tu.

180 986 238 1046 Pro
261 987 435 1066 sepulturis,
458 994 488 1045 ct
514 985 644 1062 exequiis
665 983 812 1043 cadaveris
832 983 909 1062 exigi
935 984 1009 1043 nibil
1033 995 1149 1064 potest,

142 1081 176 1133 ut
196 1091 232 1133 ex
251 1073 339 1132 saeris
355 1071 515 1134 canonibus
537 1069 658 1130 firrnum
670 1077 726 1128 est.
742 1070 838 1128 lustit.
851 1069 957 1128 Ecclcs.
971 1072 1038 1130 t0‘a'.
1053 1091 1085 1129 ιι.
1099 1072 1149 1130 58.

142 1157 255 1220 Verdm
272 1158 297 1218 si
315 1155 497 1218 consuetudo
511 1155 658 1227 obtinuit,
675 1164 708 1212 ut
723 1155 840 1231 aliquid
849 1154 954 1226 detur,
969 1175 1148 1234 quamquam

143 1245 217 1304 cirea
238 1243 294 1304 boe
311 1242 392 1302 nulla
417 1242 455 1301 sit
476 1241 551 1301 aetio
570 1238 744 1315 judiciaria,
766 1246 896 1298 attamen
917 1243 1031 1300 recurri
1054 1250 1151 1319 potest

145 1329 180 1387 ad
203 1329 334 1388 officium
347 1325 518 1400 ordinarii,
534 1332 569 1386 ut
591 1334 635 1385 est
655 1325 687 1384 iu
712 1331 795 1385 textu
816 1323 1040 1402 capracora
1060 1328 1099 1386 ‘ll
1112 1327 1149 1385 dc

140 1413 276 1476 simuuil.
292 1411 368 1474 lbld.
383 1431 413 1473 ιι.
429 1413 478 1472 58.

575 1536 710 1595 CAECUS.

177 1709 275 1768 Caecus
294 1724 353 1768 nun
374 1705 490 1766 obtinet
504 1703 754 1783 dispensationem
775 1709 924 1787 nequead
940 1710 1067 1787 primam
1081 1717 1149 1772 ton-

65 1847 70 1864 ,
139 1813 259 1862 suram,
276 1792 313 1854 ad
327 1790 465 1854 ellectum
482 1790 635 1851 obtinendi
652 1790 830 1853 beneficium
855 1795 1101 1868 ecclesiasticum,
1114 1807 1149 1856 ut

140 1899 175 1942 cr
198 1881 323 1941 Decreto
345 1879 376 1939 S.
397 1877 639 1955 Congrcgationis
662 1877 694 1938 in
716 1878 776 1938 une
802 1879 1018 1959 pampilonensi
1039 1880 1089 1942 die
1110 1885 1149 1945 28

141 1966 239 2029 Martii
263 1967 349 2027 tttt.
369 1965 439 2023 lust.
455 1962 562 2023 Eccles.
581 1963 630 2023 tt.
649 1981 682 2023 ιι.
700 1965 728 2025 b.

1222 1884 1224 1955 l

1222 1958 1224 2020 l

179 2052 209 2112 Si
228 2060 327 2111 tamen
343 2047 479 2109 ordinato
493 2046 554 2124 jam
570 2048 713 2109 sacerdoti
729 2049 860 2119 accidat,
877 2058 912 2110 ut
929 2051 1084 2113 oculorum
1103 2054 1150 2114 lu·
1222 2053 1223 2110 l

140 2155 210 2198 men
228 2138 365 2206 amittat,
388 2150 448 2193 non
469 2139 569 2193 tamen
588 2133 652 2204 ita,
673 2142 708 2193 ut
730 2134 806 2195 nibil
826 2135 942 2205 videat,
962 2134 1051 2197 datur
1071 2137 1149 2199 illib
1222 2151 1223 2214 t

140 2226 170 2282 S.
186 2224 331 2301 Congreg.
345 2220 465 2281 facultas
484 2217 651 2279 celebrandi
667 2220 773 2281 dicbus
792 2222 911 2300 quidem
931 2220 1026 2292 sestis,
1046 2231 1076 2283 et
1091 2224 1150 2283 du·
1222 2217 1223 2222 ’

140 2306 285 2386 plicibus,
307 2307 425 2365 missam
446 2306 482 2371 Β.
495 2306 627 2383 Virginis
647 2307 801 2378 votivam,
822 2308 971 2367 ferialibus
990 2307 1150 2368 Defuncto-

139 2408 228 2460 rum,
251 2390 413 2449 dummodo
435 2407 496 2448 uon
519 2391 617 2449 omnia
640 2393 814 2451 memoriter
834 2393 960 2465 recitct3
981 2392 1149 2453 mandando

139 2475 260 2551 iusuper
278 2474 448 2552 episcopis,
473 2483 508 2535 ut
530 2476 756 2542 celebrationem
776 2478 907 2540 ‘omnino
927 2485 1027 2538 vetent
1046 2480 1149 2540 statim
1222 2503 1223 2506 ¹

138 2578 171 2620 ue
189 2576 298 2620 caecum
316 2556 433 2639 penitds
444 2560 566 2621 evasisse
585 2562 795 2640 compererint.
815 2560 860 2623 to.

555 2706 736 2810 utuutuu.

176 2922 430 2994 Cambiumloeale
441 2970 448 2999 ‚
460 2932 489 2985 et
499 2944 552 3005 per
565 2928 697 2999 litteras,
710 2929 828 3005 quando
838 2928 938 2989 reverit
953 2931 1061 2991 litterae
1074 2936 1151 2997 mit-

139 3024 262 3087 tuntur,
278 3014 325 3073 rel
346 3012 557 3075 transmittitur
575 3013 606 3073 in
623 3014 681 3073 alio
696 3012 761 3071 loco
778 3016 901 3090 pecunia
914 3032 949 3074 eo
963 3007 1051 3077 modo
1063 3062 1071 3089 ‚
1084 3041 1149 3097 quo

138 3101 216 3177 apud
232 3100 382 3179 theologos
393 3098 585 3170 describitur,
599 3098 768 3159 admittitur
785 3096 802 3158 ia
819 3100 961 3170 Pontifice
973 3100 1005 3161 in
1019 3110 1147 3167 tractatu

138 3182 175 3241 dc
191 3186 304 3261 Synod.
316 3186 403 3246 dioec.
419 3186 440 3247 l.
455 3186 504 3243 tt).
521 3204 547 3245 e.
563 3186 591 3245 5.
605 3204 638 3245 n.
654 3185 685 3244 7.
844 3260 849 3267 ⁸

175 3267 329 3329 Cambium
351 3269 421 3332 verb
444 3268 617 3348 obliquum,
633 3288 693 3348 quo
713 3271 911 3352 mutuatarius
921 3290 959 3352 se
978 3272 1088 3352 obligat
1108 3275 1146 3337 ad

136 3346 344 3419 negotiandum
357 3354 390 3411 in
407 3355 528 3415 cambiis
545 3354 729 3416 tantumdem
745 3356 899 3433 pecuniae,
912 3368 1058 3435 quantum
1077 3379 1146 3420 mu·

135 3438 185 3485 tuo
198 3431 334 3521 accepite
348 3438 488 3498 cambista
506 3440 538 3500 in
555 3441 688 3503 savorem
702 3443 793 3521 ipsius
806 3442 954 3502 cambistee
966 3487 975 3511 ,
988 3444 1034 3503 rel
1048 3444 1145 3507 eidem

133 3508 279 3591 cambuta·
289 3512 339 3606 dat
351 3515 536 3594 lacrrltatem,
551 3536 584 3585 ut
597 3528 719 3588 nomine
729 3544 782 3587 suo
793 3528 914 3604 accipiat
925 3529 986 3587 sive
998 3526 1015 3587 t
1028 3529 1142 3605 seipso,

131 3596 192 3638 sive
208 3585 245 3641 ab
262 3592 319 3649 utro
335 3602 519 3661 tantumdem
542 3613 692 3687 pecuniae,
714 3620 860 3688 qtutntum
878 3612 933 3671 sibi
952 3622 1056 3672 mutuo
1076 3613 1149 3674 data
