2475 3975
269 224 296 307 S.
311 221 336 285 l.
348 224 394 286 Do
407 224 523 305 puero‘s,
540 220 786 301 adolescentibus,
808 232 860 288 etc.
1030 230 1068 292 77

77 332 129 400 sot,
145 326 238 389 diret:
254 329 330 389 Itan
344 344 406 388 non
417 324 548 389 obstante
557 326 703 389 castitatis
715 335 781 389 ooto
791 326 871 407 quod
879 328 1002 393 esors'sini
1008 376 1017 401 ,
1030 334 1067 395 nt

76 410 101 470 in
113 412 296 475 matrimonio
306 428 473 485 remanere,
487 420 516 473 et
528 410 656 475 deditum
667 410 820 494 conjupale
830 415 943 495 ccipere
951 415 1063 496 possis,

77 496 231 559 occatoritote
244 494 406 579 apostolico
419 503 510 559 tecum
522 497 669 579 dispenso.
681 501 720 558 ln
738 497 878 575 nonaine,
901 505 954 559 etc.

105 580 147 641 89.
171 584 205 643 ln
225 583 333 661 quibus
359 590 458 642 autern
477 583 589 643 casibus
616 585 648 644 S.
672 583 892 643 Poenitcntiaria
913 584 1065 647 absolvere

75 668 167 742 possit,
180 678 229 730 aut
243 668 439 749 dispensareb
458 671 572 731 casibus
587 670 761 751 papalibus,
781 671 932 743 censuris,
950 672 1065 750 irregu-

74 749 242 824 laritatibus,
262 756 357 823 votis,
372 753 569 831 juramentis,
592 754 830 817 restitutionibus
846 756 987 832 incertis,
1005 766 1062 817 ete.

74 833 178 898 observa
189 840 309 901 Librum
323 837 398 917 (Lib.
411 841 440 899 7.
454 858 485 899 n.
501 839 595 916 libi.
611 841 648 898 Et
659 840 690 898 in
703 840 810 916 quibus
820 840 935 899 casibus
944 840 1064 919 dispen-

74 934 126 981 sare
136 924 223 1001 possit
238 926 270 985 in
281 923 502 1001 impedimentis
516 924 697 985 matrimonii
711 923 780 984 vide
793 923 869 1003 (Lib.
878 926 908 986 o.
919 942 952 987 n.
965 926 1064 1003 itta.)

417 1102 635 1166 capitatum
646 1102 713 1163 Vll.

76 1270 207 1345 Quomodo
230 1290 261 1334 se
274 1290 372 1354 perere
395 1270 496 1336 debeat
511 1272 711 1352 confessarius
726 1291 793 1332 cuno
806 1272 939 1351 personas
955 1268 1067 1334 diensi

492 1365 631 1446 pencris?

102 1532 124 1613 S.
147 1536 170 1597 l.
193 1508 344 1614 Quomodo
363 1515 428 1601 enin
448 1536 569 1619 poenos,
593 1532 840 1609 adolescentibus,
858 1532 1027 1616 etpuellis?

102 1714 237 1841 idco!
261 1776 362 1856 pueris
385 1773 525 1836 adhibere
552 1774 642 1835 debet
667 1792 786 1835 omnem
819 1772 1012 1849 maritalem,
1034 1782 1066 1835 et

23 1938 24 1941 Ἴ
72 1860 160 1922 modos
176 1862 325 1923 suaviores
335 1859 480 1939 quantrim
492 1859 557 1920 fieri
578 1868 685 1937 potest.
698 1858 800 1919 Primb
819 1877 867 1919 eos
884 1860 1066 1938 interrogare

72 1941 163 2018 debet,
180 1966 216 2008 an
229 1948 323 2007 sciant
337 1963 385 2006 res
396 1945 463 2006 fidei
474 1951 489 2006 ?
500 1954 529 2006 et
544 1944 568 2004 si
583 1945 715 2005 nesciant
729 1951 846 2024 oportet
856 1962 904 2006 eos
920 1946 1066 2024 patienter

73 2027 202 2094 instruere
219 2051 276 2112 pro
303 2043 374 2093 tune
389 2075 398 2104 ‚
415 2032 440 2106 si
463 2041 579 2110 tempus
604 2031 707 2103 adest,
735 2031 782 2090 vei
812 2049 862 2091 eos
889 2034 1006 2091 mittere
1027 2030 1065 2088 ad

73 2113 168 2191 alium,
189 2126 224 2178 ut
245 2120 433 2180 instruantur
454 2118 560 2178 saltem
584 2117 661 2176 eirca
683 2116 846 2175 necessaria
870 2115 906 2173 ad
928 2115 1063 2173 salutem.

71 2197 133 2261 Cim
151 2211 249 2264 autem
271 2211 337 2283 agat
355 2203 393 2263 de
413 2201 614 2271 consessione,
639 2201 671 2259 in
687 2200 836 2276 principio
848 2215 952 2256 curare
961 2197 1065 2270 debet,

72 2294 98 2344 ut
117 2291 195 2366 pueri
215 2309 252 2350 ex
278 2289 379 2367 seipsis
405 2288 604 2348 confiteantur
623 2291 739 2361 peccata
769 2300 898 2360 quorum
921 2299 1067 2342 memores

73 2381 128 2432 sunt
138 2395 146 2450 3
158 2385 186 2434 et
203 2383 302 2454 postea
317 2373 383 2433 fieri
402 2373 462 2432 illis
480 2377 622 2450 poterunt
635 2376 791 2446 sequentes
801 2368 1063 2447 interrogationes:

72 2456 93 2514 l.
110 2460 151 2519 An
166 2462 312 2521 tacuerint
334 2459 455 2538 aliquod
475 2466 628 2538 peccatum
654 2456 692 2516 ob
712 2455 949 2516 verecundiam?
968 2457 998 2516 2.
1018 2457 1064 2514 An

71 2540 325 2622 blasphemaverint
343 2546 374 2604 in
391 2546 531 2614 Sanctus,
553 2551 604 2602 aut
621 2541 684 2601 dies
704 2552 836 2628 sanctos,
862 2541 909 2600 vel
932 2559 970 2600 an
982 2539 1066 2617 jura·

71 2630 155 2690 verint
175 2649 242 2692 curn
256 2630 431 2708 mendacio?
443 2631 472 2689 5.
492 2629 538 2688 An
556 2627 712 2688 omiserint
731 2628 763 2685 in
780 2625 862 2684 iestis
879 2625 982 2684 audire
995 2624 1066 2683 mis·

70 2729 139 2792 sam,
162 2717 261 2778 autin
286 2715 432 2776 audienda
460 2715 508 2774 illa
534 2731 685 2772 sermones
711 2709 899 2770 habuerint?
923 2711 960 2784 Et
978 2728 1015 2768 an
1032 2709 1066 2769 iu

69 2797 138 2860 iestis
150 2802 381 2862 laboraverint?
401 2804 430 2860 d.
457 2802 502 2860 An
523 2797 694 2876 parentibus
709 2796 822 2856 fuerint
841 2791 1066 2865 inobedientes,

69 2891 111 2942 aut
126 2886 348 2948 irreverentiam
367 2886 565 2965 irrogaverint
587 2901 636 2944 eos
655 2881 884 2953 subsannando,
909 2897 1016 2941 manus
1034 2879 1066 2937 in

71 2986 111 3030 cos
130 2974 315 3046 extollendo,
331 2973 378 3034 vel
396 2973 525 3034 convicia
545 2978 596 3030 aut
618 2970 844 3048 imprecationes
869 2983 968 3027 eoram
996 2963 1067 3042 ipsis

70 3058 243 3130 proferendo.
262 3061 299 3119 Et
315 3055 364 3118 hie
382 3057 596 3118 advertendum
609 3055 689 3132 quod
708 3056 821 3114 dictum
841 3061 885 3112 cst
903 3069 936 3110 n.
960 3050 1008 3110 bl.
1031 3047 1068 3108 de

71 3142 147 3202 arado
167 3143 341 3224 imponendi
369 3143 469 3224 pueris
487 3141 661 3220 petitionem
679 3136 806 3199 renioeb
828 3134 1011 3216 parentibus.
1036 3135 1066 3194 5.

72 3221 109 3283 dn
122 3229 237 3308 aliquod
256 3238 342 3307 turpe
359 3237 510 3308 peceatum
531 3226 738 3302 patraverint?
752 3220 809 3281 Sed
823 3222 854 3280 in
874 3220 927 3280 bae
946 3219 1068 3280 materia

74 3312 250 3376 confessarius
262 3316 301 3374 sit
312 3314 398 3374 valde
414 3320 516 3374 eauttrs
534 3312 566 3370 in
587 3309 819 3389 interrogandos
836 3308 958 3387 incipiat
976 3307 1069 3366 inter-

74 3408 162 3472 rogare
178 3399 215 3459 de
226 3402 316 3477 longo
328 3443 337 3472 ,
351 3409 383 3460 et
403 3397 502 3458 verbis
515 3395 723 3475 generalibus:
742 3402 772 3456 et
785 3391 868 3473 priris
889 3411 927 3451 an
939 3389 1070 3451 dixerint

74 3481 137 3539 mala
155 3485 264 3546 verba?
276 3503 316 3544 an
332 3483 423 3562 iocati
442 3482 553 3542 luerint
567 3495 636 3539 cum
657 3479 721 3537 aliis
742 3480 860 3558 pateris,
880 3484 930 3535 aut
942 3472 1068 3550 puellis?

75 3559 104 3620 Et
122 3566 144 3624 si
162 3573 243 3641 jocos
265 3570 332 3632 illos
358 3570 433 3630 elam
460 3563 672 3626 exercuerint?
692 3563 805 3623 Deinde
827 3563 1008 3648 interroget,
1030 3571 1070 3611 an

76 3653 261 3716 conmiserint
287 3671 335 3715 res
360 3655 491 3731 turpes?
507 3647 674 3724 stationes,
694 3647 808 3707 etiamsi
833 3657 917 3721 puers
939 3645 1069 3713 negent,
