2475 3975
373 604 809 720 nuuonuono.
880 554 999 707 tui

890 728 999 863 ton
1012 704 1088 841 nt

127 1138 165 1205 1.
190 1064 370 1206 Munus
388 1132 500 1217 utique
519 1132 580 1195 erit
606 1150 751 1211 meroes,
776 1133 840 1216 qut
865 1132 899 1195 in
926 1132 1101 1199 eternitate

79 1224 1102 1315 compensabunturbonieonlessarii,etdesuapraedestiuatione

79 1328 130 1391 ita
151 1323 257 1387 securi
271 1329 346 1385 sunt
358 1319 381 1382 ii
396 1318 452 1404 qui
467 1339 500 1382 se
517 1316 559 1382 ad
575 1318 753 1382 animarum
768 1320 902 1383 salutem
916 1329 1099 1403 occupant,

79 1428 122 1483 ut
135 1415 276 1481 lacobus
288 1413 458 1498 Apostolus
470 1412 513 1497 (e.
527 1413 560 1475 5.
572 1409 616 1487 Ji.
632 1410 702 1497 20.)
714 1413 882 1497 perspicui
894 1412 956 1475 hoe
967 1422 1101 1478 testetur

78 1514 135 1577 his
153 1510 262 1575 verbis
281 1530 289 1571 ε
310 1508 373 1587 Qui
387 1508 521 1572 conuerti
537 1507 641 1587 [eonii
664 1516 854 1589 peccatorem
874 1504 1028 1572 oberrare
1041 1511 1101 1574 oio
1168 1568 1182 1587 ,.

78 1624 175 1682 suta,
193 1602 322 1669 salvabit
342 1603 484 1667 animum
496 1600 560 1683 rjus
580 1600 710 1685 (nempe
729 1600 800 1685 ejus
818 1598 873 1685 qui
889 1601 1031 1664 converti
1051 1601 1101 1665 ie-

79 1698 195 1777 cerit,
227 1706 260 1759 et
293 1704 330 1759 ut
359 1695 500 1779 loquitur
525 1703 629 1756 textus
654 1713 804 1777 grecus,
830 1696 972 1759 unimam
995 1697 1101 1781 mom)

79 1792 245 1865 omero,
266 1798 294 1855 et
315 1791 426 1871 operiet
447 1788 676 1853 multitudinem
696 1797 900 1869 peccatorum.
921 1784 985 1851 Sed
1010 1789 1102 1874 luget

79 1882 183 1970 atoue
196 1881 537 1947 lamentaturEeelesia
547 1927 556 1963 ‚
574 1878 687 1944 videns
705 1890 752 1944 tot
774 1880 856 1944 filios
878 1900 951 1944 suos
967 1890 1100 1967 propter

81 1980 244 2043 malorum
255 1972 519 2042 confessarioium
534 1975 601 2040 sive
613 1975 827 2060 imperitiam,
841 1975 908 2041 sive
924 1972 1097 2058 incuriam,

80 2075 153 2138 sive
173 2071 369 2155 impietatem
393 2067 435 2162 ad
460 2069 640 2155 gehennam
666 2069 843 2151 destinori3
866 2071 984 2133 etenim
1009 2092 1049 2134 ex
1064 2072 1100 2134 il·

79 2167 191 2230 lorum
201 2165 289 2229 hono
312 2173 367 2228 aut
386 2163 470 2227 malo
494 2164 651 2248 regimine
665 2163 866 2247 potissimum
888 2163 1000 2246 populi
1024 2184 1100 2246 per·

81 2259 207 2339 uicies,
239 2265 295 2320 aut
315 2258 399 2320 salus
425 2254 555 2342 pendet.
574 2255 763 2318 Habeantur
778 2253 885 2316 idonei
914 2253 1099 2323 confessarii

80 2349 179 2438 (dixit
189 2351 223 2416 S.
237 2352 313 2416 Pius
328 2350 390 2433 V.),
405 2369 478 2413 eece
495 2350 639 2412 omnium
651 2347 902 2412 Christianorum
915 2348 1098 2414 omnimoda

79 2442 280 2506 reformatio.
297 2442 368 2506 Nou
380 2442 466 2505 enim
480 2451 527 2505 est
549 2440 788 2522 dubitandum,
809 2442 910 2526 quin,
936 2442 963 2505 si
986 2443 1114 2506 omnes'
1151 2501 1155 2508 .

81 2534 268 2601 confessarii
294 2535 332 2598 eb
354 2535 512 2619 pollerent
533 2535 693 2616 scientia,
719 2545 751 2598 et
777 2555 904 2598 morum
930 2533 1094 2618 bonitate,

77 2649 164 2714 quas
191 2637 315 2692 tantum
339 2628 550 2692 ministerium
576 2628 696 2712 exigit,
717 2649 777 2692 nee
800 2625 938 2691 muudus
960 2629 1004 2691 ita
1025 2651 1097 2714 pee-
1122 2660 1126 2667 ·

1 2769 2 2798 .
77 2732 228 2788 catorum
250 2743 340 2787 eoeno
364 2721 550 2808 deturpatus
571 2731 677 2803 esset,
702 2743 761 2791 neo
775 2721 919 2786 internus
931 2730 979 2784 tot
996 2721 1097 2806 bapti-

77 2826 226 2881 zatorum
255 2815 421 2881 animabus
442 2817 633 2900 repleretur.
657 2815 698 2878 Et
722 2816 797 2879 edm
813 2816 977 2881 bonitatem
1000 2813 1093 2895 dico,

78 2930 150 2973 non
163 2909 216 2973 hie
228 2909 371 2995 intelligo
383 2910 471 2976 illam
485 2911 583 2979 solam
598 2908 792 2976 habitualem
806 2955 818 2990 ,
833 2928 904 2993 quae
919 2908 1095 2992 simplicem

80 3002 195 3086 gratiae
208 3011 324 3068 statum
338 3050 347 3083 ‚
361 3001 420 3074 sed
436 3003 603 3088 positivam
617 3002 792 3067 bonitatem
807 3049 817 3084 ,
830 3021 902 3086 qum
916 3001 1096 3066 ministrum

81 3096 278 3183 poenitentia
297 3093 411 3177 decet,
432 3097 484 3160 cui
508 3105 661 3181 tauquam
682 3095 797 3159 nutrici
823 3093 943 3178 duplex
966 3095 1095 3160 alimen·

79 3199 153 3257 tum
170 3209 249 3273 opus
265 3197 333 3270 est,
354 3209 455 3254 unum
476 3188 598 3270 adsui,
615 3191 751 3253 alterum
770 3186 812 3251 ad
830 3189 928 3272 prolis
942 3197 1095 3255 sustenta·

80 3285 203 3350 tionem
216 3307 225 3366 ;
249 3283 400 3369 quoniam
415 3285 489 3348 oium
502 3284 713 3350 confessarius
736 3283 871 3346 aliorum
887 3283 1094 3348 conscientias

81 3375 223 3462 dirigere
236 3376 372 3460 debeat,
385 3378 522 3442 maxime
539 3379 569 3442 ei
589 3376 769 3443 cavendum
788 3378 868 3460 erit,
885 3397 926 3440 ne
939 3377 1040 3440 nimia
1049 3379 1095 3441 in·

80 3468 272 3554 drdgentit‚
301 3480 359 3535 aut
381 3470 591 3538 immoderato
613 3473 722 3557 rigore
753 3479 850 3535 erret.
876 3470 979 3534 Debet
1007 3469 1093 3535 enim

14 3639 23 3656 ἢ
80 3565 480 3727 totrpeceptprum‘uleera
498 3573 653 3648 tractare,
673 3564 753 3652 quin
779 3584 814 3626 aa
830 3562 981 3712 deturpet
995 3583 1004 3624 ε
1018 3581 1094 3628 eum
1208 3581 1212 3586 ’

152 3673 210 3718 orn.
279 3697 288 3720 .

391 3889 403 3936 t
510 3842 639 3936 filiiix
