2475 3975
197 220 199 223 .
268 172 297 253 5.
310 174 363 233 tv.
378 174 422 233 De
432 168 601 254 frequentia
616 176 878 233 sacramentaneus.
1030 174 1084 237 idi

79 279 129 358 qui
142 294 278 357 magnam
303 293 372 355 erga
386 274 442 335 hoc
453 283 670 337 sacramentum
691 274 887 335 reverentiam
898 271 1084 347 babuerunt,

80 382 139 423 nou
162 362 367 423 abstinuerunt
385 358 402 421 a
420 358 589 438 quotidiana
614 359 851 420 communione:
871 365 906 419 ut
927 377 1085 421 consueve-

78 456 149 508 runt
173 450 205 509 S.
230 443 387 509 (intrudis
401 488 409 517 ,
425 446 461 505 8.
486 442 652 505 Catbure'na
682 443 835 518 Senensis,
856 444 890 505 8.
924 441 1084 517 Tbereaia,

79 534 116 592 B.
130 534 253 593 Ioanne
267 530 302 592 de
317 526 470 601 coenent,
490 537 520 589 et
544 530 605 589 alii.
626 530 663 589 Et
685 529 881 589 asserentibus
906 525 995 589 hodie
1023 546 1084 589 non

77 616 202 696 amplius
222 614 348 677 existere
360 612 412 675 has
425 615 458 675 8.
475 612 629 675 Therasiae
639 658 648 687 ,
659 612 738 676 recte
749 615 869 693 reponit
884 613 964 675 idem
979 616 1015 674 Ρ.
1026 616 1085 674 Ba·

77 703 222 775 aeonius,
235 701 432 762 temeritatem
451 697 527 760 hanc
546 717 608 760 esse
626 719 792 778 supponere
812 698 893 778 qudd
914 698 1003 760 hodie
1021 719 1084 761 ma-

75 804 127 847 nus
143 788 264 847 Domini
285 787 324 847 eit
342 786 522 846 abbreviata.
548 786 587 845 V.
608 786 643 845 P.
661 785 807 866 Muqister
821 784 910 845 Auito
935 802 997 845 nou
1025 787 1082 845 du-

74 870 145 931 bitat
167 872 267 931 dicere
289 868 370 949 qudd
392 870 436 929 itti
458 870 509 947 qui
531 868 673 929 damnant
694 868 1083 948 eos,quisaepii1eedtin·

73 955 237 1018 charistiam
256 956 420 1028 accedunt,
446 954 589 1015 daemonis
613 954 709 1014 officio
729 954 907 1031 funguutur.
939 988 943 996 ·

108 1043 177 1104 tas.
190 1040 336 1102 Caeterum
349 1040 562 1101 considerando
583 1040 689 1099 relatas
702 1037 868 1110 doctrinas,
891 1037 1009 1099 videtur
1020 1056 1081 1099 uon

72 1144 153 1204 posse
168 1126 301 1187 director
318 1124 381 1186 sine
407 1126 548 1205 scrupulo
570 1142 678 1203 negare
691 1123 931 1185 communionem
942 1122 1081 1200 trequen-

73 1218 129 1271 tcm
149 1221 182 1272 et
208 1212 297 1272 etiam
317 1210 520 1289 quotidianam
532 1210 645 1290 (excipe
656 1206 807 1269 ordinarie
822 1207 973 1286 loquendo
986 1223 1082 1267 unum

71 1296 145 1359 diem
170 1297 204 1357 in
217 1295 320 1376 quavis
334 1294 517 1355 hebdomada
531 1339 539 1368 ,
554 1304 587 1355 ut
599 1294 798 1355 iacercsolent
809 1294 971 1371 prudentes
988 1291 1080 1369 aliqui

70 1380 250 1453 directores,
275 1386 306 1439 et
326 1380 427 1458 excipe
450 1389 567 1457 tempus
588 1380 664 1439 sslud
684 1396 744 1458 quo
769 1378 889 1456 privare
907 1378 1002 1437 veiint
1017 1394 1080 1455 poe·

70 1466 195 1527 nitentes
217 1464 447 1536 communione,
468 1466 505 1524 ad
525 1464 710 1543 probandam
730 1478 835 1523 corum
858 1460 1078 1532 obedientiam,

68 1561 116 1611 aut
131 1550 355 1622 bumilitatem,
373 1558 424 1609 aut
436 1548 474 1610 ob
486 1551 617 1628 aliquam
637 1550 726 1608 aliam
741 1546 853 1624 justam
871 1546 1000 1625 musam)
1010 1546 1078 1624 qui·

68 1632 190 1695 busdam
209 1634 364 1696 animabus
387 1652 451 1694 eam
468 1635 724 1707 desiderantibus,
740 1640 776 1693 ut
800 1632 957 1711 proficiant
976 1633 1009 1691 iu
1031 1630 1079 1690 di·

66 1719 135 1780 vino
148 1738 271 1797 amare3
289 1734 406 1797 semper
417 1718 489 1781 vero
513 1721 613 1781 acilia
632 1719 762 1780 vivendo
781 1719 906 1778 alienata
919 1717 957 1778 ab
971 1716 1078 1777 rnatu

67 1804 277 1883 cujuscumque
295 1806 390 1882 culpae
407 1805 530 1867 venialis
548 1851 555 1877 ,
576 1805 723 1866 incumbit
734 1805 855 1880 insuper
870 1801 1078 1863 muitdmors·

67 1892 138 1951 tioni
159 1890 300 1959 mentali,
319 1895 350 1950 et
366 1898 490 1951 conatur
508 1892 630 1951 tendere
648 1889 686 1950 ad
710 1890 921 1970 perfectionem
934 1909 944 1963 ς
958 1894 992 1947 et
1013 1904 1078 1946 am·

67 1973 142 2053 plius
166 1993 227 2036 non
245 1975 357 2036 labitur
383 1976 415 2037 iu
441 1986 556 2056 peecata
568 2023 578 2054 ,
599 1977 692 2036 ctiam
718 1973 845 2034 venialia
869 1971 956 2054 piene
975 1976 1078 2035 volun·

67 2063 150 2122 taria.
167 2063 234 2122 Haeo
249 2063 348 2132 euim,
364 2069 399 2122 ut
409 2063 450 2122 ait
460 2065 492 2124 8.
506 2065 652 2143 Prosper,
670 2069 715 2122 est
728 2060 885 2141 perfectio,
899 2078 969 2138 qum
980 2068 1076 2138 potest

65 2145 93 2205 in
115 2145 173 2206 hac
189 2147 251 2206 uita
269 2145 394 2220 haberi,
414 2149 526 2207 attenti
545 2147 677 2206 humani
697 2145 867 2222 tragilitate.
892 2147 931 2202 Et
958 2143 1076 2222 quando

66 2229 260 2290 confessarius
278 2229 352 2288 utile
377 2247 440 2290 esse
467 2231 638 2308 cognoverit
658 2229 819 2289 concedere
836 2228 1076 2290 communionem

65 2315 252 2394 frequentem
275 2312 423 2374 similibus
449 2315 605 2392 personis,
629 2315 728 2392 iuquit
747 2313 937 2373 Innocentius
957 2314 1019 2374 XI.
1042 2315 1075 2374 in

67 2416 116 2459 suo
133 2401 279 2470 Decreta,
299 2395 376 2458 nibil
395 2398 533 2473 obstare,
551 2398 632 2479 qudd
657 2400 717 2459 siut
738 2399 828 2459 etiam
853 2399 1073 2477 negotiatores,

68 2491 95 2542 at
112 2479 274 2559 conjugati.
301 2483 346 2542 En
371 2481 436 2562 ejus
461 2484 550 2545 rerba
574 2505 583 2544 e
609 2486 757 2565 Frequens
778 2483 826 2564 (ad
848 2483 1073 2560 Eucharistiam)

68 2585 194 2628 accessus
213 2564 460 2647 confessariorum
476 2568 592 2652 judicio
627 2577 671 2630 est
695 2567 930 2649 relinquendus,
953 2571 1007 2648 qui
1035 2588 1074 2630 ex

69 2651 307 2714 conscientiarum
322 2653 472 2734 puritate,
488 2662 516 2714 et
533 2653 708 2736 frequentia
728 2651 848 2734 (ructa,
867 2659 897 2711 et
918 2651 960 2712 aa
976 2655 1074 2732 pieto-

71 2743 121 2796 tem
136 2753 273 2817 processu
289 2731 393 2813 laicis,
408 2739 661 2820 nequeuntibus,
675 2735 992 2820 etconjupatis,quod
1004 2756 1074 2818 pro·

70 2819 195 2966 pupione
212 2838 313 2882 eorum
332 2818 427 2882 satuti
451 2822 664 2905 profuturum,
683 2820 717 2884 id
736 2821 798 2885 iiiia
819 2819 1004 2903 praenetus
1023 2820 1073 2884 de-

87 2914 179 2966 caat.

107 2993 173 3052 155.
191 2991 228 3052 Et
240 2991 374 3069 quamvis
388 2995 484 3054 anima
497 2993 595 3072 aliqua
607 2993 725 3056 caderet
735 2993 894 3070 aliquando
908 2992 940 3051 in
957 2993 1072 3055 veniale

73 3084 216 3150 tuccetum
238 3076 439 3139 voluntarium
458 3077 497 3139 ob
519 3097 632 3140 meram
650 3079 861 3157 fragilitatem,
879 3076 930 3135 sed
945 3076 1004 3139 cita
1018 3099 1072 3159 po-

72 3165 126 3217 stea
147 3159 280 3230 doloret,
294 3163 589 3244 emendationemque
610 3171 811 3243 proponeret,·
831 3161 856 3220 si
872 3161 1070 3228 deindecom·

73 3245 238 3306 munionem
260 3244 439 3309 desideraret
463 3248 500 3310 ad
526 3252 619 3309 robur
639 3246 843 3327 accipiendum
866 3245 883 3306 a
904 3264 1069 3313 sacramen·

74 3334 126 3402 to,
153 3347 193 3390 aa
218 3329 327 3410 aedat,
352 3341 382 3393 et
397 3333 434 3394 ad
460 3333 709 3414 progrediendum
736 3333 769 3392 iu
787 3330 835 3391 via
856 3333 1067 3410 perfectionis,

74 3427 193 3505 quanam
214 3413 251 3476 de
272 3435 356 3480 eausa
376 3420 404 3480 ei
422 3429 497 3481 esset
517 3415 688 3497 deneganda
712 3419 906 3478 commuuio?
927 3422 1069 3482 Damnata

73 3511 126 3569 tam
136 3499 194 3561 init
204 3497 241 3561 ab
256 3498 402 3566 nteaane.
421 3505 511 3566 vett.
524 3503 688 3584 propositio
699 3505 747 3564 22
763 3502 825 3582 naji
835 3548 843 3575 ,
855 3521 921 3581 quae
931 3504 1066 3566 dicebat:

73 3581 205 3668 Saeiiieqi
224 3595 296 3648 erent
317 3587 480 3668 judicandi
500 3588 554 3669 qui
578 3585 696 3670 jasad
721 3587 952 3651 mnrrneenionene
977 3586 1070 3666 perei-
