2475 3975
141 151 198 214 tto
327 148 463 232 Epitcme
478 146 619 209 doctrinm
631 142 755 206 moralia
766 155 795 206 ct
807 146 955 208 canonicor

176 250 280 314 Clerici
304 253 337 314 in
354 250 533 321 minoribus,
553 249 579 309 si
599 247 792 308 militaverint
804 248 836 308 in
853 248 933 308 bello
947 247 1078 327 iniusto,
1095 251 1147 310 etsi
1209 323 1215 329 „

138 335 193 416 ipsi
217 338 367 399 nemiuem
389 333 566 405 occiderint,
585 334 633 393 vel
651 332 874 404 mutilaverint,
899 333 925 392 si
950 343 1053 394 nmen
1082 337 1147 406 ala,

138 421 170 482 in
193 421 252 500 qui
277 422 429 490 militant,
454 415 614 478 homicidia
636 417 839 487 commiserit,
861 433 915 475 eeu
940 418 1147 489 mutilaverit,

139 506 253 569 inducit
271 507 303 568 iu
316 523 366 568 eos
382 503 501 565 clericos
518 500 789 579 irregularitatemr
805 501 837 560 in
857 518 894 559 eo
906 502 987 562 enim
1003 521 1074 563 casu
1090 504 1149 565 ele-

138 591 217 652 ricus
237 591 305 652 lacit
327 607 421 650 unum
440 603 547 665 corpus
563 603 634 647 eum
655 585 760 662 sociis,
777 594 808 647 et
820 584 945 648 ulterids
961 585 1013 647 det
1026 607 1149 668 operam

138 676 182 736 rei
202 675 323 737 illicita.
335 675 382 734 lb.
396 691 428 734 n.
444 672 474 732 8.

177 757 269 820 Porro
287 758 313 818 si
336 758 387 820 ille
407 753 579 819 militaverit
597 753 654 815 sub
675 771 730 816 suo
748 755 902 837 principe,
920 774 975 819 nee
992 757 1077 819 cerro
1096 762 1151 820 sci-

136 845 230 916 verit,
248 843 363 906 bellum
376 861 439 905 esse
461 841 629 920 injustum,
647 857 709 902 non
730 847 849 902 tenetur
865 861 919 922 per
937 861 969 903 se
987 844 1148 922 indagare,

138 926 212 990 mim
227 927 341 1006 iustum
362 930 420 1000 ait,
435 946 528 990 necue
543 975 552 1002 ,
569 926 620 988 aed
636 933 733 1006 potest
751 927 872 988 credere
892 928 1003 988 bellum
1023 947 1090 989 esse
1107 931 1152 1008 ju·

137 1023 228 1076 stum.
238 1014 282 1078 lb.
297 1033 330 1077 u.
344 1017 392 1078 17.
406 1014 489 1076 ldem
502 1012 696 1092 probabiliter
708 1010 768 1071 dici
784 1023 883 1091 potest
895 1012 934 1074 de
945 1013 1058 1075 clerico
1068 1017 1151 1076 mili·
1211 963 1215 1083 i

138 1107 220 1162 tante
232 1101 287 1162 sub
299 1102 395 1162 alieno
406 1100 540 1180 principe
551 1141 560 1170 ,
571 1099 642 1177 quia
654 1096 837 1174 impossibile
846 1107 920 1160 essct
932 1099 976 1159 illi
989 1098 1149 1178 indagare,

138 1181 212 1246 naim
231 1186 270 1248 sit
286 1186 399 1247 bellum
415 1185 494 1246 istud
513 1182 648 1262 justum,
661 1179 853 1258 injustumve.
867 1185 943 1247 ibid.
956 1205 989 1244 ιι.
1002 1185 1053 1245 17.

177 1269 207 1330 81
223 1271 295 1334 vero
308 1272 420 1333 bellum
434 1279 509 1332 esset
521 1266 636 1348 justum
647 1311 657 1340 ,
669 1268 795 1328 clericus
812 1271 944 1330 militans
957 1271 982 1329 si
996 1281 1098 1331 certus
1113 1274 1152 1333 sit

138 1355 292 1416 moraliter
314 1375 345 1418 se
365 1357 516 1418 neminem
532 1353 692 1426 occidisse,
706 1354 754 1412 vel
773 1355 942 1425 mutilasse,
957 1354 1073 1415 etiamsi
1094 1359 1152 1417 hoe

137 1435 247 1500 iactum
265 1441 391 1502 fueriti
413 1441 517 1511 sociis,
539 1457 599 1499 non
619 1437 724 1498 incidit
745 1438 777 1497 in
799 1438 1038 1518 irregularitcm,
1059 1450 1096 1501 ut
1115 1459 1151 1501 ex

138 1539 200 1598 cap.
214 1525 340 1601 Potitio,
359 1525 394 1586 de
411 1522 567 1586 homicidio
585 1519 766 1588 mortaria
782 1523 827 1584 lb.
845 1543 877 1584 n.
892 1527 940 1586 10.
1213 1536 1215 1657 q

175 1605 303 1668 Demdtn
321 1609 347 1668 si
367 1607 480 1668 bellum
500 1607 539 1666 sit
555 1605 692 1685 justum,
706 1614 737 1665 et
752 1606 959 1688 defensivum,
980 1611 1005 1671 si
1025 1612 1152 1672 clericus

134 1687 234 1764 jussus
250 1701 295 1754 est
312 1711 394 1753 erma
416 1709 539 1772 capere,
559 1709 615 1752 nac
633 1690 779 1753 sufficiant
791 1694 828 1754 ad
842 1695 1043 1755 defensionem
1064 1698 1151 1769 laici,

138 1793 199 1835 non
218 1777 322 1839 incidit
345 1781 377 1840 iu
396 1779 664 1858 irregularitatem,
678 1778 792 1840 etiamsi
808 1780 958 1843 ceciderit.
971 1781 1015 1841 lb.
1032 1800 1064 1840 ιι.
1080 1784 1112 1841 9.

178 1862 328 1943 illegitimi
351 1876 421 1927 sunt
443 1865 619 1945 irregulares
641 1880 679 1923 ex
696 1863 832 1936 deiectu,
853 1865 1153 1943 adeoqueordinum

138 1955 170 2010 ct
187 1949 322 2012 beneficii
342 1952 490 2031 incapaces
502 1972 511 2027 3
523 1957 652 2010 attamen
673 1965 729 2027 pro
747 1949 913 2010 minoribus
931 1949 1107 2036 ordinibus,
1124 1963 1155 2014 et

139 2034 290 2099 beneficiis
311 2055 371 2098 non
392 2034 569 2097 habentibus
583 2052 728 2095 annexam
741 2035 910 2097 animarum
920 2054 1041 2111 curam,
1055 2049 1154 2116 potest

138 2120 299 2201 Episcopus
320 2141 387 2183 eum
407 2123 465 2182 illis
482 2120 673 2199 dispensare3
689 2120 807 2181 nonnisi
824 2119 896 2181 verb
907 2123 1058 2182 Romanus
1073 2126 1154 2184 Pon·
1213 2182 1215 2200 ,

140 2208 209 2267 tifex
229 2209 261 2267 in
279 2210 343 2269 aliis
361 2208 520 2278 omuibus,
535 2216 568 2267 ut
581 2224 617 2267 ex
636 2225 699 2286 cap.
713 2207 747 2267 is
762 2205 817 2285 qai
825 2250 834 2279 ,
847 2204 882 2267 de
892 2203 969 2284 filiis
983 2208 1150 2289 presbyter.
1213 2207 1214 2222 ²

139 2291 172 2352 in
190 2295 219 2352 6.
236 2295 280 2353 De
292 2296 363 2371 Syn.
379 2294 464 2353 dioec.
476 2294 498 2351 l.
511 2294 559 2352 15.
576 2311 603 2351 c.
617 2294 667 2353 nt.
681 2310 712 2351 ιι.
727 2294 776 2351 11.

177 2377 244 2436 Filii
261 2378 408 2454 illegitimi
427 2377 604 2436 clericorum
625 2377 762 2453 consequi
777 2393 836 2436 non
852 2387 973 2455 possunt
987 2378 1153 2450 beneficia,

138 2470 168 2523 ct
190 2462 345 2540 pensiones
368 2461 400 2521 in
420 2460 572 2533 Ecclesiis‚
598 2461 630 2521 in
653 2462 762 2537 quibus
784 2470 922 2540 parentes
944 2482 1051 2524 eorum
1072 2464 1156 2524 obti·
1213 2469 1214 2520 i

139 2554 270 2607 nuerunt
283 2545 403 2624 aliquod
418 2544 613 2619 beneficium,
631 2544 700 2605 licet
712 2546 870 2616 dissimile,
884 2565 980 2626 neque
992 2548 1023 2607 in
1036 2549 1153 2608 eisdem
1213 2555 1214 2610 f

138 2633 272 2694 Ecclesiis
291 2633 460 2693 ministrare
472 2654 481 2709 3
500 2650 596 2711 neque
614 2630 734 2691 tandem
747 2633 920 2712 pensionem
934 2633 1024 2693 ullam
1038 2631 1154 2694 habero

138 2736 226 2797 super
246 2717 391 2777 fructibus
408 2716 638 2789 beneficiorum,
651 2733 717 2795 quae
729 2718 766 2777 ab
779 2736 883 2778 eorum
897 2718 1070 2797 parentibus
1081 2737 1155 2796 pos·

139 2820 213 2863 sessa
231 2808 319 2874 sunt,
340 2819 377 2862 ex
397 2801 572 2861 Tridentino
589 2820 658 2862 sess.
674 2804 723 2863 25.
741 2821 804 2883 cap.
820 2804 869 2863 tit.
884 2801 919 2863 de
937 2800 1005 2882 lies.
1019 2803 1106 2863 Sicut
1124 2813 1155 2863 et

140 2890 229 2949 nullae
246 2897 316 2948 sunt
336 2885 493 2965 reciproce
515 2886 727 2965 resignationee
747 2888 765 2947 i
787 2889 959 2966 parentibus
981 2889 1098 2949 clericis
1121 2891 1154 2949 in

139 2974 269 3035 savorem
284 2972 415 3032 filiorum
433 2988 554 3030 suorum
567 2970 668 3042 iactae,
683 2972 724 3031 ita
735 2982 770 3032 ut
783 2974 853 3053 ipsis
865 2974 934 3033 liliis
947 2972 1074 3033 minime
1090 2974 1156 3033 sui·

139 3058 299 3135 fragentur.
319 3060 362 3117 De
376 3058 447 3136 Syn.
462 3056 547 3116 dioec.
562 3056 585 3116 l.
601 3058 650 3117 15.
662 3074 688 3116 a.
705 3058 755 3118 11.
770 3077 800 3118 ιι.
821 3060 869 3118 li.
889 3059 969 3132 Quin
991 3077 1046 3119 nee
1069 3058 1155 3119 iilius

139 3143 310 3222 illegitimus
322 3142 439 3223 parochi
448 3140 509 3219 jam
522 3141 653 3203 defuncti
664 3162 774 3205 munus
784 3145 950 3206 confessarii
960 3143 1045 3205 obire
1054 3154 1155 3223 potest

139 3227 171 3284 in
190 3229 223 3285 ed
243 3228 391 3302 Ecclesirl,
415 3245 504 3305 quam
522 3235 606 3305 pater
625 3228 770 3306 parochus
783 3230 931 3299 obtinuit,
946 3238 981 3289 ut
997 3246 1033 3289 ex
1049 3231 1154 3289 verbis
1213 3233 1214 3238 ’

138 3311 377 3387 congregationis
389 3314 531 3383 vetantis,
543 3329 581 3370 nc
592 3312 646 3372 lilii
662 3314 704 3373 illi
719 3316 749 3374 in
760 3315 793 3375 ed
802 3316 926 3376 Ecclesia
936 3314 1154 3395 quoquomodo

137 3392 325 3464 inimemor,
340 3401 370 3453 et
385 3412 421 3453 ex
436 3412 577 3471 responso
595 3398 626 3455 S.
637 3399 746 3476 congr.
761 3398 898 3460 habetur.
915 3401 959 3459 lb.
972 3417 1004 3458 u.
1019 3401 1069 3459 11.

176 3472 310 3531 Vicissim
332 3484 451 3546 utilem,
470 3481 492 3535 si
516 3482 650 3555 poterin
670 3483 767 3559 aliqui
781 3484 907 3544 Ecclesia
927 3501 1036 3542 munus
1061 3489 1156 3563 gessit

135 3552 278 3620 capellani
296 3556 332 3613 ed
354 3566 462 3617 nutum
479 3562 667 3638 anor-ibitis,
682 3575 779 3643 potest
797 3564 864 3643 ejus
881 3568 961 3627 filius
975 3567 1156 3645 illegitimus
