<?xml version="1.0" encoding="UTF-8"?>
<!DOCTYPE html PUBLIC "-//W3C//DTD XHTML 1.0 Transitional//EN"
    "http://www.w3.org/TR/xhtml1/DTD/xhtml1-transitional.dtd">
<html xmlns="http://www.w3.org/1999/xhtml" xml:lang="en" lang="en">
 <head>
  <title>
</title>
<meta http-equiv="Content-Type" content="text/html;charset=utf-8" />
  <meta name='ocr-system' content='tesseract 3.04.00' />
  <meta name='ocr-capabilities' content='ocr_page ocr_carea ocr_par ocr_line ocrx_word'/>
</head>
<body>
  <div class='ocr_page' id='page_1' title='image "./theologiamorali04heilgoog_0213.png"; bbox 0 0 2475 3975; ppageno 0'>
   <div class='ocr_carea' id='block_1_1' title="bbox 314 191 1099 276">
    <p class='ocr_par' dir='ltr' id='par_1_1' title="bbox 314 191 1099 276">
     <span class='ocr_line' id='line_1_1' title="bbox 314 191 1099 276; baseline 0.014 -26"><span class='ocrx_word' id='word_1_1' title='bbox 314 191 388 270; x_wconf 78' lang='lat' dir='ltr'><strong>sap.</strong></span> <span class='ocrx_word' id='word_1_2' title='bbox 402 191 431 252; x_wconf 93' lang='lat' dir='ltr'><strong>l.</strong></span> <span class='ocrx_word' id='word_1_3' title='bbox 444 193 490 253; x_wconf 87' lang='lat' dir='ltr'><strong>De</strong></span> <span class='ocrx_word' id='word_1_4' title='bbox 501 193 694 256; x_wconf 74' lang='lat' dir='ltr'><strong><em>sacramentis</em></strong></span> <span class='ocrx_word' id='word_1_5' title='bbox 713 193 747 254; x_wconf 86' lang='lat' dir='ltr'><strong>ia</strong></span> <span class='ocrx_word' id='word_1_6' title='bbox 763 212 875 276; x_wconf 74' lang='lat' dir='ltr'><strong>periere.</strong></span> <span class='ocrx_word' id='word_1_7' title='bbox 1043 201 1099 262; x_wconf 82' lang='lat' dir='ltr'><strong>tat</strong></span> 
     </span>
    </p>
   </div>
   <div class='ocr_carea' id='block_1_2' title="bbox 74 295 1105 3611">
    <p class='ocr_par' dir='ltr' id='par_1_2' title="bbox 74 295 1095 2847">
     <span class='ocr_line' id='line_1_2' title="bbox 86 295 1095 379; baseline 0 -18"><span class='ocrx_word' id='word_1_8' title='bbox 86 297 195 371; x_wconf 87' lang='lat' dir='ltr'><strong>nibus,</strong></span> <span class='ocrx_word' id='word_1_9' title='bbox 209 295 381 376; x_wconf 77' lang='lat' dir='ltr'><strong>punitentia</strong></span> <span class='ocrx_word' id='word_1_10' title='bbox 400 315 455 376; x_wconf 93' lang='lat' dir='ltr'><strong>pro</strong></span> <span class='ocrx_word' id='word_1_11' title='bbox 470 297 558 376; x_wconf 83' lang='lat' dir='ltr'><strong>lapsis</strong></span> <span class='ocrx_word' id='word_1_12' title='bbox 575 298 608 358; x_wconf 90' lang='lat' dir='ltr'><strong>in</strong></span> <span class='ocrx_word' id='word_1_13' title='bbox 630 299 774 372; x_wconf 76' lang='lat' dir='ltr'><strong>mortale,</strong></span> <span class='ocrx_word' id='word_1_14' title='bbox 792 309 823 360; x_wconf 91' lang='lat' dir='ltr'><strong>ct</strong></span> <span class='ocrx_word' id='word_1_15' title='bbox 837 297 910 360; x_wconf 90' lang='lat' dir='ltr'><strong>ordo</strong></span> <span class='ocrx_word' id='word_1_16' title='bbox 923 317 976 378; x_wconf 88' lang='lat' dir='ltr'><strong>pro</strong></span> <span class='ocrx_word' id='word_1_17' title='bbox 996 301 1032 362; x_wconf 90' lang='lat' dir='ltr'><strong>iis</strong></span> <span class='ocrx_word' id='word_1_18' title='bbox 1044 301 1095 379; x_wconf 86' lang='lat' dir='ltr'><strong>qui</strong></span> 
     </span>
     <span class='ocr_line' id='line_1_3' title="bbox 84 380 1094 462; baseline -0.001 -17"><span class='ocrx_word' id='word_1_19' title='bbox 84 392 269 445; x_wconf 86' lang='lat' dir='ltr'><strong>sacramenta</strong></span> <span class='ocrx_word' id='word_1_20' title='bbox 295 380 501 454; x_wconf 78' lang='lat' dir='ltr'><strong>Eucharistiae,</strong></span> <span class='ocrx_word' id='word_1_21' title='bbox 518 391 549 442; x_wconf 92' lang='lat' dir='ltr'><strong>et</strong></span> <span class='ocrx_word' id='word_1_22' title='bbox 575 385 758 462; x_wconf 77' lang='lat' dir='ltr'><strong>paenitentiae</strong></span> <span class='ocrx_word' id='word_1_23' title='bbox 776 385 947 445; x_wconf 88' lang='lat' dir='ltr'><strong>ministrant</strong></span> <span class='ocrx_word' id='word_1_24' title='bbox 971 406 980 444; x_wconf 76' lang='grc' dir='ltr'><strong>ι</strong></span> <span class='ocrx_word' id='word_1_25' title='bbox 1004 385 1094 446; x_wconf 87' lang='lat' dir='ltr'><strong>etiam</strong></span> 
     </span>
     <span class='ocr_line' id='line_1_4' title="bbox 84 464 1094 548; baseline 0.002 -21"><span class='ocrx_word' id='word_1_26' title='bbox 84 465 268 528; x_wconf 86' lang='lat' dir='ltr'><strong>Eucharistia</strong></span> <span class='ocrx_word' id='word_1_27' title='bbox 287 464 380 546; x_wconf 82' lang='lat' dir='ltr'><strong>(juxta</strong></span> <span class='ocrx_word' id='word_1_28' title='bbox 402 466 632 544; x_wconf 76' lang='lat' dir='ltr'><strong>probabiliorem</strong></span> <span class='ocrx_word' id='word_1_29' title='bbox 647 470 846 548; x_wconf 88' lang='lat' dir='ltr'><strong>seutentiam),</strong></span> <span class='ocrx_word' id='word_1_30' title='bbox 864 470 967 530; x_wconf 87' lang='lat' dir='ltr'><strong>saltem</strong></span> <span class='ocrx_word' id='word_1_31' title='bbox 980 469 1012 529; x_wconf 92' lang='lat' dir='ltr'><strong>in</strong></span> <span class='ocrx_word' id='word_1_32' title='bbox 1025 478 1094 529; x_wconf 89' lang='lat' dir='ltr'><strong>voto</strong></span> 
     </span>
     <span class='ocr_line' id='line_1_5' title="bbox 82 547 1094 634; baseline 0 -22"><span class='ocrx_word' id='word_1_33' title='bbox 82 551 231 629; x_wconf 87' lang='lat' dir='ltr'><strong>implicito</strong></span> <span class='ocrx_word' id='word_1_34' title='bbox 242 547 276 629; x_wconf 85' lang='lat' dir='ltr'><strong>(l.</strong></span> <span class='ocrx_word' id='word_1_35' title='bbox 290 555 321 612; x_wconf 95' lang='grc'><strong>6.</strong></span> <span class='ocrx_word' id='word_1_36' title='bbox 332 571 364 612; x_wconf 88' lang='lat' dir='ltr'><strong>a.</strong></span> <span class='ocrx_word' id='word_1_37' title='bbox 375 550 540 628; x_wconf 65' lang='lat' dir='ltr'><strong>tantillis</strong></span> <span class='ocrx_word' id='word_1_38' title='bbox 553 554 722 614; x_wconf 89' lang='lat' dir='ltr'><strong>necessitato</strong></span> <span class='ocrx_word' id='word_1_39' title='bbox 735 554 873 634; x_wconf 84' lang='lat' dir='ltr'><strong>praecepti</strong></span> <span class='ocrx_word' id='word_1_40' title='bbox 885 597 893 627; x_wconf 95' lang='lat'><strong>,</strong></span> <span class='ocrx_word' id='word_1_41' title='bbox 909 564 940 614; x_wconf 87' lang='lat' dir='ltr'><strong>ut</strong></span> <span class='ocrx_word' id='word_1_42' title='bbox 951 561 1020 613; x_wconf 89' lang='lat' dir='ltr'><strong>sunt</strong></span> <span class='ocrx_word' id='word_1_43' title='bbox 1030 571 1094 612; x_wconf 93' lang='lat' dir='ltr'><strong>con·</strong></span> 
     </span>
     <span class='ocr_line' id='line_1_6' title="bbox 83 635 1093 718; baseline 0.003 -23"><span class='ocrx_word' id='word_1_44' title='bbox 83 635 238 708; x_wconf 80' lang='lat' dir='ltr'><strong>firmatio,</strong></span> <span class='ocrx_word' id='word_1_45' title='bbox 249 635 333 712; x_wconf 85' lang='lat' dir='ltr'><strong>juxta</strong></span> <span class='ocrx_word' id='word_1_46' title='bbox 352 637 534 715; x_wconf 89' lang='lat' dir='ltr'><strong>probabilem</strong></span> <span class='ocrx_word' id='word_1_47' title='bbox 558 639 755 712; x_wconf 88' lang='lat' dir='ltr'><strong>sententiam,</strong></span> <span class='ocrx_word' id='word_1_48' title='bbox 779 638 847 699; x_wconf 71' lang='lat' dir='ltr'><strong>licet</strong></span> <span class='ocrx_word' id='word_1_49' title='bbox 867 640 1000 718; x_wconf 87' lang='lat' dir='ltr'><strong>opposita</strong></span> <span class='ocrx_word' id='word_1_50' title='bbox 1013 638 1093 698; x_wconf 84' lang='lat' dir='ltr'><strong>Neo.</strong></span> 
     </span>
     <span class='ocr_line' id='line_1_7' title="bbox 80 719 1092 805; baseline 0 -24"><span class='ocrx_word' id='word_1_51' title='bbox 80 721 176 781; x_wconf 78' lang='lat' dir='ltr'><strong>Suae.</strong></span> <span class='ocrx_word' id='word_1_52' title='bbox 189 719 271 794; x_wconf 82' lang='lat' dir='ltr'><strong>Soti,</strong></span> <span class='ocrx_word' id='word_1_53' title='bbox 285 723 390 801; x_wconf 77' lang='lat' dir='ltr'><strong>Lapara.</strong></span> <span class='ocrx_word' id='word_1_54' title='bbox 402 725 493 784; x_wconf 78' lang='lat' dir='ltr'><strong>aaa.</strong></span> <span class='ocrx_word' id='word_1_55' title='bbox 512 723 651 803; x_wconf 76' lang='lat' dir='ltr'><strong>Wipaat,</strong></span> <span class='ocrx_word' id='word_1_56' title='bbox 665 742 701 784; x_wconf 83' lang='lat' dir='ltr'><strong>ea</strong></span> <span class='ocrx_word' id='word_1_57' title='bbox 715 726 755 784; x_wconf 87' lang='lat' dir='ltr'><strong>D.</strong></span> <span class='ocrx_word' id='word_1_58' title='bbox 773 723 827 786; x_wconf 80' lang='lat' dir='ltr'><strong>Th.</strong></span> <span class='ocrx_word' id='word_1_59' title='bbox 848 723 893 804; x_wconf 82' lang='lat' dir='ltr'><strong>(ia</strong></span> <span class='ocrx_word' id='word_1_60' title='bbox 909 727 939 784; x_wconf 78' lang='lat'><strong>5.</strong></span> <span class='ocrx_word' id='word_1_61' title='bbox 952 742 986 805; x_wconf 85' lang='lat' dir='ltr'><strong>p.</strong></span> <span class='ocrx_word' id='word_1_62' title='bbox 1001 740 1032 804; x_wconf 84' lang='lat' dir='ltr'><strong>q.</strong></span> <span class='ocrx_word' id='word_1_63' title='bbox 1044 725 1092 782; x_wconf 72' lang='lat'><strong>72.</strong></span> 
     </span>
     <span class='ocr_line' id='line_1_8' title="bbox 82 802 1093 887; baseline 0.002 -21"><span class='ocrx_word' id='word_1_64' title='bbox 82 811 146 866; x_wconf 89' lang='lat' dir='ltr'><strong>art.</strong></span> <span class='ocrx_word' id='word_1_65' title='bbox 163 802 207 883; x_wconf 84' lang='lat'><strong>8.)</strong></span> <span class='ocrx_word' id='word_1_66' title='bbox 222 814 252 865; x_wconf 93' lang='lat' dir='ltr'><strong>et</strong></span> <span class='ocrx_word' id='word_1_67' title='bbox 266 807 393 868; x_wconf 89' lang='lat' dir='ltr'><strong>aliorum</strong></span> <span class='ocrx_word' id='word_1_68' title='bbox 408 811 496 869; x_wconf 87' lang='lat' dir='ltr'><strong>etiam</strong></span> <span class='ocrx_word' id='word_1_69' title='bbox 511 808 549 869; x_wconf 86' lang='lat' dir='ltr'><strong>sit</strong></span> <span class='ocrx_word' id='word_1_70' title='bbox 568 809 729 886; x_wconf 90' lang='lat' dir='ltr'><strong>probabilis</strong></span> <span class='ocrx_word' id='word_1_71' title='bbox 741 805 775 887; x_wconf 75' lang='lat' dir='ltr'><strong>ll.</strong></span> <span class='ocrx_word' id='word_1_72' title='bbox 790 811 820 868; x_wconf 91' lang='grc'><strong>6.</strong></span> <span class='ocrx_word' id='word_1_73' title='bbox 834 829 867 869; x_wconf 88' lang='lat' dir='ltr'><strong>a.</strong></span> <span class='ocrx_word' id='word_1_74' title='bbox 887 807 980 886; x_wconf 79' lang='grc'><strong>181.)</strong></span> <span class='ocrx_word' id='word_1_75' title='bbox 995 817 1026 870; x_wconf 90' lang='grc' dir='ltr'><strong>ει</strong></span> <span class='ocrx_word' id='word_1_76' title='bbox 1043 825 1093 868; x_wconf 81' lang='lat' dir='ltr'><strong>ex·</strong></span> 
     </span>
     <span class='ocr_line' id='line_1_9' title="bbox 80 890 1094 971; baseline -0.001 -19"><span class='ocrx_word' id='word_1_77' title='bbox 80 900 180 952; x_wconf 86' lang='lat' dir='ltr'><strong>trema</strong></span> <span class='ocrx_word' id='word_1_78' title='bbox 194 891 311 961; x_wconf 89' lang='lat' dir='ltr'><strong>unctio,</strong></span> <span class='ocrx_word' id='word_1_79' title='bbox 326 890 411 968; x_wconf 85' lang='lat' dir='ltr'><strong>juxta</strong></span> <span class='ocrx_word' id='word_1_80' title='bbox 424 893 656 971; x_wconf 80' lang='lat' dir='ltr'><strong>probabiliorem</strong></span> <span class='ocrx_word' id='word_1_81' title='bbox 677 894 870 969; x_wconf 83' lang='lat' dir='ltr'><strong>sententiam,</strong></span> <span class='ocrx_word' id='word_1_82' title='bbox 892 892 1016 955; x_wconf 81' lang='lat' dir='ltr'><strong>omninb</strong></span> <span class='ocrx_word' id='word_1_83' title='bbox 1027 911 1094 951; x_wconf 91' lang='lat' dir='ltr'><strong>sua-</strong></span> 
     </span>
     <span class='ocr_line' id='line_1_10' title="bbox 79 975 1091 1056; baseline -0.003 -18"><span class='ocrx_word' id='word_1_84' title='bbox 79 975 211 1038; x_wconf 84' lang='lat' dir='ltr'><strong>dendam</strong></span> <span class='ocrx_word' id='word_1_85' title='bbox 228 976 272 1056; x_wconf 89' lang='lat' dir='ltr'><strong>(n.</strong></span> <span class='ocrx_word' id='word_1_86' title='bbox 284 977 375 1056; x_wconf 81' lang='grc'><strong>755.)</strong></span> <span class='ocrx_word' id='word_1_87' title='bbox 389 978 540 1056; x_wconf 79' lang='lat' dir='ltr'><strong>Secundi,</strong></span> <span class='ocrx_word' id='word_1_88' title='bbox 565 980 621 1038; x_wconf 89' lang='lat' dir='ltr'><strong>alia</strong></span> <span class='ocrx_word' id='word_1_89' title='bbox 641 987 710 1039; x_wconf 89' lang='lat' dir='ltr'><strong>suut</strong></span> <span class='ocrx_word' id='word_1_90' title='bbox 723 988 903 1038; x_wconf 89' lang='lat' dir='ltr'><strong>sacramenta</strong></span> <span class='ocrx_word' id='word_1_91' title='bbox 924 975 1091 1052; x_wconf 83' lang='lat' dir='ltr'><strong>iterabilia,</strong></span> 
     </span>
     <span class='ocr_line' id='line_1_11' title="bbox 79 1060 1093 1142; baseline -0.004 -19"><span class='ocrx_word' id='word_1_92' title='bbox 79 1069 118 1123; x_wconf 87' lang='lat' dir='ltr'><strong>ut</strong></span> <span class='ocrx_word' id='word_1_93' title='bbox 140 1060 345 1136; x_wconf 74' lang='lat' dir='ltr'><strong>Eucharistiae,</strong></span> <span class='ocrx_word' id='word_1_94' title='bbox 366 1063 559 1142; x_wconf 70' lang='lat' dir='ltr'><strong>paenitentia,</strong></span> <span class='ocrx_word' id='word_1_95' title='bbox 578 1073 710 1124; x_wconf 83' lang='lat' dir='ltr'><strong>extrema</strong></span> <span class='ocrx_word' id='word_1_96' title='bbox 737 1064 838 1124; x_wconf 92' lang='lat' dir='ltr'><strong>unctio</strong></span> <span class='ocrx_word' id='word_1_97' title='bbox 857 1107 865 1136; x_wconf 94' lang='lat'><strong>,</strong></span> <span class='ocrx_word' id='word_1_98' title='bbox 883 1072 913 1123; x_wconf 86' lang='lat' dir='ltr'><strong>et</strong></span> <span class='ocrx_word' id='word_1_99' title='bbox 941 1062 1093 1121; x_wconf 88' lang='lat' dir='ltr'><strong>matrimo-</strong></span> 
     </span>
     <span class='ocr_line' id='line_1_12' title="bbox 79 1144 1095 1228; baseline -0.006 -21"><span class='ocrx_word' id='word_1_100' title='bbox 79 1147 190 1224; x_wconf 80' lang='lat' dir='ltr'><strong>nium3</strong></span> <span class='ocrx_word' id='word_1_101' title='bbox 206 1146 261 1205; x_wconf 91' lang='lat' dir='ltr'><strong>alia</strong></span> <span class='ocrx_word' id='word_1_102' title='bbox 271 1156 340 1208; x_wconf 89' lang='lat' dir='ltr'><strong>sunt</strong></span> <span class='ocrx_word' id='word_1_103' title='bbox 351 1145 555 1221; x_wconf 82' lang='lat' dir='ltr'><strong>initerobilia,</strong></span> <span class='ocrx_word' id='word_1_104' title='bbox 577 1158 612 1208; x_wconf 91' lang='lat' dir='ltr'><strong>ut</strong></span> <span class='ocrx_word' id='word_1_105' title='bbox 626 1148 811 1228; x_wconf 84' lang='lat' dir='ltr'><strong>baptismus,</strong></span> <span class='ocrx_word' id='word_1_106' title='bbox 833 1144 1040 1214; x_wconf 85' lang='lat' dir='ltr'><strong>confirmatio,</strong></span> <span class='ocrx_word' id='word_1_107' title='bbox 1064 1149 1095 1203; x_wconf 89' lang='grc' dir='ltr'><strong>ει</strong></span> 
     </span>
     <span class='ocr_line' id='line_1_13' title="bbox 79 1229 1092 1312; baseline -0.003 -20"><span class='ocrx_word' id='word_1_108' title='bbox 79 1231 313 1312; x_wconf 86' lang='lat' dir='ltr'><strong>ordo,propte1·</strong></span> <span class='ocrx_word' id='word_1_109' title='bbox 336 1231 551 1305; x_wconf 81' lang='lat' dir='ltr'><strong>characterem,</strong></span> <span class='ocrx_word' id='word_1_110' title='bbox 574 1252 663 1312; x_wconf 89' lang='lat' dir='ltr'><strong>quem</strong></span> <span class='ocrx_word' id='word_1_111' title='bbox 682 1233 883 1293; x_wconf 87' lang='lat' dir='ltr'><strong>indelebiliter</strong></span> <span class='ocrx_word' id='word_1_112' title='bbox 904 1229 1092 1309; x_wconf 87' lang='lat' dir='ltr'><strong>imprimunt.</strong></span> 
     </span>
     <span class='ocr_line' id='line_1_14' title="bbox 83 1315 1093 1396; baseline -0.001 -20"><span class='ocrx_word' id='word_1_113' title='bbox 83 1315 205 1390; x_wconf 80' lang='lat' dir='ltr'><strong>Tertio,</strong></span> <span class='ocrx_word' id='word_1_114' title='bbox 224 1316 281 1378; x_wconf 87' lang='lat' dir='ltr'><strong>alia</strong></span> <span class='ocrx_word' id='word_1_115' title='bbox 298 1326 368 1378; x_wconf 89' lang='lat' dir='ltr'><strong>sunt</strong></span> <span class='ocrx_word' id='word_1_116' title='bbox 385 1327 563 1380; x_wconf 86' lang='lat' dir='ltr'><strong>sacramenta</strong></span> <span class='ocrx_word' id='word_1_117' title='bbox 582 1327 787 1391; x_wconf 84' lang='lat' dir='ltr'><strong>mortuoram,</strong></span> <span class='ocrx_word' id='word_1_118' title='bbox 807 1327 841 1378; x_wconf 87' lang='lat' dir='ltr'><strong>ut</strong></span> <span class='ocrx_word' id='word_1_119' title='bbox 863 1317 1044 1396; x_wconf 89' lang='lat' dir='ltr'><strong>baptismus,</strong></span> <span class='ocrx_word' id='word_1_120' title='bbox 1063 1322 1093 1375; x_wconf 89' lang='lat' dir='ltr'><strong>et</strong></span> 
     </span>
     <span class='ocr_line' id='line_1_15' title="bbox 77 1400 1092 1482; baseline -0.003 -23"><span class='ocrx_word' id='word_1_121' title='bbox 77 1400 276 1480; x_wconf 88' lang='lat' dir='ltr'><strong>poenitcutia,</strong></span> <span class='ocrx_word' id='word_1_122' title='bbox 296 1404 367 1480; x_wconf 88' lang='lat' dir='ltr'><strong>quia</strong></span> <span class='ocrx_word' id='word_1_123' title='bbox 389 1404 518 1482; x_wconf 91' lang='lat' dir='ltr'><strong>primam</strong></span> <span class='ocrx_word' id='word_1_124' title='bbox 540 1404 698 1462; x_wconf 79' lang='lat' dir='ltr'><strong>conterant</strong></span> <span class='ocrx_word' id='word_1_125' title='bbox 723 1404 849 1480; x_wconf 83' lang='lat' dir='ltr'><strong>gratiam</strong></span> <span class='ocrx_word' id='word_1_126' title='bbox 867 1411 895 1462; x_wconf 90' lang='lat' dir='ltr'><strong>et</strong></span> <span class='ocrx_word' id='word_1_127' title='bbox 920 1406 1092 1477; x_wconf 90' lang='lat' dir='ltr'><strong>supponunt</strong></span> 
     </span>
     <span class='ocr_line' id='line_1_16' title="bbox 77 1482 1091 1567; baseline -0.007 -19"><span class='ocrx_word' id='word_1_128' title='bbox 77 1485 212 1548; x_wconf 89' lang='lat' dir='ltr'><strong>animam</strong></span> <span class='ocrx_word' id='word_1_129' title='bbox 229 1497 397 1560; x_wconf 89' lang='lat' dir='ltr'><strong>mortuam,</strong></span> <span class='ocrx_word' id='word_1_130' title='bbox 416 1487 449 1548; x_wconf 91' lang='lat' dir='ltr'><strong>id</strong></span> <span class='ocrx_word' id='word_1_131' title='bbox 471 1497 516 1548; x_wconf 97' lang='grc' dir='ltr'><strong>εει</strong></span> <span class='ocrx_word' id='word_1_132' title='bbox 538 1489 633 1567; x_wconf 80' lang='lat' dir='ltr'><strong>gratia</strong></span> <span class='ocrx_word' id='word_1_133' title='bbox 660 1498 807 1550; x_wconf 87' lang='lat' dir='ltr'><strong>carentem</strong></span> <span class='ocrx_word' id='word_1_134' title='bbox 831 1509 840 1546; x_wconf 91' lang='lat'><strong>:</strong></span> <span class='ocrx_word' id='word_1_135' title='bbox 864 1488 920 1547; x_wconf 90' lang='lat' dir='ltr'><strong>alia</strong></span> <span class='ocrx_word' id='word_1_136' title='bbox 936 1482 1091 1555; x_wconf 83' lang='lat' dir='ltr'><strong>vivorum,</strong></span> 
     </span>
     <span class='ocr_line' id='line_1_17' title="bbox 77 1569 1091 1653; baseline -0.001 -24"><span class='ocrx_word' id='word_1_137' title='bbox 77 1590 150 1651; x_wconf 77' lang='lat' dir='ltr'><strong>qua</strong></span> <span class='ocrx_word' id='word_1_138' title='bbox 173 1572 330 1653; x_wconf 90' lang='lat' dir='ltr'><strong>aliquando</strong></span> <span class='ocrx_word' id='word_1_139' title='bbox 352 1591 407 1653; x_wconf 92' lang='lat' dir='ltr'><strong>per</strong></span> <span class='ocrx_word' id='word_1_140' title='bbox 424 1575 558 1634; x_wconf 90' lang='lat' dir='ltr'><strong>accidens</strong></span> <span class='ocrx_word' id='word_1_141' title='bbox 581 1575 654 1634; x_wconf 88' lang='lat' dir='ltr'><strong>dant</strong></span> <span class='ocrx_word' id='word_1_142' title='bbox 677 1573 765 1634; x_wconf 90' lang='lat' dir='ltr'><strong>etiam</strong></span> <span class='ocrx_word' id='word_1_143' title='bbox 787 1572 915 1652; x_wconf 87' lang='lat' dir='ltr'><strong>primam</strong></span> <span class='ocrx_word' id='word_1_144' title='bbox 944 1569 1091 1648; x_wconf 80' lang='lat' dir='ltr'><strong>gratiam,</strong></span> 
     </span>
     <span class='ocr_line' id='line_1_18' title="bbox 76 1653 1092 1737; baseline -0.005 -19"><span class='ocrx_word' id='word_1_145' title='bbox 76 1653 227 1718; x_wconf 83' lang='lat' dir='ltr'><strong>nimirirm</strong></span> <span class='ocrx_word' id='word_1_146' title='bbox 246 1677 312 1721; x_wconf 88' lang='lat' dir='ltr'><strong>casu</strong></span> <span class='ocrx_word' id='word_1_147' title='bbox 325 1676 384 1736; x_wconf 91' lang='lat' dir='ltr'><strong>quo</strong></span> <span class='ocrx_word' id='word_1_148' title='bbox 396 1659 502 1737; x_wconf 88' lang='lat' dir='ltr'><strong>aliquis</strong></span> <span class='ocrx_word' id='word_1_149' title='bbox 521 1660 662 1732; x_wconf 89' lang='lat' dir='ltr'><strong>attritus,</strong></span> <span class='ocrx_word' id='word_1_150' title='bbox 681 1659 758 1720; x_wconf 74' lang='lat' dir='ltr'><strong>boni</strong></span> <span class='ocrx_word' id='word_1_151' title='bbox 773 1659 832 1719; x_wconf 88' lang='lat' dir='ltr'><strong>lide</strong></span> <span class='ocrx_word' id='word_1_152' title='bbox 851 1667 957 1736; x_wconf 87' lang='lat' dir='ltr'><strong>putans</strong></span> <span class='ocrx_word' id='word_1_153' title='bbox 976 1672 1007 1715; x_wconf 89' lang='lat' dir='ltr'><strong>se</strong></span> <span class='ocrx_word' id='word_1_154' title='bbox 1021 1672 1092 1714; x_wconf 93' lang='lat' dir='ltr'><strong>con-</strong></span> 
     </span>
     <span class='ocr_line' id='line_1_19' title="bbox 75 1742 1090 1824; baseline -0.005 -22"><span class='ocrx_word' id='word_1_155' title='bbox 75 1743 209 1814; x_wconf 86' lang='lat' dir='ltr'><strong>tritum,</strong></span> <span class='ocrx_word' id='word_1_156' title='bbox 225 1743 275 1804; x_wconf 89' lang='lat' dir='ltr'><strong>illa</strong></span> <span class='ocrx_word' id='word_1_157' title='bbox 291 1744 434 1822; x_wconf 86' lang='lat' dir='ltr'><strong>suscipit,</strong></span> <span class='ocrx_word' id='word_1_158' title='bbox 448 1753 482 1803; x_wconf 87' lang='lat' dir='ltr'><strong>ut</strong></span> <span class='ocrx_word' id='word_1_159' title='bbox 503 1744 609 1805; x_wconf 87' lang='lat' dir='ltr'><strong>docent</strong></span> <span class='ocrx_word' id='word_1_160' title='bbox 632 1745 824 1822; x_wconf 86' lang='lat' dir='ltr'><strong>probabiliter</strong></span> <span class='ocrx_word' id='word_1_161' title='bbox 835 1747 936 1824; x_wconf 73' lang='lat' dir='ltr'><strong>Lupo,</strong></span> <span class='ocrx_word' id='word_1_162' title='bbox 953 1742 1090 1813; x_wconf 83' lang='lat' dir='ltr'><strong>Saarcz,</strong></span> 
     </span>
     <span class='ocr_line' id='line_1_20' title="bbox 78 1822 1090 1908; baseline -0.007 -17"><span class='ocrx_word' id='word_1_163' title='bbox 78 1833 158 1891; x_wconf 84' lang='lat' dir='ltr'><strong>Con.</strong></span> <span class='ocrx_word' id='word_1_164' title='bbox 183 1825 250 1907; x_wconf 80' lang='lat' dir='ltr'><strong>Caj.</strong></span> <span class='ocrx_word' id='word_1_165' title='bbox 268 1827 374 1899; x_wconf 79' lang='lat' dir='ltr'><strong>Graia,</strong></span> <span class='ocrx_word' id='word_1_166' title='bbox 394 1823 487 1892; x_wconf 80' lang='lat' dir='ltr'><strong>sata.</strong></span> <span class='ocrx_word' id='word_1_167' title='bbox 512 1829 644 1908; x_wconf 81' lang='lat' dir='ltr'><strong>Castrop.</strong></span> <span class='ocrx_word' id='word_1_168' title='bbox 667 1837 697 1888; x_wconf 89' lang='grc' dir='ltr'><strong>ει</strong></span> <span class='ocrx_word' id='word_1_169' title='bbox 719 1829 769 1886; x_wconf 92' lang='lat' dir='ltr'><strong>alii</strong></span> <span class='ocrx_word' id='word_1_170' title='bbox 790 1828 889 1904; x_wconf 87' lang='lat' dir='ltr'><strong>plures</strong></span> <span class='ocrx_word' id='word_1_171' title='bbox 907 1845 944 1886; x_wconf 88' lang='lat' dir='ltr'><strong>ex</strong></span> <span class='ocrx_word' id='word_1_172' title='bbox 964 1827 1004 1884; x_wconf 90' lang='lat' dir='ltr'><strong>D.</strong></span> <span class='ocrx_word' id='word_1_173' title='bbox 1022 1822 1090 1896; x_wconf 68' lang='lat' dir='ltr'><strong>Th„</strong></span> 
     </span>
     <span class='ocr_line' id='line_1_21' title="bbox 74 1909 1089 1993; baseline -0.002 -19"><span class='ocrx_word' id='word_1_174' title='bbox 74 1911 286 1982; x_wconf 88' lang='lat' dir='ltr'><strong>contraalios,</strong></span> <span class='ocrx_word' id='word_1_175' title='bbox 300 1929 336 1974; x_wconf 86' lang='lat' dir='ltr'><strong>ex</strong></span> <span class='ocrx_word' id='word_1_176' title='bbox 360 1913 511 1972; x_wconf 89' lang='lat' dir='ltr'><strong>communi</strong></span> <span class='ocrx_word' id='word_1_177' title='bbox 537 1910 570 1993; x_wconf 83' lang='lat' dir='ltr'><strong>(t.</strong></span> <span class='ocrx_word' id='word_1_178' title='bbox 591 1916 622 1973; x_wconf 88' lang='grc'><strong>6.</strong></span> <span class='ocrx_word' id='word_1_179' title='bbox 643 1931 676 1973; x_wconf 86' lang='lat' dir='ltr'><strong>a.</strong></span> <span class='ocrx_word' id='word_1_180' title='bbox 698 1912 772 1991; x_wconf 88' lang='lat'><strong>87.).</strong></span> <span class='ocrx_word' id='word_1_181' title='bbox 790 1913 920 1989; x_wconf 81' lang='lat' dir='ltr'><strong>Quarto,</strong></span> <span class='ocrx_word' id='word_1_182' title='bbox 942 1909 999 1969; x_wconf 89' lang='lat' dir='ltr'><strong>alia</strong></span> <span class='ocrx_word' id='word_1_183' title='bbox 1021 1917 1089 1972; x_wconf 84' lang='lat' dir='ltr'><strong>sunt</strong></span> 
     </span>
     <span class='ocr_line' id='line_1_22' title="bbox 74 1993 1091 2081; baseline -0.01 -19"><span class='ocrx_word' id='word_1_184' title='bbox 74 2001 235 2081; x_wconf 72' lang='lat' dir='ltr'><strong>formata,</strong></span> <span class='ocrx_word' id='word_1_185' title='bbox 250 1997 282 2060; x_wconf 92' lang='lat' dir='ltr'><strong>id</strong></span> <span class='ocrx_word' id='word_1_186' title='bbox 297 2006 342 2059; x_wconf 89' lang='grc' dir='ltr'><strong>εει</strong></span> <span class='ocrx_word' id='word_1_187' title='bbox 364 2018 432 2059; x_wconf 90' lang='lat' dir='ltr'><strong>cum</strong></span> <span class='ocrx_word' id='word_1_188' title='bbox 452 2000 557 2061; x_wconf 85' lang='lat' dir='ltr'><strong>ellectu</strong></span> <span class='ocrx_word' id='word_1_189' title='bbox 578 2000 700 2080; x_wconf 80' lang='lat' dir='ltr'><strong>gratiae,</strong></span> <span class='ocrx_word' id='word_1_190' title='bbox 718 1999 774 2057; x_wconf 90' lang='lat' dir='ltr'><strong>alia</strong></span> <span class='ocrx_word' id='word_1_191' title='bbox 788 1995 956 2079; x_wconf 68' lang='lat' dir='ltr'><strong>informia,</strong></span> <span class='ocrx_word' id='word_1_192' title='bbox 981 1993 1091 2054; x_wconf 85' lang='lat' dir='ltr'><strong>scilicet</strong></span> 
     </span>
     <span class='ocr_line' id='line_1_23' title="bbox 75 2082 1090 2168; baseline -0.013 -19"><span class='ocrx_word' id='word_1_193' title='bbox 75 2088 145 2149; x_wconf 89' lang='lat' dir='ltr'><strong>sine</strong></span> <span class='ocrx_word' id='word_1_194' title='bbox 159 2084 314 2146; x_wconf 88' lang='lat' dir='ltr'><strong>collatione</strong></span> <span class='ocrx_word' id='word_1_195' title='bbox 331 2086 457 2168; x_wconf 77' lang='lat' dir='ltr'><strong>gratiae,</strong></span> <span class='ocrx_word' id='word_1_196' title='bbox 473 2106 539 2163; x_wconf 85' lang='lat' dir='ltr'><strong>quae</strong></span> <span class='ocrx_word' id='word_1_197' title='bbox 556 2095 601 2147; x_wconf 85' lang='lat' dir='ltr'><strong>est</strong></span> <span class='ocrx_word' id='word_1_198' title='bbox 615 2084 791 2146; x_wconf 84' lang='lat' dir='ltr'><strong>sacramenti</strong></span> <span class='ocrx_word' id='word_1_199' title='bbox 808 2084 914 2143; x_wconf 82' lang='lat' dir='ltr'><strong>forma.</strong></span> <span class='ocrx_word' id='word_1_200' title='bbox 927 2082 973 2144; x_wconf 80' lang='lat' dir='ltr'><strong>An</strong></span> <span class='ocrx_word' id='word_1_201' title='bbox 991 2087 1090 2142; x_wconf 87' lang='lat' dir='ltr'><strong>autem</strong></span> 
     </span>
     <span class='ocr_line' id='line_1_24' title="bbox 76 2162 1092 2249; baseline -0.011 -13"><span class='ocrx_word' id='word_1_202' title='bbox 76 2175 170 2235; x_wconf 83' lang='lat' dir='ltr'><strong>detur</strong></span> <span class='ocrx_word' id='word_1_203' title='bbox 192 2178 408 2233; x_wconf 87' lang='lat' dir='ltr'><strong>sacramentum</strong></span> <span class='ocrx_word' id='word_1_204' title='bbox 432 2173 612 2249; x_wconf 71' lang='lat' dir='ltr'><strong>poeniteutiae</strong></span> <span class='ocrx_word' id='word_1_205' title='bbox 636 2170 768 2229; x_wconf 80' lang='lat' dir='ltr'><strong>validum</strong></span> <span class='ocrx_word' id='word_1_206' title='bbox 790 2176 819 2227; x_wconf 86' lang='lat' dir='ltr'><strong>ot</strong></span> <span class='ocrx_word' id='word_1_207' title='bbox 837 2166 981 2235; x_wconf 78' lang='lat' dir='ltr'><strong>informe,</strong></span> <span class='ocrx_word' id='word_1_208' title='bbox 998 2162 1031 2221; x_wconf 92' lang='lat' dir='ltr'><strong>id</strong></span> <span class='ocrx_word' id='word_1_209' title='bbox 1047 2168 1092 2225; x_wconf 75' lang='lat' dir='ltr'><strong>cst</strong></span> 
     </span>
     <span class='ocr_line' id='line_1_25' title="bbox 76 2246 1090 2338; baseline -0.016 -17"><span class='ocrx_word' id='word_1_210' title='bbox 76 2261 147 2321; x_wconf 86' lang='lat' dir='ltr'><strong>siaa</strong></span> <span class='ocrx_word' id='word_1_211' title='bbox 160 2256 272 2335; x_wconf 84' lang='lat' dir='ltr'><strong>gratia,</strong></span> <span class='ocrx_word' id='word_1_212' title='bbox 286 2256 336 2315; x_wconf 90' lang='lat' dir='ltr'><strong>alii</strong></span> <span class='ocrx_word' id='word_1_213' title='bbox 354 2265 463 2338; x_wconf 77' lang='lat' dir='ltr'><strong>negant</strong></span> <span class='ocrx_word' id='word_1_214' title='bbox 474 2276 484 2331; x_wconf 88' lang='lat'>;</span> <span class='ocrx_word' id='word_1_215' title='bbox 497 2256 547 2316; x_wconf 90' lang='lat' dir='ltr'><strong>scd</strong></span> <span class='ocrx_word' id='word_1_216' title='bbox 565 2247 933 2325; x_wconf 82' lang='lat' dir='ltr'><strong>communiter,etverii1s</strong></span> <span class='ocrx_word' id='word_1_217' title='bbox 949 2248 998 2308; x_wconf 90' lang='lat' dir='ltr'><strong>alii</strong></span> <span class='ocrx_word' id='word_1_218' title='bbox 1011 2246 1090 2307; x_wconf 85' lang='lat' dir='ltr'><strong>affir-</strong></span> 
     </span>
     <span class='ocr_line' id='line_1_26' title="bbox 77 2330 1089 2418; baseline -0.01 -17"><span class='ocrx_word' id='word_1_219' title='bbox 77 2348 177 2407; x_wconf 87' lang='lat' dir='ltr'><strong>mant.</strong></span> <span class='ocrx_word' id='word_1_220' title='bbox 190 2340 279 2399; x_wconf 80' lang='lat' dir='ltr'><strong>Casus</strong></span> <span class='ocrx_word' id='word_1_221' title='bbox 289 2347 364 2400; x_wconf 89' lang='lat' dir='ltr'><strong>esset</strong></span> <span class='ocrx_word' id='word_1_222' title='bbox 380 2336 523 2401; x_wconf 80' lang='lat' dir='ltr'><strong>nimiriim</strong></span> <span class='ocrx_word' id='word_1_223' title='bbox 538 2339 561 2399; x_wconf 92' lang='lat' dir='ltr'><strong>si</strong></span> <span class='ocrx_word' id='word_1_224' title='bbox 577 2340 643 2418; x_wconf 88' lang='lat' dir='ltr'><strong>quis</strong></span> <span class='ocrx_word' id='word_1_225' title='bbox 662 2339 805 2416; x_wconf 89' lang='lat' dir='ltr'><strong>acciperet</strong></span> <span class='ocrx_word' id='word_1_226' title='bbox 820 2336 1033 2397; x_wconf 89' lang='lat' dir='ltr'><strong>absolutionem</strong></span> <span class='ocrx_word' id='word_1_227' title='bbox 1051 2330 1089 2391; x_wconf 91' lang='lat' dir='ltr'><strong>ab</strong></span> 
     </span>
     <span class='ocr_line' id='line_1_27' title="bbox 80 2422 1087 2508; baseline -0.009 -17"><span class='ocrx_word' id='word_1_228' title='bbox 80 2431 181 2506; x_wconf 85' lang='lat' dir='ltr'><strong>aliquo</strong></span> <span class='ocrx_word' id='word_1_229' title='bbox 201 2426 320 2488; x_wconf 89' lang='lat' dir='ltr'><strong>mortali</strong></span> <span class='ocrx_word' id='word_1_230' title='bbox 351 2435 467 2508; x_wconf 85' lang='lat' dir='ltr'><strong>peccato</strong></span> <span class='ocrx_word' id='word_1_231' title='bbox 492 2445 558 2485; x_wconf 91' lang='lat' dir='ltr'><strong>cum</strong></span> <span class='ocrx_word' id='word_1_232' title='bbox 582 2426 734 2486; x_wconf 90' lang='lat' dir='ltr'><strong>attritione</strong></span> <span class='ocrx_word' id='word_1_233' title='bbox 750 2434 887 2504; x_wconf 86' lang='lat' dir='ltr'><strong>concepta</strong></span> <span class='ocrx_word' id='word_1_234' title='bbox 912 2422 1027 2485; x_wconf 79' lang='lat' dir='ltr'><strong>tantam</strong></span> <span class='ocrx_word' id='word_1_235' title='bbox 1050 2441 1087 2482; x_wconf 87' lang='lat' dir='ltr'><strong>ex</strong></span> 
     </span>
     <span class='ocr_line' id='line_1_28' title="bbox 79 2510 1087 2593; baseline -0.004 -18"><span class='ocrx_word' id='word_1_236' title='bbox 79 2513 267 2593; x_wconf 87' lang='lat' dir='ltr'><strong>turpitudine</strong></span> <span class='ocrx_word' id='word_1_237' title='bbox 283 2514 499 2593; x_wconf 85' lang='lat' dir='ltr'><strong>supernaturali</strong></span> <span class='ocrx_word' id='word_1_238' title='bbox 529 2514 609 2573; x_wconf 87' lang='lat' dir='ltr'><strong>illius</strong></span> <span class='ocrx_word' id='word_1_239' title='bbox 631 2514 766 2592; x_wconf 88' lang='lat' dir='ltr'><strong>peccati,</strong></span> <span class='ocrx_word' id='word_1_240' title='bbox 788 2520 818 2573; x_wconf 90' lang='lat' dir='ltr'><strong>ct</strong></span> <span class='ocrx_word' id='word_1_241' title='bbox 845 2530 912 2571; x_wconf 92' lang='lat' dir='ltr'><strong>cum</strong></span> <span class='ocrx_word' id='word_1_242' title='bbox 937 2510 1087 2571; x_wconf 87' lang='lat' dir='ltr'><strong>oblivione</strong></span> 
     </span>
     <span class='ocr_line' id='line_1_29' title="bbox 80 2592 1087 2677; baseline -0.01 -12"><span class='ocrx_word' id='word_1_243' title='bbox 80 2599 253 2677; x_wconf 87' lang='lat' dir='ltr'><strong>inculpabili</strong></span> <span class='ocrx_word' id='word_1_244' title='bbox 275 2599 396 2659; x_wconf 86' lang='lat' dir='ltr'><strong>alterius</strong></span> <span class='ocrx_word' id='word_1_245' title='bbox 414 2598 523 2677; x_wconf 84' lang='lat' dir='ltr'><strong>peccati</strong></span> <span class='ocrx_word' id='word_1_246' title='bbox 543 2592 688 2658; x_wconf 81' lang='lat' dir='ltr'><strong>mortalis.</strong></span> <span class='ocrx_word' id='word_1_247' title='bbox 710 2595 784 2675; x_wconf 21' lang='lat' dir='ltr'><strong>(Qwat</strong></span> <span class='ocrx_word' id='word_1_248' title='bbox 806 2594 871 2657; x_wconf 81' lang='lat' dir='ltr'><strong>vait</strong></span> <span class='ocrx_word' id='word_1_249' title='bbox 892 2595 988 2655; x_wconf 84' lang='lat' dir='ltr'><strong>aiciere</strong></span> <span class='ocrx_word' id='word_1_250' title='bbox 1010 2594 1087 2655; x_wconf 88' lang='lat' dir='ltr'><strong>heac</strong></span> 
     </span>
     <span class='ocr_line' id='line_1_30' title="bbox 79 2676 1084 2768; baseline -0.013 -18"><span class='ocrx_word' id='word_1_251' title='bbox 79 2685 271 2768; x_wconf 75' lang='lat' dir='ltr'><strong>questionem</strong></span> <span class='ocrx_word' id='word_1_252' title='bbox 285 2703 353 2745; x_wconf 87' lang='lat' dir='ltr'><strong>cam</strong></span> <span class='ocrx_word' id='word_1_253' title='bbox 369 2681 504 2750; x_wconf 79' lang='lat' dir='ltr'><strong>amnibus</strong></span> <span class='ocrx_word' id='word_1_254' title='bbox 514 2679 752 2745; x_wconf 70' lang='lat' dir='ltr'><strong>consationibus</strong></span> <span class='ocrx_word' id='word_1_255' title='bbox 770 2676 975 2755; x_wconf 80' lang='lat' dir='ltr'><strong>enucleatam,</strong></span> <span class='ocrx_word' id='word_1_256' title='bbox 994 2676 1084 2738; x_wconf 85' lang='lat' dir='ltr'><strong>obser-</strong></span> 
     </span>
     <span class='ocr_line' id='line_1_31' title="bbox 80 2768 350 2847; baseline -0.022 -12"><span class='ocrx_word' id='word_1_257' title='bbox 80 2768 350 2847; x_wconf 71' lang='lat' dir='ltr'><strong>catonath).</strong></span> 
     </span>
    </p>

    <p class='ocr_par' dir='ltr' id='par_1_3' title="bbox 80 2852 1105 3357">
     <span class='ocr_line' id='line_1_32' title="bbox 119 2852 1086 2935; baseline -0.011 -16"><span class='ocrx_word' id='word_1_258' title='bbox 119 2860 151 2919; x_wconf 80' lang='lat' dir='ltr'><strong>b.</strong></span> <span class='ocrx_word' id='word_1_259' title='bbox 163 2888 203 2903; x_wconf 90' lang='lat'><strong>·-</strong></span> <span class='ocrx_word' id='word_1_260' title='bbox 213 2860 312 2931; x_wconf 84' lang='lat' dir='ltr'><strong>Quaer.</strong></span> <span class='ocrx_word' id='word_1_261' title='bbox 325 2858 350 2916; x_wconf 94' lang='lat'><strong>1.</strong></span> <span class='ocrx_word' id='word_1_262' title='bbox 364 2856 436 2930; x_wconf 78' lang='lat' dir='ltr'><strong>Qua</strong></span> <span class='ocrx_word' id='word_1_263' title='bbox 449 2856 641 2935; x_wconf 85' lang='lat' dir='ltr'><strong>requirantur</strong></span> <span class='ocrx_word' id='word_1_264' title='bbox 656 2855 691 2915; x_wconf 88' lang='lat' dir='ltr'><strong>ad</strong></span> <span class='ocrx_word' id='word_1_265' title='bbox 710 2854 865 2917; x_wconf 87' lang='lat' dir='ltr'><strong>essentiam</strong></span> <span class='ocrx_word' id='word_1_266' title='bbox 886 2852 1086 2915; x_wconf 77' lang='lat' dir='ltr'><strong>sacramenti?</strong></span> 
     </span>
     <span class='ocr_line' id='line_1_33' title="bbox 80 2940 1086 3021; baseline -0.007 -18"><span class='ocrx_word' id='word_1_267' title='bbox 80 2943 150 3003; x_wconf 84' lang='lat' dir='ltr'><strong>Tria</strong></span> <span class='ocrx_word' id='word_1_268' title='bbox 167 2943 383 3021; x_wconf 85' lang='lat' dir='ltr'><strong>requiruntur,</strong></span> <span class='ocrx_word' id='word_1_269' title='bbox 400 2944 542 3013; x_wconf 91' lang='lat' dir='ltr'><strong>materia,</strong></span> <span class='ocrx_word' id='word_1_270' title='bbox 561 2942 678 3014; x_wconf 90' lang='lat' dir='ltr'><strong>lorma,</strong></span> <span class='ocrx_word' id='word_1_271' title='bbox 700 2951 729 3001; x_wconf 91' lang='lat' dir='ltr'><strong>ct</strong></span> <span class='ocrx_word' id='word_1_272' title='bbox 746 2941 882 3001; x_wconf 88' lang='lat' dir='ltr'><strong>intentio.</strong></span> <span class='ocrx_word' id='word_1_273' title='bbox 896 2940 1027 2998; x_wconf 82' lang='lat' dir='ltr'><strong>Materia</strong></span> <span class='ocrx_word' id='word_1_274' title='bbox 1042 2944 1086 2997; x_wconf 90' lang='grc' dir='ltr'><strong>εει</strong></span> 
     </span>
     <span class='ocr_line' id='line_1_34' title="bbox 81 3024 1083 3105; baseline -0.006 -18"><span class='ocrx_word' id='word_1_275' title='bbox 81 3045 129 3087; x_wconf 89' lang='lat' dir='ltr'><strong>ras</strong></span> <span class='ocrx_word' id='word_1_276' title='bbox 141 3044 279 3105; x_wconf 86' lang='lat' dir='ltr'><strong>corporea</strong></span> <span class='ocrx_word' id='word_1_277' title='bbox 298 3036 328 3085; x_wconf 90' lang='grc' dir='ltr'><strong>ει</strong></span> <span class='ocrx_word' id='word_1_278' title='bbox 339 3026 506 3098; x_wconf 87' lang='lat' dir='ltr'><strong>sensibilis,</strong></span> <span class='ocrx_word' id='word_1_279' title='bbox 526 3045 592 3105; x_wconf 87' lang='lat' dir='ltr'><strong>quae</strong></span> <span class='ocrx_word' id='word_1_280' title='bbox 606 3026 775 3105; x_wconf 85' lang='lat' dir='ltr'><strong>suscipienti</strong></span> <span class='ocrx_word' id='word_1_281' title='bbox 790 3024 972 3103; x_wconf 87' lang='lat' dir='ltr'><strong>applicatur,</strong></span> <span class='ocrx_word' id='word_1_282' title='bbox 989 3040 1019 3079; x_wconf 91' lang='lat' dir='ltr'><strong>v.</strong></span> <span class='ocrx_word' id='word_1_283' title='bbox 1038 3040 1083 3100; x_wconf 82' lang='lat' dir='ltr'><strong>gr.</strong></span> 
     </span>
     <span class='ocr_line' id='line_1_35' title="bbox 82 3106 1084 3190; baseline -0.003 -19"><span class='ocrx_word' id='word_1_284' title='bbox 82 3130 155 3190; x_wconf 86' lang='lat' dir='ltr'><strong>aqua</strong></span> <span class='ocrx_word' id='word_1_285' title='bbox 168 3156 176 3185; x_wconf 82' lang='lat'><strong>,</strong></span> <span class='ocrx_word' id='word_1_286' title='bbox 189 3109 325 3187; x_wconf 88' lang='lat' dir='ltr'><strong>chrisma,</strong></span> <span class='ocrx_word' id='word_1_287' title='bbox 337 3112 435 3172; x_wconf 88' lang='lat' dir='ltr'><strong>oleum</strong></span> <span class='ocrx_word' id='word_1_288' title='bbox 448 3120 598 3183; x_wconf 88' lang='lat' dir='ltr'><strong>sanetum,</strong></span> <span class='ocrx_word' id='word_1_289' title='bbox 611 3119 668 3177; x_wconf 86' lang='lat' dir='ltr'><strong>etc.</strong></span> <span class='ocrx_word' id='word_1_290' title='bbox 681 3109 836 3172; x_wconf 78' lang='lat' dir='ltr'><strong>Ethaeccst</strong></span> <span class='ocrx_word' id='word_1_291' title='bbox 845 3106 965 3167; x_wconf 88' lang='lat' dir='ltr'><strong>materia</strong></span> <span class='ocrx_word' id='word_1_292' title='bbox 974 3114 1084 3168; x_wconf 82' lang='lat' dir='ltr'><strong>rearota</strong></span> 
     </span>
     <span class='ocr_line' id='line_1_36' title="bbox 82 3191 1105 3276; baseline 0.001 -23"><span class='ocrx_word' id='word_1_293' title='bbox 82 3213 151 3255; x_wconf 90' lang='lat' dir='ltr'><strong>nam</strong></span> <span class='ocrx_word' id='word_1_294' title='bbox 169 3195 311 3276; x_wconf 81' lang='lat' dir='ltr'><strong>proxima</strong></span> <span class='ocrx_word' id='word_1_295' title='bbox 334 3206 378 3256; x_wconf 90' lang='lat' dir='ltr'><strong>est</strong></span> <span class='ocrx_word' id='word_1_296' title='bbox 397 3196 459 3275; x_wconf 88' lang='lat' dir='ltr'><strong>ipsa</strong></span> <span class='ocrx_word' id='word_1_297' title='bbox 479 3196 636 3275; x_wconf 90' lang='lat' dir='ltr'><strong>applicatio</strong></span> <span class='ocrx_word' id='word_1_298' title='bbox 657 3196 810 3266; x_wconf 74' lang='lat' dir='ltr'><strong>materiae,</strong></span> <span class='ocrx_word' id='word_1_299' title='bbox 825 3201 859 3252; x_wconf 85' lang='lat' dir='ltr'><strong>ut</strong></span> <span class='ocrx_word' id='word_1_300' title='bbox 875 3192 1007 3267; x_wconf 88' lang='lat' dir='ltr'><strong>ablutio,</strong></span> <span class='ocrx_word' id='word_1_301' title='bbox 1026 3191 1105 3255; x_wconf 80' lang='lat' dir='ltr'><strong>un-&#39;</strong></span> 
     </span>
     <span class='ocr_line' id='line_1_37' title="bbox 82 3278 764 3357; baseline -0.001 -18"><span class='ocrx_word' id='word_1_302' title='bbox 82 3278 159 3353; x_wconf 90' lang='lat' dir='ltr'><strong>ctio,</strong></span> <span class='ocrx_word' id='word_1_303' title='bbox 174 3288 231 3339; x_wconf 88' lang='lat' dir='ltr'><strong>etc.</strong></span> <span class='ocrx_word' id='word_1_304' title='bbox 756 3334 764 3357; x_wconf 69' lang='grc'><strong>,</strong></span> 
     </span>
    </p>

    <p class='ocr_par' dir='ltr' id='par_1_4' title="bbox 82 3363 1083 3611">
     <span class='ocr_line' id='line_1_38' title="bbox 118 3363 1083 3445; baseline -0.002 -20"><span class='ocrx_word' id='word_1_305' title='bbox 118 3366 148 3425; x_wconf 84' lang='grc'><strong>6.</strong></span> <span class='ocrx_word' id='word_1_306' title='bbox 163 3366 320 3424; x_wconf 82' lang='lat' dir='ltr'><strong>-Forma</strong></span> <span class='ocrx_word' id='word_1_307' title='bbox 337 3374 406 3425; x_wconf 91' lang='lat' dir='ltr'><strong>sunt</strong></span> <span class='ocrx_word' id='word_1_308' title='bbox 421 3366 510 3426; x_wconf 89' lang='lat' dir='ltr'><strong>verba</strong></span> <span class='ocrx_word' id='word_1_309' title='bbox 522 3367 634 3445; x_wconf 87' lang='lat' dir='ltr'><strong>prolata</strong></span> <span class='ocrx_word' id='word_1_310' title='bbox 647 3364 663 3427; x_wconf 79' lang='lat' dir='ltr'><strong>&#39;a</strong></span> <span class='ocrx_word' id='word_1_311' title='bbox 677 3363 824 3425; x_wconf 88' lang='lat' dir='ltr'><strong>ministro.</strong></span> <span class='ocrx_word' id='word_1_312' title='bbox 837 3365 978 3427; x_wconf 88' lang='lat' dir='ltr'><strong>Utautem</strong></span> <span class='ocrx_word' id='word_1_313' title='bbox 988 3384 1083 3425; x_wconf 87' lang='lat' dir='ltr'><strong>sacra-</strong></span> 
     </span>
     <span class='ocr_line' id='line_1_39' title="bbox 82 3449 1082 3528; baseline -0.001 -20"><span class='ocrx_word' id='word_1_314' title='bbox 82 3456 214 3509; x_wconf 89' lang='lat' dir='ltr'><strong>mentum</strong></span> <span class='ocrx_word' id='word_1_315' title='bbox 226 3449 340 3517; x_wconf 84' lang='lat' dir='ltr'><strong>valcat,</strong></span> <span class='ocrx_word' id='word_1_316' title='bbox 359 3450 523 3528; x_wconf 87' lang='lat' dir='ltr'><strong>requiritur</strong></span> <span class='ocrx_word' id='word_1_317' title='bbox 536 3451 699 3526; x_wconf 85' lang='lat' dir='ltr'><strong>connexio,</strong></span> <span class='ocrx_word' id='word_1_318' title='bbox 720 3450 781 3509; x_wconf 81' lang='lat' dir='ltr'><strong>siro</strong></span> <span class='ocrx_word' id='word_1_319' title='bbox 799 3450 931 3510; x_wconf 88' lang='lat' dir='ltr'><strong>simultas</strong></span> <span class='ocrx_word' id='word_1_320' title='bbox 952 3450 1082 3509; x_wconf 78' lang='lat' dir='ltr'><strong>materia</strong></span> 
     </span>
     <span class='ocr_line' id='line_1_40' title="bbox 82 3530 1081 3611; baseline -0.002 -20"><span class='ocrx_word' id='word_1_321' title='bbox 82 3540 110 3592; x_wconf 88' lang='lat' dir='ltr'><strong>et</strong></span> <span class='ocrx_word' id='word_1_322' title='bbox 124 3533 243 3603; x_wconf 84' lang='lat' dir='ltr'><strong>formas,</strong></span> <span class='ocrx_word' id='word_1_323' title='bbox 260 3533 371 3594; x_wconf 86' lang='lat' dir='ltr'><strong>scilieet</strong></span> <span class='ocrx_word' id='word_1_324' title='bbox 379 3578 391 3611; x_wconf 89' lang='lat'><strong>,</strong></span> <span class='ocrx_word' id='word_1_325' title='bbox 411 3540 445 3594; x_wconf 91' lang='lat' dir='ltr'><strong>ut</strong></span> <span class='ocrx_word' id='word_1_326' title='bbox 456 3536 578 3595; x_wconf 87' lang='lat' dir='ltr'><strong>matoria</strong></span> <span class='ocrx_word' id='word_1_327' title='bbox 602 3533 764 3611; x_wconf 87' lang='lat' dir='ltr'><strong>applicetur</strong></span> <span class='ocrx_word' id='word_1_328' title='bbox 781 3543 936 3611; x_wconf 88' lang='lat' dir='ltr'><strong>antequam</strong></span> <span class='ocrx_word' id='word_1_329' title='bbox 958 3530 1081 3607; x_wconf 86' lang='lat' dir='ltr'><strong>prolatio</strong></span> 
     </span>
    </p>
   </div>
   <div class='ocr_carea' id='block_1_3' title="bbox 82 3614 1077 3757">
    <p class='ocr_par' dir='ltr' id='par_1_5' title="bbox 82 3614 1077 3757">
     <span class='ocr_line' id='line_1_41' title="bbox 82 3614 1077 3757; baseline -0.003 -83"><span class='ocrx_word' id='word_1_330' title='bbox 82 3616 183 3679; x_wconf 74' lang='lat' dir='ltr'><strong>tornea</strong></span> <span class='ocrx_word' id='word_1_331' title='bbox 196 3617 392 3694; x_wconf 87' lang='lat' dir='ltr'><strong>terminatur,</strong></span> <span class='ocrx_word' id='word_1_332' title='bbox 408 3620 456 3682; x_wconf 84' lang='lat' dir='ltr'><strong>vel</strong></span> <span class='ocrx_word' id='word_1_333' title='bbox 472 3628 629 3699; x_wconf 88' lang='lat' dir='ltr'><strong>postquam</strong></span> <span class='ocrx_word' id='word_1_334' title='bbox 642 3618 766 3696; x_wconf 86' lang='lat' dir='ltr'><strong>prolatio</strong></span> <span class='ocrx_word' id='word_1_335' title='bbox 781 3616 934 3757; x_wconf 66' lang='lat' dir='ltr'><strong>formpe⁷sit</strong></span> <span class='ocrx_word' id='word_1_336' title='bbox 953 3614 1077 3688; x_wconf 87' lang='lat' dir='ltr'><strong>incepta.</strong></span> 
     </span>
    </p>
   </div>
   <div class='ocr_carea' id='block_1_4' title="bbox 0 0 1242 3975">
    <p class='ocr_par' dir='ltr' id='par_1_6' title="bbox 0 0 1242 3975">
     <span class='ocr_line' id='line_1_42' title="bbox 0 0 1242 3975; baseline 0 1"><span class='ocrx_word' id='word_1_337' title='bbox 0 0 1242 3975; x_wconf 95' lang='lat' dir='ltr'><strong> </strong></span> 
     </span>
    </p>
   </div>
  </div>
 </body>
</html>
