2475 3975
56 142 64 151 ”
138 140 179 202 22
419 133 531 223 Breuis
543 132 729 215 confessarii.
743 134 817 215 Cep.
829 130 860 194 2.

137 258 227 319 quam
242 238 371 311 caderet,
383 237 440 299 sibi
458 236 587 315 aliquem
598 236 660 295 vim
669 236 782 297 feeerit.
792 233 881 296 Aliud
892 242 992 296 tamen
1000 231 1150 313 ludlelum

137 322 203 385 lieri
229 322 334 394 debet,
351 322 376 383 si
396 322 543 400 poenitens
561 319 740 401 plerumque
763 319 865 379 statim
895 318 1055 394 ceciderit,
1081 326 1151 395 post

137 408 211 467 duos
231 424 357 484 nempe,
381 405 429 464 vel
449 413 509 464 tres
526 405 589 464 dies
610 403 627 463 l
650 403 830 464 confessione
845 403 938 472 faeta,
953 403 1026 480 quin
1047 400 1151 480 aliquo

137 491 226 552 modo
245 490 400 552 tentationi
415 488 547 565 obstitit3
561 497 634 549 tune
649 489 731 547 enim
750 486 869 547 videtur
886 486 1038 548 moraliter
1050 494 1152 547 certus

135 572 245 637 doloris
258 593 292 635 ae
305 573 449 653 propositi
465 572 606 633 deiectus.

505 765 720 827 uertuntur!
741 766 779 826 ll.

204 944 251 1006 Da
267 942 546 1027 interropotlonibue
562 941 708 1026 faciendis
723 936 931 1026 poniteotelua
949 940 1084 1005 nuum

176 1162 225 1223 il.
247 1100 336 1225 Nou
357 1168 455 1239 speret
471 1158 519 1221 hie
533 1176 617 1223 meus
632 1160 726 1220 lector
743 1176 791 1219 me
814 1175 981 1219 sermonem
998 1157 1149 1218 iacturum

138 1242 177 1303 de
193 1245 332 1305 omnibus
350 1244 493 1305 doctrinis
503 1244 540 1305 ad
555 1244 610 1305 Dei
623 1254 651 1304 et
666 1243 800 1304 Ecclesiae
812 1250 956 1322 proeeepta
970 1243 1151 1321 pertinenti·

138 1326 212 1401 hus,
225 1328 322 1406 quoad
341 1346 455 1407 eaquae
473 1332 505 1389 in
523 1329 593 1409 ipsis
609 1329 845 1407 permittuntur,
861 1337 912 1387 aut
931 1324 1149 1405 prohibentur,

139 1409 235 1471 dehis
252 1414 331 1472 enim
346 1414 416 1473 satis
433 1422 530 1473 artum
553 1413 584 1473 in
605 1415 702 1493 Opere
715 1412 829 1472 Murali.
845 1410 899 1471 ilie
918 1407 1034 1470 tautiun
1053 1428 1152 1473 anno·

138 1495 267 1555 tubimus
293 1498 538 1576 interrogationes
558 1496 576 1557 l
601 1497 777 1559 confessario
800 1493 978 1576 plerumque
1001 1494 1150 1557 iaciendas

138 1581 351 1657 poenitentibus
370 1582 513 1652 rudibus,
528 1583 580 1661 qui
595 1581 767 1660 judicantur
785 1598 846 1642 nun
866 1580 1044 1641 sufficienter
1062 1598 1152 1641 suam

139 1665 347 1727 conscientiam
370 1667 563 1745 perquisisse;
579 1677 608 1726 et
623 1685 712 1745 pauca
727 1667 782 1725 alia
796 1683 863 1743 quae
879 1662 1027 1743 praecipue
1049 1666 1151 1726 notari

138 1745 265 1823 dehent,
280 1750 317 1813 ad
330 1752 445 1831 proxim
459 1750 586 1813 maxime
598 1751 734 1814 facientia
745 1795 754 1825 ‚
767 1751 854 1811 aliter
868 1747 957 1827 quim
967 1748 1150 1827 speculativi

137 1840 313 1895 tractantur.

177 1918 226 1978 22.
238 1918 320 1978 Circa
335 1920 361 1979 i.
373 1926 553 2002 prereptum
580 1922 743 2000 interroget
757 1920 786 1981 l.
805 1919 1015 2000 poenitentem,
1029 1934 1068 1978 an
1081 1934 1150 1998 my-

136 2003 224 2064 steria
237 2003 306 2064 [idei
317 2005 420 2065 uellent
429 2005 519 2082 {nam
531 2007 555 2066 si
569 2014 698 2083 quatuor
713 2005 922 2084 mysteriorum
935 2003 1149 2083 principalium

137 2088 302 2166 ignorantia
322 2098 475 2162 teneatur,
491 2107 598 2169 nempe
612 2093 708 2151 Deum
720 2108 803 2161 esse,
816 2098 1069 2149 remuneratorem
1083 2107 1149 2152 esse

138 2171 208 2234 boni
228 2183 258 2236 et
277 2175 366 2250 mali,
382 2176 523 2256 mysteria
541 2176 737 2235 Sanctissimae
752 2175 905 2235 Triuitatis
917 2181 948 2233 et
964 2175 1151 2235 iucarnatio-

137 2259 184 2318 nis
202 2277 236 2320 ae
254 2261 360 2321 mortis
381 2259 450 2320 Jesu
465 2259 591 2339 Christi,
612 2261 672 2320 erit
689 2258 882 2320 absolutionis
898 2257 1021 2336 incapax
1028 2279 1041 2334 ,·
1057 2256 1149 2336 juxto

138 2343 370 2420 propositionem
386 2347 436 2404 tt.
452 2347 647 2422 proscriptam
657 2345 694 2404 ab
704 2345 855 2405 innocent.
865 2344 927 2406 XI.
938 2345 1013 2404 item
1026 2347 1149 2409 auseiet

138 2425 312 2503 Symbolum
326 2425 415 2495 fidei,
429 2435 574 2506 praecepta
588 2428 743 2506 Deculogi‚
759 2436 956 2500 sacramenta,
968 2436 1024 2490 ete.
1041 2428 1147 2494 saltem

138 2509 169 2568 in
186 2509 358 2590 substantia.
375 2509 432 2572 Sed
451 2507 500 2572 hie
518 2511 595 2572 hene
617 2510 746 2572 advertit
763 2511 885 2572 celebris
901 2511 968 2584 ille,
988 2519 1020 2572 et
1041 2511 1147 2575 doetus

137 2593 337 2654 Missionarius
350 2595 390 2654 P.
398 2593 572 2656 leonardus
584 2597 604 2656 o
616 2597 713 2656 Portu
723 2594 871 2657 Mamilio
885 2593 920 2656 in
934 2613 988 2656 suo
1000 2596 1148 2662 Da'eeureu

137 2675 274 2757 ruystieo,
288 2685 317 2738 et
332 2675 443 2740 meruli
450 2724 458 2752 ‚
474 2699 507 2740 o.
524 2681 574 2743 26.
589 2680 684 2742 teneri
699 2680 908 2741 confessarium
923 2681 1071 2743 instruere
1083 2702 1147 2763 poe·

136 2761 264 2822 nitentes
276 2761 365 2822 rudes
382 2763 414 2823 in
435 2766 583 2844 mysteriis
600 2765 692 2838 fidei,
710 2765 815 2824 saltem
835 2763 868 2824 in
889 2773 1018 2843 quatuor
1033 2767 1146 2844 prinei·

136 2847 252 2925 palibus
262 2867 271 2923 3
283 2854 463 2926 quapropter
477 2851 519 2910 sie
538 2849 713 2928 subjungit:
730 2850 849 2909 Bonum
860 2866 921 2908 oon
935 2855 978 2910 est
989 2848 1147 2914 consilium

123 2929 281 2994 -dimittere
298 2931 408 2994 similes
427 2933 566 3013 ipreoros,
586 2942 623 2995 ut
639 2933 678 2995 ab
701 2929 772 2994 olim
793 2931 854 2994 lutee
872 2930 1049 3011 doceantur,
1070 2935 1146 3014 quta

136 3012 238 3077 trullus
253 3013 333 3078 alius
345 3017 511 3098 sperabitur
520 3015 638 3098 fruetus
644 3063 655 3095 ‚
668 3016 731 3080 nisi
738 3024 774 3078 ut
783 3016 826 3079 sie
839 3015 942 3099 ipoeri
955 3029 1144 3100 remaneant,-

137 3098 257 3181 ideoque
279 3102 436 3184 expediens
457 3109 499 3163 est
516 3101 640 3164 breuiter
658 3121 706 3166 eoa
722 3101 821 3165 dooere
838 3101 982 3183 predicto
1003 3107 1146 3185 mysterio

134 3183 339 3268 principalia,
368 3185 516 3268 efficiendo
539 3189 672 3268 puriter,
698 3195 734 3249 ut
760 3206 857 3250 seeum
881 3187 1036 3268 efformem
1060 3195 1146 3256 actm

137 3265 237 3342 Fidei,
248 3269 334 3352 Spei,
347 3271 526 3344 claritatis,
539 3279 569 3332 et
582 3272 792 3347 contritionis,
807 3269 963 3354 vilipendo
976 3281 1075 3335 tarnem
1084 3292 1143 3354 eos,

136 3363 171 3414 ut
182 3356 370 3437 imposterum
381 3357 506 3439 perfecte
527 3357 639 3419 instrui
650 3376 680 3420 se
693 3357 812 3440 fociant
827 3357 905 3418 eirea
916 3365 1018 3420 erema
1035 3368 1144 3440 myste-

136 3439 186 3499 rio
197 3439 273 3500 scitu
289 3445 451 3504 necessario
465 3439 501 3504 ile
520 3437 689 3504 rreeessitote
699 3439 848 3524 precepti.
862 3443 899 3511 Et
917 3441 1142 3522 imminetur,

137 3523 260 3599 loquens
279 3524 317 3586 de
331 3527 465 3605 personis
487 3525 609 3590 urbanis
633 3527 736 3590 salutis
753 3526 881 3606 propriae
904 3529 1144 3608 negligentibus,
