2475 3975
115 160 155 225 te
397 158 509 225 Prasia
528 148 712 238 contimarii.
727 153 799 237 Cap.
815 154 848 217 5.

115 261 148 344 (l.
165 266 195 325 6.
212 282 244 324 a.
258 260 362 343 titula
377 262 453 323 inira
474 260 554 321 enim
574 269 636 320 tam
652 258 742 319 breve
759 258 888 337 spatium
909 276 971 321 non
993 267 1039 321 est
1058 278 1132 339 pos-

115 350 200 411 sibile
221 350 341 411 missam
366 348 518 409 absolvere
537 346 602 407 sine
624 362 730 425 magna
752 344 914 405 verborum
938 353 968 406 et
988 365 1131 407 ceremo-

115 436 231 495 niarum
242 435 417 513 negligentia
429 433 548 510 3saltem
560 430 665 509 nequit
677 430 763 489 missu
774 426 916 489 celebrari
929 448 996 490 cum
1011 449 1043 489 eu
1056 450 1127 511 gra-

114 518 204 580 uitate
222 528 251 580 et
268 520 418 589 decentia,
433 535 500 596 que
519 524 602 576 tanto
626 514 769 574 samilccio
787 514 935 574 convenit.
951 517 1075 595 Insuper
1091 532 1130 575 cx

114 604 200 663 missu
217 605 306 665 nimia
323 602 497 663 festinanter
518 599 682 667 celebrate,
705 598 802 657 oritur
823 599 912 657 etlam
935 601 1024 675 grave
1044 618 1130 659 scan-

114 685 215 747 dalum
235 690 378 748 laieorum
390 730 398 758 ,
411 686 537 764 quibus,
555 691 589 744 ut
609 679 865 743 aitBellarmr'nes
884 680 1005 760 (mitt,
1022 684 1128 743 viden·

115 780 167 831 tur
186 771 355 849 hujusmodi
370 770 533 831 sacerdotes
550 786 612 829 non
631 768 751 828 eredere
763 765 843 845 quod
854 768 887 828 in
906 767 994 829 missa
1007 769 1130 830 realiter

116 856 155 915 sit
174 874 301 934 praesens
321 855 539 917 dicinaCltristi
553 853 673 915 Domini
689 852 832 930 llajestas'.

155 942 204 1001 50.
217 941 357 1002 Praeterea
364 986 374 1019 ,
392 957 452 1001 non
466 940 523 1001 crit
535 938 735 1019 improprium
745 936 909 1000 sacerdotes
925 937 1128 1017 interrogare.

117 1043 155 1085 an
178 1026 209 1085 ln
228 1026 361 1105 ipsorum
382 1028 477 1106 putria
502 1044 610 1104 magne
623 1024 662 1083 sit
678 1025 803 1102 penuria
815 1023 1131 1086 confessariorum'tlla

117 1112 198 1170 enim
218 1128 285 1171 easu
305 1120 404 1190 posset
427 1111 534 1187 aliquis
556 1108 691 1168 sacerdes
713 1108 807 1169 teneri
830 1107 867 1167 ad
887 1126 919 1168 se
939 1108 1127 1170 reddendum

117 1195 257 1255 idoneum
280 1196 316 1254 ad
339 1195 534 1255 confessiones
557 1193 761 1266 excipiendas,
784 1201 818 1253 ut
838 1192 943 1252 validis
963 1194 1130 1255 rationibus

119 1280 309 1359 probavimus
319 1276 391 1358 (lli.
405 1298 438 1339 n.
457 1278 539 1357 625.)
553 1277 935 1357 quibusaddaturdoctrina
945 1280 984 1338 D.
996 1277 1130 1350 Thorace,

121 1366 171 1441 qui
186 1362 302 1445 (Suppl.
318 1382 368 1444 qa.
385 1366 435 1425 et.
453 1370 512 1425 ort.
533 1363 574 1441 l.)
595 1364 710 1442 inquit,
725 1364 820 1423 mam
839 1363 877 1422 ad
896 1361 953 1422 hoe
967 1362 1132 1423 instituisse

119 1449 152 1508 in
166 1449 291 1509 Ecclesia
310 1452 444 1511 ordinem
464 1450 726 1529 presbyterorum,
740 1456 774 1506 ut
792 1447 847 1526 ipsi
869 1447 933 1506 aliis
947 1454 1130 1508 sacramenta

119 1532 342 1610 ministrarent;
356 1536 398 1595 Et
415 1532 480 1595 idad
496 1535 595 1613 (verba
614 1535 645 1593 S.
663 1530 811 1608 Ductorisl
825 1530 927 1612 posuit
944 1529 1076 1592 ordinem
1094 1531 1129 1604 in

120 1633 173 1693 ea,
194 1618 367 1698 etquidem
386 1616 456 1679 aliis
477 1624 663 1681 sacramenta
684 1616 844 1677 traderent.
864 1615 975 1676 ldeired
994 1615 1131 1677 sacerdos

119 1703 345 1780 appellaturlux
359 1703 464 1764 mundi
474 1747 483 1773 ‚
495 1704 538 1762 sal
553 1713 640 1763 tecrae
650 1746 659 1774 ‚
671 1710 701 1761 et
713 1699 867 1777 coadjutor
876 1701 942 1759 Dei.
952 1698 1027 1761 Cdm
1036 1698 1132 1779 igitur

119 1786 188 1847 finis
206 1787 363 1848 sacerdotis
380 1790 419 1849 'sit
441 1796 621 1849 sacramenta
638 1787 826 1857 ministrare,
843 1786 992 1863 quomodo
1005 1785 1067 1863 ipse
1080 1804 1134 1865 po·

119 1870 225 1931 teritd
251 1872 335 1952 eulpa
356 1874 508 1945 excusari,
532 1874 557 1933 si
583 1872 693 1932 viderit
713 1887 782 1931 suos
805 1877 1010 1931 conterraneos
1028 1870 1131 1930 carere

119 1956 318 2030 eanlmmriis,
338 1966 368 2019 et
390 1956 456 2020 ided
477 1959 708 2036 plures'eorum'
721 1957 754 2018 in
775 1963 893 2035 peccato
909 1955 1044 2027 massere,
1057 1973 1130 2016 eum

119 2059 227 2122 magno
239 2041 437 2105 damnationis
450 2043 583 2123 periculo
594 2087 602 2115 ‚
613 2049 644 2103 et
660 2043 723 2121 ipse
733 2043 854 2103 Domini
868 2040 958 2100 linem
968 2085 976 2111 ‚
988 2041 1026 2100 ob
1038 2059 1130 2119 quem

118 2128 154 2189 ad
165 2127 361 2214 sacerdotium
374 2129 431 2189 suit
441 2137 560 2191 evectus
571 2127 588 2189 d
598 2131 662 2188 Dea
671 2171 680 2199 ‚
690 2129 890 2188 frustraneum
903 2124 1018 2195 reddit,
1032 2127 1130 2205 negli-

118 2213 213 2292 gendo
229 2231 265 2275 ex
274 2215 393 2294 pigritia
406 2215 546 2276 idoneum
558 2213 634 2276 effici
647 2212 683 2272 ad
701 2211 932 2274 ministrandum
947 2211 1130 2287 penitentie

116 2306 333 2358 sacramentum
344 2342 352 2370 ‚
363 2299 444 2376 quod
459 2301 546 2360 saluti
557 2299 723 2359 animarum
735 2341 744 2370 ‚
755 2303 877 2374 excepto
887 2295 1033 2373 baptismo
1043 2339 1051 2365 ‚
1061 2313 1126 2373 prae

116 2382 182 2443 aliis
202 2381 399 2440 neeessariam
421 2391 475 2442 est.
490 2383 585 2442 Nimis
603 2381 731 2442 verenda
753 2390 823 2440 sunt
841 2379 929 2439 verba
945 2379 1063 2439 Domini
1077 2379 1128 2441 ad·

118 2463 218 2526 versds
228 2481 277 2524 eos
285 2467 468 2537 sacerdotes,
479 2467 531 2544 qui
542 2467 665 2526 salutem
678 2465 882 2544 proximorum
892 2461 997 2543 parum
1010 2473 1127 2528 curant.

116 2553 151 2614 st
168 2549 279 2612 dietate
298 2567 345 2611 me
367 2550 407 2612 ad
429 2551 575 2632 impiam,
596 2548 940 2622 mortemarense
962 2552 1129 2612 annuatia·

118 2635 194 2698 aeria
207 2634 295 2696 ei.....
314 2635 376 2718 ipse
389 2636 502 2718 impius
518 2639 554 2698 in
570 2636 729 2720 iniquitate
747 2653 804 2696 sua
824 2633 984 2704 morietur,
1002 2635 1129 2716 sanqui-

118 2739 185 2784 nem
195 2727 292 2780 aetem
304 2719 368 2801 ejas
379 2720 516 2782 demana
527 2730 579 2783 toa
590 2723 751 2801 requiram.
764 2718 870 2780 Ezeelt.
881 2721 910 2778 5.
922 2719 970 2778 l8.
984 2719 1014 2778 Si
1027 2728 1128 2779 autem

118 2807 251 2866 sacerdos
271 2805 365 2865 illese
379 2815 496 2866 excuset
516 2806 688 2867 adducendo
708 2821 792 2864 suam
810 2802 1048 2865 insufficientiam
1060 2847 1068 2873 ,
1079 2821 1129 2863 au·

118 2893 180 2953 diat
195 2891 229 2952 S.
243 2889 434 2952 Francisoam
447 2888 611 2962 Salarium,
629 2893 680 2970 qui
699 2891 802 2951 falsam
820 2899 905 2949 vocat
927 2885 1127 2950 humilitatem

117 2995 221 3039 eorum
240 2977 424 3038 sacerdotum
437 2978 488 3056 qui
499 2984 635 3038 renuunt
649 2977 817 3036 animarum
833 2974 920 3034 saluti
934 2973 1126 3046 incumbere,

117 3063 173 3122 sub
194 3063 282 3122 titulo
297 3079 361 3122 suae
378 3063 599 3123 imbecillitatis.
617 3063 676 3122 lsta
697 3062 751 3139 (ait
768 3059 901 3136 Sanetus)
917 3059 1062 3119 malitiosa
1072 3067 1127 3121 ‘est

117 3145 284 3224 humilitas,
303 3155 337 3208 et*
349 3149 489 3209 inventus
509 3147 618 3208 amoris
633 3147 768 3226 proprii,
782 3145 833 3223 qui
850 3143 904 3204 sub
919 3141 977 3204 hoe
995 3145 1127 3224 specioso

118 3238 260 3310 praetentu
284 3234 448 3310 propriam*
462 3232 570 3311 quaerit
595 3242 695 3310 tegere
717 3229 893 3290 socordiam.
916 3228 1023 3290 Subdit
1045 3228 1127 3306 quod

118 3319 213 3388 Deus,
229 3313 296 3375 etim
311 3317 431 3394 aliquod
454 3319 539 3380 nobis
563 3319 709 3378 talentum
734 3315 905 3386 donaverit,
920 3310 999 3390 juste
1010 3313 1092 3394 'petit
1109 3313 1127 3374 d

119 3399 204 3460 nobis
214 3445 224 3473 ‚
234 3409 267 3460 ut
277 3400 351 3460 illud
362 3419 565 3470 exerceamus:
581 3399 821 3481 quapropter-qui
832 3417 866 3458 eo
878 3399 973 3458 utitur
982 3405 1011 3457 et
1021 3407 1125 3476 paret,

119 3484 170 3544 ille
189 3486 280 3562 magis
299 3483 444 3546 humilem
458 3505 489 3546 se
503 3487 642 3548 ostendit.
662 3479 787 3564 Superbi
808 3482 929 3562 quidem
948 3498 1064 3542 eausam
1078 3481 1128 3541 ha·

61 3631 64 3638 ¹
120 3565 210 3640 bant,
223 3575 257 3626 ut
269 3569 386 3630 nullum
404 3571 563 3647 suscipiant
582 3589 675 3650 opus,
689 3570 758 3648 quie
771 3570 843 3630 tales
856 3569 888 3629 in
904 3568 1006 3648 seipsis
1016 3568 1127 3629 fidunt.
