2475 3975
119 185 178 248 ιιι
308 177 598 264 reclamanem
612 132 937 240 montecrescone

156 283 188 344 Si
210 289 418 362 retemptare,
440 299 500 360 quo
518 280 614 340 officia
634 279 847 358 penetrantur
865 276 900 335 in
918 272 1028 347 ebore,
1048 275 1132 353 capi-

118 367 219 430 tulum
238 366 475 448 congregandum
494 365 552 437 sit,
565 363 624 426 nisi
641 381 750 443 urgens
769 379 854 422 eausa
872 359 982 436 inerit,
994 359 1133 420 canonici

121 469 182 514 non
194 461 315 531 ponunt
330 451 483 512 absentare
493 466 577 522 sese,
596 448 709 528 absque
722 446 922 508 subtractione
941 444 1133 504 distributio-

122 553 194 596 num
208 555 263 616 pro
273 555 309 596 eo
320 545 473 613 tempore,
486 552 546 612 quo
563 534 687 604 absum.
698 540 733 593 ut
745 549 783 594 ex
793 531 874 592 decr.
884 531 915 591 S.
924 532 959 591 C.
973 529 1019 590 lb.
1032 549 1065 589 n.
1077 530 1130 597 75.

160 623 221 682 Nee
238 622 326 682 etiam
342 619 479 680 deserere
493 627 617 698 possunt
636 616 782 689 eborum,
796 625 832 678 nt
846 617 946 676 missas
959 614 1129 688 celebrent,

122 709 170 768 vel
185 705 376 766 consessiones
395 704 536 777 audiant,
560 703 618 764 nisi
636 704 773 781 superior
788 701 820 762 id
837 700 976 778 jusserit3
989 709 1131 760 monetur

122 799 222 850 tamen
240 789 398 866 superior,
422 798 458 850 ut
478 789 516 850 ab
536 787 583 848 bis
600 786 784 866 jussionibus
806 786 974 859 abstineat,
994 785 1028 845 in
1046 784 1130 846 decr.

122 875 153 936 S.
164 874 197 933 C.
210 873 280 934 anni
295 873 385 936 1755.
400 873 477 935 lbid.
492 891 525 934 ιι.
542 876 594 936 lb.

160 958 342 1039 Dignitatem
364 977 473 1022 novam
492 960 523 1020 in
542 957 702 1022 cathedrali
714 956 840 1018 limlasit
856 956 969 1034 erigere
980 973 1069 1017 nemo
1082 972 1134 1034 po·

124 1050 203 1114 test,
226 1044 284 1106 nisi
304 1062 383 1104 unus
402 1043 609 1106 tantummodi
632 1059 767 1104 summus
788 1042 941 1114 Pontifex,
965 1050 1000 1100 ut
1020 1041 1134 1118 pluries

124 1127 254 1190 decisum
268 1128 300 1190 in
313 1130 344 1190 S.
355 1130 499 1208 congreg.
515 1129 639 1190 Concilii
652 1135 784 1189 notatur.
794 1127 893 1188 l'mcl.
908 1125 947 1187 de
959 1126 1031 1206 Syn.
1041 1124 1131 1186 dioec.

123 1212 178 1275 lib.
193 1214 242 1273 12.
254 1231 281 1274 c.
296 1216 325 1274 l.
343 1229 374 1274 n.
389 1214 421 1276 8.

163 1298 221 1357 Pro
245 1299 417 1360 canonicatu
443 1297 601 1379 theolognli
627 1314 788 1360 concursus
811 1293 986 1358 indicendus
1005 1304 1072 1368 est,
1095 1311 1134 1358 ett

123 1381 208 1444 uuna
225 1382 336 1444 Bened.
358 1384 453 1446 XIII.
474 1379 643 1446 Portunalis
663 1379 785 1463 Officii3
806 1381 870 1460 ejus
891 1391 990 1442 tamen
1014 1383 1136 1445 collatio

125 1467 255 1544 pertinet
276 1468 313 1528 ad
336 1468 509 1528 Pontificem
527 1485 564 1528 ex
583 1487 648 1528 cau.
665 1467 714 1529 Ad
729 1467 875 1548 repimus,
895 1465 933 1527 de
951 1466 1044 1546 preb.
1060 1470 1138 1528 Con·

124 1566 226 1608 cursus
243 1550 299 1608 iste
316 1549 491 1610 indicendus
511 1560 555 1612 est
574 1551 612 1612 ab
627 1552 791 1628 Episcopo,
808 1550 898 1628 dquo
921 1553 1137 1612 examinatores

125 1631 289 1692 destinandi
309 1641 380 1692 sunt
397 1642 525 1710 quatuor
542 1634 574 1696 in
594 1633 744 1712 theologia
758 1635 922 1708 licentiati,
941 1638 1003 1696 sive
1021 1639 1142 1697 saecula·

124 1734 188 1792 res,
206 1716 267 1778 sive
281 1717 449 1796 regulares3
465 1736 520 1780 nce
534 1719 730 1798 requiruntur
741 1719 905 1798 synodales.
919 1724 1137 1783 concurrentes

126 1800 236 1864 debent
255 1821 317 1864 esse
340 1805 482 1866 Doctores
504 1805 536 1864 in
559 1807 641 1867 sacri
665 1802 833 1886 theologii,
858 1808 908 1867 vel
929 1809 1032 1867 saltem
1056 1808 1137 1868 intra

126 1905 238 1950 annum
259 1897 400 1950 tenentur
422 1889 603 1952 doctoralem
623 1890 755 1950 lauream
776 1891 809 1952 in
829 1891 928 1970 aliqud
944 1893 1138 1952 universitate
1228 1918 1229 1929 ι

128 1974 287 2054 approbati
296 1975 386 2037 studii
396 1977 542 2055 generalis
554 1976 761 2060 necquiQuoe
775 1977 874 2037 omnia
890 1994 926 2037 ex
938 1976 1041 2038 eidem
1053 1977 1138 2040 bulld
1228 1974 1229 1979 ’

127 2062 322 2212 waldensem
335 2146 492 2211 concuretio
507 2146 735 2209 transmittenda
751 2156 822 2207 stunt
834 2122 871 2207 ad
884 2149 1051 2209 Romanum
1063 2152 1142 2211 Pon·

128 2232 238 2379 geneal}
247 2233 500 2379 kgttp'nohdignior
517 2234 666 2315 eligetur,
685 2244 722 2295 nt
737 2234 771 2297 iu
786 2234 889 2296 eidem
904 2234 1005 2308 Rulli,
1018 2244 1048 2297 el
1060 2237 1137 2297 inst.
1228 2271 1229 2274 =

166 2402 226 2463 Nec
244 2401 352 2543 {ufficit
369 2402 469 2463 laurea
488 2404 628 2467 mnoniea
647 2422 685 2467 er
703 2422 845 2495 responso
862 2406 894 2470 S.
909 2407 942 2467 G.
962 2406 1034 2467 inst.
1057 2407 1139 2470 Eccl.
1228 2423 1229 2446 t

129 2486 226 2631 nthpe.
241 2526 349 2631 sufficit
367 2568 457 2633 etiam
476 2571 501 2634 si
518 2568 581 2633 bec
600 2574 703 2635 laurea
719 2576 760 2637 ait
778 2583 897 2656 recepta
913 2575 952 2636 ab
966 2576 1142 2655 aliquopri·
1228 2527 1229 2548 ἶ

129 2656 268 2736 vilegium
286 2656 439 2719 obtinente
450 2700 459 2731 ‚
470 2658 520 2719 sed
532 2659 659 2721 omuino
673 2660 840 2739 requiritur
851 2662 1014 2722 obtinuisse
1028 2661 1060 2720 in
1073 2661 1142 2721 uni·

129 2744 266 2805 versitate
284 2742 462 2819 approbata.
488 2744 569 2822 qnod
592 2762 751 2807 commune
769 2754 815 2806 eat
831 2746 969 2806 omnibus
987 2744 1143 2806 benefieiis

130 2830 260 2975 meam
272 2825 461 2973 5(lectoralem
480 2830 685 2915 exigentibus,
707 2840 742 2891 ut
762 2831 967 2896 esttenete.
985 2828 1140 2896 ertit.
1198 2853 1201 2859 ’

166 2928 254 2973 ι.ιι.
294 2952 301 2971 .

95 3046 100 3053 .
168 2996 1144 3076 Theolomacanonicussotissacitsnomuneri‚sicelegatsaeranr

131 3084 334 3159 Scriptum,
357 3081 420 3142 sive
444 3082 623 3163 theologiam
644 3082 864 3153 scholasticam,
878 3090 914 3142 ut
931 3083 1036 3164 sepitis
1050 3088 1144 3148 resol-

130 3166 222 3307 vittss.
238 3169 270 3227 C.
287 3166 330 3311 171).
344 3185 376 3227 n.
390 3168 420 3228 6.
437 3168 504 3231 Non
521 3177 621 3231 umen
638 3168 664 3229 si
683 3169 762 3245 tegat
782 3166 961 3247 dteelogiem
976 3159 1142 3247 moralem,

131 3268 149 3308 u
219 3266 275 3307 .n.
311 3291 320 3309 .

169 3330 212 3387 Er
224 3332 381 3404 praebendi
394 3336 550 3415 theologali
565 3338 742 3416 segreganda
755 3347 801 3400 est
811 3342 898 3402 tertia
910 3331 994 3421 pairs,
1007 3358 1043 3401 er
1054 3340 1142 3419 cujus

130 3411 275 3468 reditibus
293 3413 361 3473 dati
384 3422 578 3497 proportione
597 3424 738 3485 solvende
756 3434 801 3486 est
819 3445 871 3487 sua
889 3428 987 3506 portio
1001 3427 1142 3491 sacristiae

128 3494 582 3639 ffuff¹ssffi⁰⁶fss²⁰⁵p⁰¹²d⁰n⁵
600 3508 722 3586 diebus,
736 3512 845 3593 quibua
858 3514 1014 3575 eunonium
1026 3510 1143 3579 deesset
