2475 3975
370 192 396 272 i.
409 196 446 256 ll.
460 164 579 255 Montio
591 190 634 255 od
641 190 794 275 parociae
1026 199 1084 259 itt

82 296 154 357 clius
177 295 316 375 privatim
333 294 470 357 accedere
485 295 522 355 ad
537 314 585 357 eas
603 295 788 357 instruendas
806 314 874 357 aare
891 306 1083 378 quantocum-

80 401 136 461 que
147 380 394 443 sooioconooodo
409 426 417 455 ,
430 388 464 442 ut
477 382 694 459 loquiturldem
707 389 820 442 auctor.
833 384 953 455 Saltem,
965 385 1082 461 quando

78 466 350 528 ltocdifficillimum
369 466 495 527 essetab
513 484 653 545 magnum
673 482 833 529 numeram
844 466 950 529 haram
962 468 1083 529 rudiam

79 569 290 627 personarum,
313 559 451 628 procuret
463 567 510 609 eas
529 551 716 625 examinare,
735 558 767 610 et
786 550 934 611 instrucre
947 558 1082 629 tempore

77 632 214 715 praecepti
230 632 389 713 paschalis,
407 635 453 695 vel
467 633 585 712 quando
598 635 723 695 veniant
735 634 773 693 ad
787 634 928 713 petendas
940 635 1014 697 fides
1027 649 1082 713 pro

75 721 259 797 susceptione
271 720 442 780 sacramenti
453 716 686 779 confirmationis
696 762 704 791 ‚
714 720 761 778 rel
770 720 965 781 matrimonii.
976 721 1081 798 Operae

74 820 193 881 quoque
213 805 342 881 pretium
369 812 434 877 est,
461 811 495 863 ut
520 802 665 881 parochus
686 804 819 881 exploret
848 805 1024 887 magistros,
1049 811 1080 864 et

74 890 245 966 magistras,
265 897 297 949 nt
315 886 391 947 bend
408 888 556 946 instruant
574 904 684 965 pueros
701 894 731 947 et
750 889 862 965 puellas
877 890 953 949 cirea
974 888 1080 951 doetri-

72 986 160 1042 nam‚
175 982 205 1033 et
218 972 313 1033 modia
332 971 411 1032 head
424 969 543 1031 vivendi
567 972 600 1031 in
618 980 719 1031 sancto
737 973 792 1032 Dei
810 974 929 1033 timore.

110 1057 180 1116 l97.
196 1059 233 1117 ll.
247 1055 393 1117 Parochas
411 1064 529 1115 tenetur
552 1072 609 1133 per
631 1056 853 1115 administrare
873 1064 1077 1128 sacramenta,

72 1142 187 1215 qarotica
213 1140 389 1220 parochiani
403 1139 482 1217 justi
503 1147 677 1218 exposcunt.
699 1140 775 1200 Etsi
796 1139 872 1202 sorte
890 1157 1078 1200 oeconomom

74 1226 280 1297 constituerit,
301 1225 365 1303 cjus
390 1226 483 1285 vitam
502 1232 532 1285 et
550 1226 703 1287 scientiam
730 1225 889 1305 diligenter
910 1225 1079 1300 examinet3

70 1306 141 1368 aliis
159 1312 295 1371 omnium
314 1310 611 1381 inconvenientiam,
631 1328 697 1387 qne
716 1320 816 1387 postea
840 1310 998 1380 evenient,
1013 1310 1077 1385 ipse

69 1394 131 1453 lieo
142 1395 314 1457 reddituros
325 1402 368 1455 est
381 1395 536 1455 rationem.
545 1397 672 1473 Insuper
679 1401 799 1455 tenetur
806 1396 938 1455 assistere
951 1394 1079 1456 marien·

69 1478 167 1552 tibus,
182 1480 239 1540 nisi
257 1478 332 1541 adsit
345 1480 419 1539 alius
441 1478 575 1539 idoneus.
589 1480 795 1541 peccatoribus
806 1489 904 1540 autem
919 1476 1078 1539 habitantis

68 1564 264 1625 morientibus
273 1565 428 1645 specialem
438 1570 557 1623 tenetur
565 1565 921 1643 praetereassiatentiam
934 1564 1077 1641 quoniam

67 1645 114 1706 isti
126 1648 258 1710 existunt
269 1650 300 1710 in
308 1650 389 1729 gravi
402 1649 571 1723 necessitate
582 1662 644 1713 suae
655 1650 837 1710 assistentiae.
847 1652 883 1709 lit
891 1649 967 1709 circa
977 1650 1078 1709 Exire·

67 1736 148 1793 mam
169 1734 358 1807 Unctioncm,
375 1732 507 1793 attendat
533 1732 583 1806 td,
607 1733 687 1811 quod
704 1733 830 1795 habetur
846 1734 879 1793 in
891 1730 1076 1793 Cataoniam

66 1814 201 1877 Romano
213 1820 304 1899 (port.
321 1820 350 1879 2.
366 1836 432 1897 cop.
448 1820 476 1877 ti.
490 1836 522 1877 a.
540 1817 584 1895 9.)
594 1837 602 1875 a
614 1817 795 1880 Gravissimi
808 1816 987 1897 peemotqaa'
998 1812 1078 1876 titud

66 1904 316 1985 tempasoeprotos
327 1898 737 1983 anpndtotaovaresoteaa
748 1900 889 1981 caiatiam
901 1900 984 1960 omrai
992 1896 1076 1965 eola-

66 1985 104 2046 tis
120 2005 172 2069 ape
191 1986 324 2062 antiaco,
346 1986 410 2048 vitat
420 2032 430 2064 ‚
447 1995 475 2048 et
494 1983 629 2048 senatos
648 1988 746 2052 carae
761 1984 920 2066 incipiant.
945 1986 1077 2046 Tenetur

10 2143 11 2148 γ
64 2086 185 2150 quoque
202 2091 233 2132 se
254 2066 434 2144 informare,
458 2071 560 2132 utrrim
582 2072 629 2132 sni
647 2071 758 2136 subditi
778 2080 925 2148 praecepto
946 2068 1075 2148 paschali

63 2157 280 2234 satisfecerint3
301 2157 396 2223 Bort.
419 2155 453 2216 cle
475 2153 535 2233 Off.
553 2158 669 2222 Pone.
687 2155 985 2234 2.1n.7..etSepaari
997 2157 1071 2216 Per.

60 2239 162 2302 Inatr.
180 2258 204 2298 c.
227 2243 276 2300 25.
298 2243 334 2301 Et
356 2239 578 2318 diligentissime
597 2245 699 2298 careat
715 2255 870 2318 nunqnam
887 2239 1073 2302 committere

63 2325 243 2402 cuicumque
255 2325 359 2386 clerico
376 2323 527 2384 schedulas
540 2324 769 2384 communionis.

102 2409 173 2470 l98.
193 2409 245 2469 lll.
267 2408 376 2474 Gavdre
399 2427 517 2488 quoque
543 2406 809 2483 decerperemus,
834 2427 876 2470 ne
893 2408 1072 2472 concedatur

63 2493 182 2558 habitus
198 2493 338 2562 clericalis
358 2490 421 2554 illis
439 2494 538 2573 pueris
550 2537 558 2567 ‚
571 2501 624 2552 ant
640 2493 892 2568 adolescentibus,
905 2498 956 2574 qai
978 2495 1070 2560 mori·

64 2580 119 2640 bus
135 2578 195 2640 stris
209 2597 270 2639 non
281 2597 347 2657 prae
358 2595 390 2640 se
403 2578 502 2641 serunt
514 2578 645 2640 indolem
659 2579 892 2640 eeclesiasticam.
907 2581 1071 2657 Diligenter

64 2673 165 2744 postea
178 2659 296 2724 crudire
314 2663 401 2725 debat
420 2666 495 2727 cirea
508 2672 616 2724 statam
630 2664 856 2725 ecclesiasticum
871 2663 991 2723 elericos
1002 2681 1070 2723 anos

63 2747 122 2824 jam
146 2745 280 2812 habitum
298 2747 481 2825 deserentem
494 2748 580 2810 aliter
596 2747 641 2808 illi
660 2747 724 2807 sine
740 2746 935 2808 instructione
949 2745 1067 2818 relicti,

66 2841 94 2892 et
107 2831 240 2894 moribus
253 2832 437 2912 depravatio,
450 2841 500 2892 ant
513 2849 568 2912 per
580 2831 641 2904 ias,
654 2840 706 2892 ant
718 2849 772 2911 per
784 2832 865 2892 ateias
877 2831 915 2894 ad
929 2830 1067 2903 nemaeo,

66 2914 134 2977 indi
146 2934 205 2977 non
217 2917 281 2976 sine
294 2935 399 2996 magno
413 2936 472 2979 suae
483 2915 564 2980 urbia
580 2917 715 2981 seandalo
724 2926 755 2978 et
768 2917 958 2987 detrimento,
969 2932 1069 2975 ascen·

68 2999 146 3060 dent.
160 3001 359 3062 Praetermitto
373 2998 422 3064 hic
441 3001 522 3079 loqui
538 3000 576 3062 de
597 3003 724 3063 maxima
745 3003 877 3071 ratione,
896 3015 985 3078 quam
1005 3000 1067 3060 Deo

68 3084 212 3146 reddituri
231 3095 300 3146 sunt
320 3084 439 3164 parochi
464 3081 530 3156 itii,
551 3087 602 3164 qui
628 3084 769 3147 exhibent
782 3084 855 3142 tides
871 3083 1065 3157 ordinandis,

68 3185 137 3246 quos
150 3168 205 3246 ipsi
221 3165 295 3230 hene
309 3180 435 3231 noscunt
444 3170 595 3249 indignos,
606 3180 658 3233 aut
669 3167 882 3230 exhibentillas
895 3167 1066 3248 priuaqnlm

68 3269 97 3310 ac
110 3252 235 3312 reddant
247 3271 382 3332 securos,
396 3256 504 3334 piavit
524 3255 660 3336 diligenti
682 3253 912 3329 informatione,
925 3253 963 3315 de
982 3255 1063 3318 ordi·

68 3336 230 3397 nandorum
243 3339 383 3400 bonitate.

104 3422 171 3480 tao.
187 3422 238 3481 lV.
253 3425 383 3484 Tenetur
398 3423 541 3504 parochus
553 3441 586 3484 se
597 3422 759 3485 informare
774 3420 811 3481 de
822 3420 879 3496 iis,
898 3423 950 3502 qui
960 3425 1065 3484 vivunt

69 3501 98 3560 in
115 3512 232 3580 peccato
247 3505 369 3581 lethali,
389 3519 423 3569 nt
441 3526 490 3569 eos
505 3507 633 3586 corrigat
645 3528 654 3565 a
666 3505 704 3566 de
718 3506 895 3583 inimicitiis,
911 3516 941 3568 et
951 3507 1067 3566 scanda-

68 3581 103 3643 lis
114 3591 278 3664 pracsertim
292 3593 371 3655 inter
387 3608 507 3671 sponsos
516 3634 527 3668 ,
544 3601 593 3662 ut.
614 3597 759 3668 quantum
775 3586 914 3732 possitsse
930 3596 988 3664 eat,
1006 3592 1065 3651 illia
