2475 3975
147 171 204 233 tta
433 168 545 231 Prasia
561 165 743 249 confissorii.
760 166 832 248 cop.
844 168 873 228 9.

146 280 291 349 agnoscat.
306 274 402 351 Atque
421 268 469 333 blo
484 280 546 343 est,
560 271 611 331 ubi
632 270 730 330 anima
745 286 778 330 ae
798 269 894 330 cernit
908 268 941 330 ln
952 268 1080 349 quoduu
1094 277 1160 333 tar-

146 357 277 419 ribiliori
296 358 422 436 agonia3
446 374 516 417 uaur
536 356 590 415 atsi
611 362 684 415 tunc
702 354 765 433 ipsa
789 355 829 415 sit
847 355 940 433 magis
958 354 1162 433 determinata

147 442 184 503 ad
203 460 235 503 sc
256 442 435 505 vincendum
450 443 481 501 in
500 438 638 502 omnibus
650 485 659 511 ,
672 449 703 501 et
716 441 810 519 magis
829 447 941 518 attenta
956 440 993 499 ad
1005 442 1070 514 Deo
1092 444 1161 525 pla·

147 527 293 605 cendum,
307 525 501 589 nihilominds
510 524 570 605 qud
580 525 672 605 magis
682 523 813 606 agnoseit
824 542 891 585 suas
902 526 1160 605 imperfectiones,

147 611 183 674 cb
202 614 259 675 sibi
278 612 395 674 videtur
416 612 433 676 d
449 612 512 673 Deo
530 612 671 690 expulsa,
686 620 774 689 atqup
789 611 928 689 derelicta
943 619 1095 689 tamquam
1108 614 1161 674 in·

147 706 229 775 grata
243 696 392 760 beneficiis
406 697 530 777 acceptis
542 716 550 755 ε
564 694 627 769 imp
637 703 667 756 et
677 696 738 777 ipsa
747 694 910 773 spiritualia
923 696 1059 760 exercitia
1068 741 1078 766 ,
1088 716 1161 777 quaa

147 783 276 861 peragit,
297 792 331 844 ut
353 780 603 853 mutuationes,
625 780 866 859 communiones,
891 780 1158 853 mortificationes,

147 884 212 926 eam
232 868 324 946 magis
340 868 534 943 contristant3
548 884 617 927 nam
638 863 706 926 edm
723 883 755 925 ea
772 865 872 925 omnia
890 883 950 926 uon
971 865 1035 935 sinc
1046 884 1162 953 magno

147 950 237 1013 taedio
258 962 288 1013 et
305 972 391 1031 poena
416 951 565 1031 perficiat,
586 951 681 1013 credit
700 950 800 1011 omnia
823 949 912 1029 digna
929 951 1103 1047 suppliciis,
1128 963 1162 1013 et

149 1055 180 1097 aa
196 1038 259 1098 Deo
278 1038 477 1111 odibiliorem,
492 1038 571 1110 Quin
587 1037 737 1096 multoties
755 1035 861 1094 animae
875 1034 934 1096 illae
948 1035 1088 1109 ridentur
1098 1040 1163 1102 sibi.

147 1122 338 1201 sunrmoperd
355 1122 448 1185 odisse
466 1122 583 1192 Deum,
602 1138 691 1219 quam
715 1119 755 1179 ob
780 1137 897 1179 causam
920 1120 999 1179 Deus
1022 1138 1071 1181 eas
1091 1120 1162 1199 jam

150 1207 356 1283 reprobaverit
376 1215 517 1283 tanquam
536 1205 591 1266 sibi
610 1204 764 1281 mimicas3
778 1215 808 1265 et
832 1204 927 1279 adhuc
946 1206 978 1267 in
995 1206 1057 1267 vita
1069 1207 1163 1267 iaciat

148 1292 207 1351 illis
220 1291 347 1371 experiri
366 1290 572 1363 damnatorum
592 1308 692 1369 poenas
706 1300 755 1360 ,et
777 1290 910 1349 divinam
923 1289 1160 1355 derelictionem.

148 1378 185 1434 Et
198 1374 356 1453 aliquando
369 1376 448 1436 Deus
459 1376 623 1454 permittit,
636 1384 671 1435 ut
682 1374 852 1452 hujusmodi
862 1375 1055 1437 desolationes
1064 1380 1163 1439 comi·

146 1471 248 1520 tantur
265 1463 345 1521 mille
365 1462 429 1539 olipa
449 1463 641 1531 tentationes,
658 1459 693 1521 dt
712 1470 809 1521 motus
825 1460 1023 1539 impuritatis,
1037 1464 1162 1526 iracun-

146 1546 220 1617 diaa,
236 1546 442 1625 blasphemiae,
458 1546 692 1617 incredulitatis,
708 1548 909 1625 etpraesertim
923 1546 1158 1631 desperationis:

146 1631 187 1689 ita
205 1640 235 1687 ut
255 1630 417 1690 miseracio
443 1648 546 1709 magna
567 1632 617 1691 illa
637 1631 834 1702 obscuritate,
855 1640 886 1690 et
905 1632 1078 1693 confusione
1094 1652 1160 1697 nou

145 1715 274 1775 valentes
288 1715 453 1777 discernere
471 1716 667 1777 resistentiam
680 1715 859 1786 voluntatis,
873 1717 951 1794 (quae
968 1715 1072 1777 revera
1084 1727 1160 1781 tunc

145 1799 247 1873 adest,
262 1801 312 1862 sed
334 1802 405 1881 ipsis
426 1810 470 1862 est
491 1802 621 1876 occulta,
637 1809 689 1860 aut
708 1802 811 1859 saltem
835 1799 925 1860 dubia
942 1800 1058 1861 ratione
1078 1821 1161 1881 prae-

145 1887 247 1945 sertim
268 1886 466 1966 tenebrarum)
482 1887 605 1946 timeant
621 1888 722 1963 sejam
733 1886 927 1960 consensisse,
944 1893 976 1946 et
990 1884 1058 1947 ideb
1071 1888 1158 1949 tautb

145 1973 237 2052 laragia
266 1974 432 2046 existimant
444 1966 475 2044 se
494 1972 647 2046 derelictas
659 1970 676 2032 1
690 1972 763 2032 Deo.

185 2058 318 2120 1511111
337 2076 407 2138 ergo
429 2058 621 2128 confessarius
640 2057 759 2137 quando
778 2057 806 2134 ei
825 2055 924 2147 aliqua
942 2074 979 2131 ex
999 2057 1157 2119 animabus

144 2144 206 2206 istis
225 2145 372 2218 occurrit,
385 2163 451 2226 quae
464 2143 525 2222 jam
539 2161 592 2222 per
601 2142 810 2224 perlectionem
822 2141 1031 2225 progreditur-3
1043 2152 1075 2204 et
1087 2160 1158 2223 opt-

144 2240 233 2290 uatur
250 2249 281 2291 se
300 2231 488 2306 derelictam3
503 2230 535 2300 in
549 2229 653 2308 primis
666 2247 727 2288 non
742 2225 896 2287 terreatur
907 2225 1037 2286 videndo
1047 2228 1156 2288 cousu-

143 2313 257 2372 sionem
274 2312 366 2386 banc,
383 2323 412 2382 ct
430 2311 576 2372 audiendo
596 2323 640 2373 tot
657 2312 855 2393 expressiones
872 2311 987 2369 timoris
998 2319 1029 2370 et
1047 2311 1157 2390 despe-

144 2397 284 2470 rationis3
297 2413 351 2454 nec
367 2413 398 2455 se
409 2396 544 2464 ostendat
560 2397 699 2455 timidum
713 2405 765 2457 aut
775 2397 837 2456 ullo
851 2394 939 2457 modo
951 2392 1154 2469 haesitantem,

143 2481 194 2540 sed
211 2482 339 2542 viriliter
348 2499 413 2541 eam
427 2482 571 2541 confortet
585 2481 622 2542 ad
635 2481 709 2541 nihil
723 2482 913 2542 timendum:
927 2490 1000 2542 eteo
1014 2489 1157 2561 tempore

70 2565 76 2588 “
142 2563 209 2648 plds
222 2564 312 2646 qulam
331 2565 401 2628 alias
416 2567 527 2627 animet
547 2566 584 2627 ad
601 2566 810 2627 confidendum
824 2567 945 2640 inDeo,
961 2568 1088 2627 recitans
1105 2568 1154 2629 illi

141 2673 174 2714 ea
191 2654 300 2728 verba,
315 2672 381 2732 quaa
394 2653 539 2716 Dominus
550 2651 663 2714 dicits.
678 2651 928 2730 Therasiae,qudd
939 2651 1050 2713 seilicet
1061 2671 1157 2715 nemo

93 2799 106 2826 Ι
141 2741 238 2800 Deum
260 2738 370 2798 amittit
392 2737 501 2815 absque
517 2755 553 2797 oo
574 2737 655 2816 qubd
673 2745 827 2814 eognoscat
847 2736 993 2796 amittere.
1016 2737 1104 2798 Dicat
1124 2741 1154 2800 ci

142 2841 245 2885 ornnes
254 2823 523 2900 illassuggestiones
537 2821 784 2902 blasphemiarum
795 2821 1156 2901 ,incredulitatis,impu-

141 2911 261 2983 ritatis,
279 2917 307 2968 et
326 2907 539 2986 desperationis
551 2925 611 2967 non
628 2925 691 2967 esse
706 2923 881 2979 consensus,
893 2906 943 2966 sed
956 2924 1074 2985 poeuas,
1083 2927 1155 2984 qum

140 2997 164 3056 si
185 3013 252 3056 curn
279 2991 476 3072 resignatione
507 2993 694 3065 tolerentur,
721 2993 852 3069 animam
876 2991 973 3068 magis
996 2993 1154 3071 magisque

141 3081 203 3141 Deo
213 3079 407 3159 conjungunt.
422 3078 522 3153 Dicat,
534 3077 551 3138 11
566 3081 628 3139 Deo
638 3095 792 3155 nunquam
802 3077 870 3149 odio
882 3075 984 3137 habdrl
993 3076 1129 3139 animam
1142 3125 1151 3151 ,

139 3161 230 3239 aqua
248 3175 382 3238 amatur,
403 3173 432 3230 et
455 3182 521 3240 quae
542 3163 628 3235 bonae
643 3172 688 3222 est
710 3161 883 3223 voluntatis.
906 3160 1024 3237 Addat,
1049 3162 1152 3225 Deum

139 3247 180 3305 ita
200 3263 231 3303 se
247 3263 349 3320 gerere
367 3267 435 3321 cum
449 3249 604 3318 animabus
622 3247 639 3308 ia
654 3265 686 3308 so
700 3247 793 3325 magis
805 3246 931 3306 dilectis.
944 3245 1153 3310 ariditatibus

140 3337 170 3387 ct
188 3327 399 3388 tentationibus
416 3331 542 3407 (dicebat
554 3334 586 3394 S.
606 3331 755 3409 Therasia)
770 3330 877 3409 probat
892 3332 971 3391 Deus
982 3348 1055 3393 suos
1068 3351 1152 3393 ama·

139 3417 228 3466 tores.
242 3408 380 3478 Quamvis
398 3414 518 3485 ariditas
533 3415 595 3490 totio¹
613 3415 675 3476 vita
696 3414 857 3493 perduret,
871 3415 970 3474 anima
982 3432 1044 3475 nou
1057 3418 1149 3476 omit-

140 3497 182 3545 tat
210 3489 393 3562 orationem;
414 3496 514 3555 veniet
536 3507 653 3576 tempus
683 3516 742 3576 quo
763 3499 864 3559 omnia
885 3499 912 3560 ei
929 3496 1146 3588 persolvantur,

139 3567 164 3622 0
184 3567 272 3642 quam
290 3567 443 3645 pulchram
458 3591 513 3649 pro
530 3581 629 3640 anima
645 3581 772 3642 desolata
785 3584 978 3644 senteutiam!
1002 3584 1148 3646 llortctur·
