2475 3975
140 183 199 246 sto
328 179 465 262 Epitootc
478 173 955 240 doetrinaeororoliscteonorueoe

138 283 230 344 nister
245 282 425 342 ordinarius.
440 281 498 342 ttit
511 281 535 338 si
548 279 578 339 id
594 278 724 340 audeaut
736 277 847 356 absque
865 275 985 355 parochi
997 276 1147 342 facultate.

137 374 239 428 contra
258 374 402 426 statutum
427 366 458 426 in
473 362 662 424 flatechismo
688 363 823 423 Romano
847 370 979 440 peccant,
1004 361 1147 433 Quinimti

137 450 275 530 Religiusi
294 458 437 530 mpetum
453 457 617 526 ungentes,
634 445 759 510 minimi
771 445 789 506 a
802 445 930 524 parocho
940 445 1032 522 petita
1048 447 1146 515 veuit,

137 537 350 616 praetergravis
366 536 460 614 culpes
470 541 585 594 reatum
603 534 636 594 in
653 532 988 593 excommunicationem
1011 531 1148 592 incidunt

138 622 307 699 apostoticae
319 619 387 685 Sedi
409 627 599 690 reservatam,
616 618 649 678 in
671 616 856 684 Clementiud
867 618 891 676 l.
906 614 944 675 dc
962 617 1148 695 privilegiis,

136 707 255 767 excluso
270 714 368 764 umen
388 703 571 763 necessitatis
585 701 733 773 articulo,
750 702 781 760 in
795 717 856 778 quo
868 707 967 760 actum
984 699 1148 772 charitatis,

138 807 198 851 non
214 789 395 852 auctoritatis
411 788 536 848 abusum
559 795 709 852 exorceat.
729 787 797 846 ttoec
812 784 893 846 dicta
909 785 969 845 sint
983 785 1022 844 de
1036 787 1149 870 Latinis

137 875 353 945 sacerdotibus,
378 873 448 936 cium
468 873 506 934 de
528 873 636 934 Graecis
649 873 706 934 alia
727 872 767 931 sit
779 873 877 931 ratio:
893 888 963 938 nam
982 872 1064 953 apud
1076 873 1147 932 istos

138 971 257 1022 mosest
269 1007 278 1034 ,
292 979 347 1024 uec
366 960 382 1021 a
397 960 538 1034 Romanis
559 957 751 1024 Pontificibus
764 956 967 1035 improbatus,
986 967 1021 1017 ut
1040 959 1075 1023 in
1091 957 1149 1019 hoc

138 1046 326 1108 Sacramenta
345 1046 524 1112 conserendo
549 1056 663 1125 septem
678 1043 864 1116 sacerdotes,
886 1042 934 1110 vel
957 1042 1063 1106 saltem
1086 1052 1149 1105 tres

139 1131 247 1207 presit
266 1133 336 1196 sint.
358 1131 434 1190 ibid.
451 1149 483 1190 n.
495 1131 526 1190 8.
924 1179 927 1189 .
1077 1186 1081 1192 ,

180 1217 338 1296 Unguntur
350 1215 421 1277 vend
440 1214 542 1275 fideles
556 1213 606 1273 tali
632 1213 739 1284 morbo
759 1213 947 1283 laborantes,
967 1210 1048 1274 unde
1067 1215 1152 1299 peri3

138 1311 239 1361 torum
253 1301 366 1378 judicio
390 1319 471 1362 mors
494 1297 630 1378 proxime
648 1307 783 1359 secuturo
801 1297 964 1376 prudenter
981 1300 1149 1376 timeatur3

139 1403 231 1463 quere
248 1386 456 1465 denegandum
467 1395 511 1446 cst
528 1386 586 1456 iis,
602 1384 712 1461 quibus
724 1392 839 1443 eertum
854 1382 937 1442 adest
950 1383 1020 1444 vitae
1031 1384 1151 1462 pericu·

139 1469 223 1540 lum,
250 1471 321 1548 putri
344 1489 426 1532 mare
453 1469 702 1546 transgressuris,
720 1469 858 1547 praetium
877 1468 1018 1540 inituris,
1041 1469 1150 1529 ultimo

139 1553 283 1630 supplicio
295 1554 474 1628 afficiendis3
492 1551 560 1612 crim
581 1551 638 1612 hoc
661 1553 722 1622 iltis
735 1553 834 1624 desit,
851 1551 933 1630 qndd
951 1553 1058 1612 morbo
1069 1554 1151 1632 peri·

138 1636 236 1696 culoso
248 1636 392 1704 laborent.
408 1637 470 1704 Hoc
489 1635 561 1698 vero
581 1635 679 1695 morbi
700 1638 799 1714 gravis
812 1636 1028 1715 periculumite
1048 1655 1153 1699 necas·
1220 1656 1221 1679 ι

138 1721 250 1781 sarium
268 1729 333 1792 est,
352 1729 386 1780 ut
399 1722 478 1784 sanis
499 1720 641 1781 collatum
654 1723 877 1792 Sacramentum
894 1724 942 1784 vei
960 1724 1078 1783 nullum
1091 1726 1148 1790 sit.

137 1806 185 1867 vel
211 1807 359 1867 illicitum.
377 1808 483 1885 Neque,
503 1816 590 1886 urget
616 1807 787 1870 Graecorum
811 1808 991 1867 consuetudo
1017 1810 1153 1888 ungendi
1220 1842 1221 1845 κ

135 1889 215 1954 bene
228 1895 378 1968 valentes;
396 1910 465 1952 nam
483 1893 507 1954 si
525 1892 557 1952 id
573 1902 662 1972 agant
674 1895 754 1964 rati,
776 1911 808 1958 se
822 1894 955 1958 conferre
978 1911 1083 1958 verum
1097 1897 1153 1956 Sa·
1220 1890 1221 1967 J

139 1990 346 2050 crementum,
363 1978 534 2058 increpandi
560 1981 669 2039 acriter
689 1986 777 2051 sunt,
799 1989 831 2040 et
851 1977 1050 2059 prohibendi3
1072 1981 1154 2043 sient
1220 1974 1221 2010 ³

139 2072 212 2127 tune
232 2069 322 2137 etiam
346 2064 438 2134 edm,
456 2072 491 2124 ut
513 2064 593 2142 apud
610 2065 678 2125 iilos
695 2065 849 2125 interdum
865 2064 926 2137 tit,
947 2066 1012 2126 ioco
1036 2067 1155 2132 satiatas
1220 2061 1221 2098 ³

140 2152 246 2212 ctiouis
269 2170 323 2230 per
348 2148 538 2223 euniessfflos
562 2149 768 2229 imponendae,
788 2150 965 2229 poenitentes
987 2152 1152 2230 inungunt.

140 2234 219 2296 ibid.
230 2256 260 2297 ea
279 2280 293 2304 ι.
309 2238 339 2304 5„

179 2256 400 2381 erovfftcndum
422 2329 580 2382 esttamen
598 2322 615 2383 i
632 2320 780 2402 parocho,
799 2339 837 2381 nn
851 2321 883 2380 in
893 2320 950 2382 hoe
961 2322 1156 2388 Sacramenta

140 2404 372 2469 administrando
382 2424 555 2485 supremum
566 2409 636 2468 sitae
647 2408 806 2474 articulum
822 2415 956 2485 expectet
967 2406 1038 2481 3sed
1051 2417 1157 2469 matu-

139 2487 202 2551 rit'rs
218 2487 248 2548 id
262 2496 345 2567 agat,
367 2489 436 2550 edm
456 2510 534 2569 aeger
558 2491 694 2553 nondum
711 2492 846 2557 sensibus
858 2492 1015 2556 destitutus
1030 2536 1039 2562 ,
1053 2494 1156 2571 preci-

140 2575 195 2637 bus
208 2576 367 2643 saoerdotis
380 2594 447 2637 suas
465 2578 556 2643 etiam
571 2575 734 2655 adjungere
756 2578 847 2637 vaiet.
860 2576 1081 2641 Providendum
1106 2578 1154 2644 itti

140 2669 185 2723 cst
199 2662 306 2733 etiam,
321 2680 360 2723 ue
376 2662 432 2723 hnc
443 2664 663 2723 Sacramentum
675 2706 686 2747 ,
698 2679 877 2742 quamquam
894 2681 954 2727 uon
968 2671 1012 2723 est
1022 2662 1062 2722 de
1072 2681 1155 2741 praef

140 2754 243 2825 coptu,
257 2747 425 2823 petentibus
449 2748 594 2827 deneget3
613 2747 644 2824 id
665 2750 789 2811 enimsi
809 2748 857 2808 vel
873 2748 917 2807 iiii
938 2757 1077 2825 negaret,
1103 2752 1155 2810 vei

141 2850 205 2893 non
222 2830 365 2901 offerret,
383 2849 505 2907 gravem
521 2833 639 2909 culpam
656 2832 867 2893 committeret.
879 2832 960 2905 Quin
975 2850 1030 2891 nec
1042 2832 1156 2895 desunt

140 2918 256 2997 plures,
277 2914 329 2994 qui
346 2915 526 2994 opinentur,
543 2923 690 2993 aegrotum
710 2928 867 2991 negantem
888 2918 1020 2995 recipere
1036 2934 1157 2981 sacrani

140 3002 331 3073 unctionem,
345 3018 432 3069 reum
455 2999 557 3061 habdri
571 2998 688 3065 lethalis
711 3002 806 3079 culpae
820 3045 829 3077 ,
841 3000 910 3062 erim
929 3021 965 3061 ex
976 3011 1155 3080 contemptu

139 3087 319 3149 Sacramenti
334 3088 365 3154 id
378 3105 504 3151 renuere
518 3084 626 3147 merito
638 3088 750 3149 censeri
766 3088 869 3166 possit.
883 3087 959 3147 tbid.
976 3106 1002 3147 c.
1013 3088 1044 3147 7.

178 3175 281 3234 Pueris
297 3180 366 3233 ante
385 3166 472 3232 us'uru
495 3172 619 3237 rationis
638 3189 675 3232 ex
694 3174 836 3251 perpetui
858 3171 993 3232 Ecclesia
1015 3172 1157 3239 doctrina

141 3276 202 3319 non
227 3253 335 3334 datur,
356 3272 555 3337 quamquam,
574 3266 608 3316 nt
627 3256 659 3317 id
686 3255 766 3318 licite
781 3256 853 3329 fiat,
877 3265 946 3316 aetas
971 3256 1021 3317 illa
1033 3257 1156 3321 firmior

140 3341 318 3416 expectanda
332 3360 392 3399 non
408 3350 472 3413 est,
485 3340 544 3419 qud
556 3342 737 3420 sacramenti
754 3342 935 3419 peanitentiae
951 3356 1071 3419 capaoes
1081 3362 1159 3405 cen-

138 3431 252 3481 sentur.
280 3424 383 3481 Pueris
402 3426 572 3485 accensendi
596 3435 666 3485 sunt
684 3426 775 3488 etiam
797 3424 942 3504 perpetuo
964 3434 1097 3495 amentes
1124 3441 1157 3491 et

138 3500 262 3571 furiosi,
282 3504 390 3577 quibus
404 3517 542 3566 constans
558 3509 615 3567 fuit
634 3528 688 3587 per
704 3519 796 3569 totum
817 3510 906 3571 vitam
927 3510 1158 3579 emendation·
1220 3543 1221 3586 t

138 3582 217 3633 stans
230 3620 238 3647 ‚
252 3584 392 3659 inquam,
408 3605 477 3645 num
489 3592 514 3647 si
537 3593 632 3653 adulti
646 3612 733 3654 usum
756 3593 879 3653 rationis
896 3593 1057 3671 aliquando
1073 3597 1159 3658 obti-
1220 3607 1221 3612 ’
