2475 3975
128 156 167 218 78
413 152 524 217 Prusia
538 150 722 234 calefactorii.
735 154 809 236 Cap.
824 152 856 215 7.

130 256 249 339 prodest
263 255 308 318 uti
322 274 389 319 cum
400 256 442 317 eis
460 254 743 335 interrogationibus
759 253 952 334 suggestum,
968 254 1054 317 verbi
1073 272 1143 333 gra·

132 344 172 403 tit
193 364 201 403 r
226 344 269 403 Et
296 361 376 403 nuere
401 340 448 402 dio
474 340 551 402 arilei
561 386 572 419 ,
593 338 706 420 quotics
731 339 792 403 baec
817 338 936 419 luisti?
957 339 1143 421 Quinquies,

130 424 246 489 decies?
262 429 441 505 Interroga,
463 443 592 503 quocum
606 426 778 495 dormiant,
793 427 857 485 etsi
873 426 905 485 in
916 426 990 485 lecto
1002 426 1144 485 manibus

127 509 216 589 iocati
228 512 358 573 luerint?
375 510 488 571 Puellas
501 511 685 589 interroget,
699 512 723 571 si
742 511 872 589 aliquem
882 509 1024 586 juvenem
1039 528 1144 571 amare

131 596 244 659 suerint
260 604 424 677 prosecutae
438 640 445 666 ‚
461 604 491 655 ει
504 614 541 653 an
552 594 703 655 adfuerint
715 595 1026 673 pravaecogitationes,
1038 595 1145 667 verba,

130 690 181 743 aut
198 684 311 742 tactus?
326 682 361 739 lit
373 678 389 740 ia
399 681 546 758 responsis
561 679 702 757 procedat
714 679 751 739 ud
769 680 927 740 ulteriores
941 680 1148 757 interrogatio·

132 784 200 843 nes,
220 766 270 827 sed
291 775 390 827 caveat
419 766 457 825 ab
481 764 697 843 exquirendob
719 765 846 843 puellis3
862 764 910 823 uel
928 762 946 823 a
967 765 1091 843 pueris,
1105 783 1147 827 au

132 850 257 911 adiuerit
273 852 395 911 seminis
408 850 532 925 edusi03
553 868 621 909 cum
641 848 687 911 lais
706 852 788 909 enim
811 846 918 909 melitis
931 858 976 909 εει
997 848 1101 911 deesse
1112 851 1147 911 in

37 1010 40 1019 1
133 934 301 1015 integritate
314 936 457 997 materiali
469 936 676 1007 consessionis,
691 934 780 1013 quim
797 952 860 994 esse
873 943 1149 1013 causamutapprc·

132 1017 264 1083 bendant
284 1042 349 1101 quae
363 1023 495 1082 nondum
510 1020 668 1091 noverint,
688 1021 736 1080 vel
753 1028 904 1098 ponantur
919 1021 951 1079 in
972 1022 1147 1084 curiositate

134 1105 315 1167 addiscendi.
331 1110 534 1183 interrogetur
545 1105 635 1163 etiarn
654 1104 801 1184 spumis,
816 1124 854 1164 an
866 1105 1020 1165 attulerint
1039 1109 1151 1167 nuntia

134 1192 181 1250 vel
193 1191 269 1251 donb
281 1192 416 1251 virorum
431 1189 633 1249 mulieribus?
646 1192 683 1249 Et
696 1190 821 1267 puellis,
833 1208 871 1250 an
884 1192 1050 1267 acceperint
1065 1190 1148 1253 dona

133 1272 149 1333 b
170 1274 302 1351 personis
331 1274 492 1353 suspectis,
520 1292 630 1352 nempe
651 1274 834 1352 conjugatis,
854 1274 1072 1350 ecclesiasticis,
1094 1287 1151 1337 aut

134 1359 302 1436 religiosis?
326 1360 356 1417 6.
379 1362 567 1437 lnterrogct‚
591 1378 629 1419 an
650 1360 853 1419 commiserint
875 1360 1013 1431 furtum,
1034 1361 1084 1419 uel
1109 1380 1153 1421 an

135 1442 276 1502 damnum
292 1444 446 1503 attulerint
469 1444 585 1520 proediis
597 1445 722 1517 alienis,
740 1444 861 1513 bestiis,
885 1453 937 1503 aut
959 1444 1016 1505 alio
1029 1445 1152 1505 mado?

134 1528 163 1587 7.
178 1528 224 1587 An
237 1528 325 1587 alicui
340 1528 545 1586 detraxerint?
556 1530 586 1587 8.
597 1531 680 1589 Circa
698 1537 844 1607 precepta
857 1530 992 1589 Ecclesiae
1014 1529 1153 1591 interro·

134 1621 200 1692 get,
216 1630 252 1671 an
276 1612 466 1690 impleverint
486 1612 697 1673 contessionem
711 1620 742 1671 ct
763 1614 1006 1673 communionem
1024 1614 1153 1690 pascha·

136 1699 195 1759 lcm
208 1703 223 1757 ι
234 1699 317 1757 Etan
330 1713 433 1757 carnes
456 1702 507 1755 unt
523 1698 668 1758 lacticinia
689 1697 872 1757 comederint
883 1696 986 1757 dicbus
1005 1700 1133 1759 vetitis?

174 1784 221 1843 ut.
235 1782 321 1856 Quod
339 1791 438 1841 autem
458 1783 588 1860 pertinet
606 1784 645 1843 ad
666 1782 883 1842 absolutionem
896 1780 942 1842 bis
967 1784 1067 1861 pueris
1087 1784 1155 1847 im-

135 1867 340 1947 pertiendam,
359 1884 462 1945 magna
478 1869 645 1945 requiritur
656 1868 791 1928 attentio.
805 1867 836 1925 Si
859 1875 972 1927 constet
987 1867 1070 1945 qubd
1089 1869 1153 1948 ipsi

134 1954 428 2015 sufficicntcmusum
451 1955 574 2014 rationis
589 1953 651 2032 jam
675 1951 827 2035 habeant,
850 1963 940 2032 prout
955 1952 982 2014 si
1007 1952 1155 2018 distincte

135 2039 334 2115 confitentur,
350 2039 402 2118 ¹vel
423 2037 575 2116 adaequate
598 2038 883 2118 interrogationibus
894 2038 1099 2117 respondent,
1121 2048 1157 2100 et

134 2134 274 2205 appareat
294 2122 374 2203 qubd
388 2122 516 2202 ipsi‘jam
531 2123 785 2203 comprehendant
798 2142 866 2183 cum
880 2133 999 2202 peccato
1012 2142 1045 2183 se
1057 2123 1154 2185 offen·

134 2211 209 2272 disse
233 2213 348 2281 Deum,
371 2219 401 2270 ει
420 2211 561 2270 meruisse
577 2211 751 2285 inlcrnum3
770 2217 843 2268 tunc
861 2209 885 2267 si
901 2208 971 2268 satis
987 2207 1156 2269 videantur

134 2294 266 2371 dispositi
281 2337 288 2363 ,
304 2295 505 2354 absolvantur.
519 2297 558 2355 tr
572 2297 596 2355 si
618 2299 651 2357 in
663 2296 789 2374 peccatis
801 2293 958 2355 lethalibus
981 2302 1051 2354 sunt
1071 2298 1156 2356 reei-

135 2377 215 2446 divi,
234 2376 290 2453 ipsi
306 2378 451 2435 tractandi
463 2388 533 2436 sunt
546 2381 624 2439 sieut
636 2382 732 2441 adulti
749 2402 757 2439 ε
782 2381 862 2444 unde
878 2381 903 2439 si
922 2398 982 2439 non
995 2379 1156 2457 praebeant

48 2520 54 2531 ,
135 2461 365 2522 extraordinaria
379 2462 461 2539 signa
484 2463 615 2536 doloris,
629 2467 775 2527 absolutio
794 2467 837 2527 eis
857 2464 971 2525 differri
994 2465 1093 2526 debet.
1118 2469 1154 2530 Si

135 2557 233 2608 atatem
245 2545 371 2606 dubium
383 2547 422 2606 sit
437 2592 444 2621 ‚
466 2567 504 2608 an
524 2567 599 2627 puer
611 2553 774 2628 perlectum
788 2543 875 2612 usum
888 2549 1013 2610 rationis
1026 2548 1153 2626 babeat,

136 2640 223 2712 prout
240 2631 264 2691 si
277 2630 328 2690 ille
350 2632 382 2690 in
402 2642 468 2693 actu
491 2635 682 2698 confessionis
703 2655 764 2697 non
787 2645 921 2696 maneret
943 2635 1151 2713 compositus,

136 2717 185 2780 sed
198 2715 296 2778 oculos
314 2717 464 2796 ingyrum
483 2728 605 2798 agerer,
620 2723 757 2783 manibus
766 2721 936 2799 jocaretur,
949 2721 1155 2798 impertinen-

137 2805 176 2866 tia
196 2804 418 2880 interponerem
441 2813 511 2864 tunc
524 2807 548 2865 si
561 2815 605 2868 est
618 2809 649 2867 in
665 2809 797 2887 periculo
810 2807 917 2869 mortis
930 2849 939 2878 ‚
953 2815 1006 2865 aut
1025 2805 1058 2865 in
1072 2805 1154 2869 obli·

136 2889 253 2970 gatione
279 2887 421 2966 implendi
438 2899 617 2969 praeceptum
637 2891 789 2970 paschale,
810 2891 1007 2952 absolvendus
1024 2899 1069 2949 est
1090 2894 1153 2958 sub

136 2975 322 3048 conditione;
339 2981 369 3034 ει
386 2972 469 3036 tantd
480 2977 573 3054 magis
590 2977 614 3036 si
628 2979 775 3038 confessus
788 2975 1008 3053 ineritaliquod
1019 2975 1153 3042 dubium

137 3061 261 3118 mortale
274 3057 350 3136 (Lib.
363 3060 392 3119 6.
412 3077 444 3117 rt.
459 3061 528 3120 452.
549 3077 626 3122 vers.
641 3064 726 3142 IV.),·
742 3062 818 3125 bene
834 3063 914 3122 onim
935 3071 1032 3140 potest
1051 3060 1155 3126 adrai-

136 3142 262 3202 nistrnrc
292 3155 508 3204 sacramentum
529 3146 585 3206 sub
612 3148 803 3220 conditione,
827 3145 945 3225 quando
964 3143 1044 3222 justa
1063 3146 1154 3212 adest

136 3242 240 3296 causa,
263 3233 297 3283 ut
313 3238 388 3287 esset
400 3228 461 3288 baec
474 3230 618 3290 liberandi
635 3233 714 3294 bunc
726 3252 853 3310 puerum
865 3230 882 3290 b
892 3240 970 3290 statu
983 3229 1153 3295 damnatio·

137 3308 194 3380 nis,
211 3307 235 3366 si
248 3324 378 3382 unquam
387 3313 418 3371 in
431 3314 517 3374 illam
530 3325 573 3376 est
586 3316 684 3395 lapsus
694 3318 769 3397 (Lib.
785 3320 814 3378 9.
826 3337 860 3378 n.
872 3315 946 3395 ab).
958 3315 1053 3394 quue
1062 3334 1154 3393 agen·

139 3389 230 3461 dum,
250 3389 364 3447 etiamsi
392 3411 467 3467 puer
491 3400 529 3458 sit
544 3401 714 3480 recidivus3
735 3402 808 3463 daim
832 3399 899 3463 ideb
921 3399 1035 3462 differri
1058 3399 1153 3467 debeb

137 3469 283 3528 absolutio
308 3471 344 3526 iis
365 3473 416 3547 qui
438 3481 595 3551 perlectam
611 3484 820 3548 discretionem
840 3485 971 3556 liabent,
992 3484 1063 3562 quia
1080 3503 1154 3564 spos

139 3556 201 3617 cst,
220 3547 300 3624 qubd
326 3567 362 3610 ex
382 3554 433 3614 tali
450 3559 591 3626 dilatione
614 3567 670 3646 ipsi
685 3569 809 3631 redeant
835 3570 969 3650 dispositi
985 3591 995 3646 3
1013 3570 1065 3630 sed
1080 3589 1151 3650 spes
