2475 3975
355 183 407 241 Ex
422 178 557 261 operibns
569 177 720 239 Benedicti
736 182 827 243 XIV.
1061 184 1117 245 587

113 302 150 345 co
170 282 219 343 dle
236 279 473 343 noncelebrans
494 278 649 340 offensioni
671 288 764 357 essct,
781 290 812 341 et
836 278 981 340 scandalo.
1003 283 1075 341 llam
1091 285 1116 344 si

111 365 241 448 parocho
263 363 470 426 celebrandum
491 373 537 425 est
553 365 591 424 ad
611 364 843 425 'ministrandum
865 364 1023 425 viaticum.
1039 368 1116 428 Sunt

110 452 162 531 qui
180 450 310 523 addunt,
330 449 463 510 sufficere
481 448 519 509 ad
540 448 766 509 celebrationem
793 453 826 509 in
849 466 884 509 eo
899 466 1000 509 rerum
1014 458 1113 521 stulu,

109 538 135 597 si
161 554 258 613 nuper
280 534 404 595 decessit
435 533 533 593 anima
564 532 758 611 probabiliter
783 532 925 593 sacrificio
956 532 1113 611 indigens3

109 620 192 699 quod
218 628 319 679 tamen
345 618 383 677 ab
405 617 492 689 aliis,
518 626 548 677 et
572 617 698 693 meritb,
730 615 829 678 minius
852 616 1016 696 probatur,
1045 615 1113 679 cum

106 721 210 766 omncs
232 703 338 763 animae
357 703 389 762 in
415 702 585 781 purgatorio
597 703 739 762 sacrificio
751 702 912 782 indigeant.
929 702 1005 763 Ibid.
1028 720 1059 761 n.
1082 704 1111 762 (i.

145 789 203 848 Sed
223 788 319 867 quid,
338 789 363 847 si
389 787 540 858 sacerdos,
561 789 656 865 coeptal
683 788 791 860 missi,
813 788 986 849 recordetur·
1003 788 1112 866 peceati

106 872 223 935 lethalis
241 890 301 934 non
317 872 440 951 expositi
455 872 487 931 in
512 873 708 944 contessione,
731 874 779 934 vel
804 890 835 933 se
854 874 996 953 obstringi
1015 871 1113 950 aliqud

105 958 253 1031 ceusurl,
271 958 318 1019 uel
333 957 482 1037 jejunium
503 973 564 1018 non
581 962 741 1018 servasse?
760 958 893 1019 Proiectis
910 960 934 1019 si
953 968 1021 1018 ante
1043 976 1114 1018 con·

103 1043 296 1103 secretionem
322 1042 456 1120 peceati,
484 1058 535 1101 seu
559 1039 665 1118 jejunii
697 1061 757 1103 non
785 1044 894 1103 servati
919 1043 1111 1111 recordatur,

107 1128 225 1189 missam
243 1126 378 1187 deserere
397 1134 536 1198 tenetur,
557 1127 614 1186 nisi
635 1126 714 1187 alicrd
728 1127 847 1187 suadeat
858 1125 954 1203 justus
974 1126 1011 1185 de
1031 1127 1111 1205 graui

106 1211 244 1273 scandalo
267 1212 366 1272 timor.
387 1210 418 1270 Si
438 1208 510 1272 verb
529 1220 595 1288 post
618 1214 889 1284 consecrationem,
907 1209 1040 1290 perficiat
1052 1214 1111 1280 ‚'ct

103 1308 203 1360 sumat
223 1305 438 1357 sacramentum
456 1295 605 1371 premissa
622 1297 817 1368 contritione,
837 1296 860 1354 si
876 1306 1009 1355 occurrat
1023 1310 1111 1372 grave

104 1390 258 1462 peecatum
274 1379 407 1440 nondum
429 1379 600 1456 poenitentirl
612 1378 740 1438 deletum
753 1424 761 1453 ,
776 1387 804 1439 ct
825 1378 935 1457 (elicito
950 1376 1110 1457 proposito)

102 1465 296 1528 satisfaciendi
322 1461 509 1542 postmodium
526 1471 673 1542 praeoepto
689 1464 875 1525 consessionis
902 1471 931 1523 et
952 1464 1111 1523 absolutio·

102 1553 162 1613 nis.
177 1550 208 1610 Si
236 1547 308 1610 verb
327 1556 453 1626 nequeat
482 1548 617 1618 conteri,
638 1548 728 1607 satius
756 1558 800 1608 est
825 1548 994 1609 scandalum
1013 1545 1111 1625 potius

43 1631 46 1637 ’
100 1635 297 1717 permittere,
318 1631 408 1712 quiam
427 1642 642 1694 sacramentum
662 1632 826 1707 conficere,
847 1642 877 1695 et
898 1630 1019 1714 indignis
1033 1632 1118 1695 ucci-¹

111 1738 184 1782 rere.

100 1740 111 1802 l
141 1802 319 1865 scandatum
331 1800 404 1861 verb
420 1818 459 1860 an
476 1810 611 1859 causaret.
628 1800 793 1861 recedendo
808 1802 846 1861 ab
866 1803 952 1863 altari
968 1804 1040 1879 ille,
1056 1806 1108 1883 qui

101 1890 134 1953 in
155 1888 220 1951 loeo
239 1888 354 1967 privato
371 1884 521 1945 celebrans
542 1902 612 1943 eum
627 1884 715 1944 unico
732 1886 887 1959 ministro,
911 1890 1018 1965 pcccati
1043 1907 1110 1967 gra·

81 1974 164 2050 ’uis‚
187 1970 323 2036 incbuatd
346 1970 452 2044 missa,
476 1968 665 2041 recordetur,
687 1971 811 2048 quaestio
835 1979 879 2031 cst
894 1986 1017 2050 anceps3
1038 1983 1109 2036 sunt

101 2061 182 2122 enim
209 2057 262 2136 qui
286 2053 445 2116 minimrlm
470 2073 532 2118 esse
551 2055 721 2116 scandalum
740 2064 881 2127 censent,
898 2056 1019 2117 si·adsit
1044 2066 1109 2119 tan·

100 2143 255 2206 tummodo
281 2141 418 2203 minister
437 2158 532 2219 puer,
553 2141 602 2200 vel
625 2140 800 2202 celebrantis
820 2157 941 2214 seruus,
964 2149 1016 2201 aut
1035 2142 1108 2205 ami-

100 2247 163 2292 cus.
177 2225 253 2288 Ibid.
266 2244 298 2286 n.
313 2227 343 2285 9.

139 2313 170 2374 si
191 2312 225 2372 aa
245 2311 314 2384 die,
336 2319 470 2388 tempore
489 2310 610 2370 missam
627 2309 828 2389 praecedente,
847 2327 935 2391 grave
957 2317 1108 2391 peceatum

99 2397 290 2461 commissum
304 2392 322 2454 ia
334 2393 483 2454 sacerdote
503 2395 611 2468 fuerit,
629 2395 667 2455 de
683 2412 742 2473 quo
754 2404 853 2459 tamen
868 2395 981 2468 doluit,
995 2406 1024 2459 ct
1040 2415 1109 2458 con-

98 2486 191 2548 sessus
204 2489 249 2540 cst
261 2523 269 2553 ‚
282 2497 342 2539 non
363 2478 448 2538 decet
470 2478 651 2540 sacerdotem
668 2480 769 2540 ebdom
789 2481 850 2559 ipsi
872 2479 920 2540 dic
937 2481 1106 2554 celebrare,

99 2567 170 2648 quia
183 2565 299 2626 tollitur
309 2561 428 2642 quidem
441 2574 540 2624 reatus
556 2565 650 2644 culpor
660 2610 669 2638 ‚
681 2565 732 2627 sed
748 2583 808 2626 nou
822 2564 963 2626 conunut
977 2567 1108 2628 immun·

99 2651 187 2714 ditics
205 2648 337 2727 corporis
357 2648 508 2709 adimitur.
531 2649 576 2710 lb.
591 2668 624 2709 n.
648 2652 697 2710 ll.
723 2649 805 2710 ldcm
823 2647 901 2708 dieas
917 2649 955 2709 de
975 2667 1030 2723 eo,
1055 2653 1106 2728 qui

98 2735 296 2817 pollutionem
317 2733 430 2810 proprii
449 2734 581 2813 corporis
596 2735 708 2804 sensit,
732 2749 786 2793 nec
810 2741 909 2792 tamen
935 2751 1107 2794 consensum

98 2817 246 2900 apposuit.
261 2818 402 2890 Quamvis
421 2817 503 2876 nulla
520 2819 560 2878 cit
576 2818 608 2878 in
624 2834 659 2878 eo
674 2819 778 2896 eulpa,
796 2817 934 2880 indecens
952 2828 1106 2879 esttamen

79 2900 134 2966 'ad
147 2900 323 2964 sacrificium
335 2900 471 2960 accedere
481 2923 489 2976 3
500 2906 662 2981 praesertim
671 2903 695 2965 si
705 2903 798 2964 menti
809 2900 1104 2965 tenacirlsinbaarcant

98 3007 196 3071 pravae
207 2986 408 3065 cogitationes.
421 2986 497 3047 lbid.
509 3005 540 3048 n.
554 2990 603 3049 lu.

137 3071 216 3146 Quid
239 3071 444 3144 statuendum,
468 3073 492 3130 si
510 3073 660 3151 contingat
682 3072 828 3133 delectum
849 3071 978 3151 aliquem
1003 3072 1106 3150 deprc-

97 3156 187 3218 bcndi
207 3156 255 3216 vel
276 3155 308 3216 ln
328 3171 420 3233 pauc,
439 3155 488 3214 vel
516 3157 548 3216 in
567 3158 637 3217 uino
661 3159 905 3231 consecrationis,
929 3173 966 3216 cx
989 3158 1106 3218 rubrierl

96 3247 267 3319 repetatur,
281 3256 347 3317 quoe
358 3239 479 3299 mandat
489 3259 499 3317 3
510 3242 533 3301 si
545 3241 623 3301 tortis
636 3242 746 3302 accidat
758 3287 766 3314 ‚
780 3248 814 3300 ut
832 3250 897 3319 post
910 3244 1106 3321 sumptionem

97 3323 248 3403 sanguinis
264 3323 517 3384 animadvertatur
530 3325 628 3406 pclmb
649 3326 744 3387 hostia
765 3327 864 3405 inepta
877 3327 1045 3394 Sacrificio,
1060 3345 1107 3385 re·

97 3407 274 3471 sumendum
287 3425 349 3469 esse
359 3425 471 3468 novum
488 3426 614 3486 panem,
629 3411 773 3470 etvinum
785 3428 852 3470 cum
866 3411 960 3489 aqud,
975 3419 1005 3468 et
1017 3409 1106 3468 verba

97 3492 324 3553 consecrationis
347 3510 437 3571 super
456 3502 619 3571 utrumque
633 3495 792 3572 repetenda
806 3537 814 3564 ,
829 3501 947 3571 sumpto
965 3492 1048 3551 initio
1070 3493 1107 3552 ab

95 3577 155 3637 illis
175 3575 293 3637 verbis:
314 3576 375 3652 Qui
385 3574 483 3656 pridie
507 3578 597 3655 qtcdoc
617 3585 787 3659 poteretur,
812 3579 885 3637 iacti
907 3587 1003 3633 tamen
1026 3573 1109 3654 priris

682 3689 688 3700 ν
900 3659 948 3718 55.
