2475 3975
272 160 300 241 i.
315 162 338 221 l.
352 158 468 223 Monito
479 158 521 222 od
532 156 707 223 sacerdotem
721 162 910 224 assistentem.
1039 164 1092 226 itt

88 262 248 349 promisit,
260 261 386 343 sortasse
407 261 510 334 dabit,
523 259 650 341 sortasse
665 282 728 326 oon
746 263 840 327 dobit.
854 265 939 340 Qudd
953 267 977 327 si
999 265 1096 327 adhue

89 352 230 412 infirmus
247 366 300 408 nec
312 348 401 408 etiem
424 364 478 426 per
499 346 561 407 haee
580 350 693 410 monita
710 349 748 410 ad
764 351 974 412 confessionem
991 350 1094 412 adduci

88 435 184 516 possit
196 478 205 507 ,
219 432 351 493 sacerdos
371 450 524 510 nunquam
537 450 605 493 eum
618 434 731 495 deserat
746 480 754 508 ,
779 434 829 495 sed
847 435 1023 513 quandoque
1035 446 1095 496 ter·

87 522 184 594 roris,
201 517 375 596 quandoque
394 516 510 577 fiduciae
523 520 703 595 argumentis
725 528 808 579 curet
827 522 925 598 ipsum
949 520 1095 598 expergis-

88 620 175 679 cere3
194 612 223 663 et
235 602 387 679 provideat
400 646 408 674 ,
422 610 455 661 ut
467 609 527 662 tam
542 603 685 681 privatae,
701 604 790 683 quim
803 605 929 683 publieoe
942 622 997 684 pro
1007 604 1096 683 hujus

88 689 189 752 miseri
209 688 301 746 salute
312 704 411 765 preces
429 686 466 745 ad
479 688 575 747 Deum
592 687 800 749 adhibeantur.

125 774 198 835 255.
210 773 261 831 lv.
273 772 302 830 Si
317 771 437 831 morbus
457 772 656 843 increbuerit,
669 774 822 835 infirmum
836 774 992 847 hortetur,
1006 782 1039 833 ut
1057 773 1095 834 de

87 861 149 919 suis
175 857 342 918 domesticis
358 856 447 915 rebus
466 856 635 934 opportune
649 856 806 934 disponat3
827 859 857 918 id
876 853 958 918 enim
976 859 1096 936 expedit

88 964 144 1024 pro
167 942 286 1002 familiae
301 958 391 1019 paco,
405 951 435 1001 ct
454 939 488 1000 ed
503 942 595 1019 magis
611 942 635 999 si
648 959 721 1019 opus
739 944 777 1000 sit
790 962 845 1021 pro
857 944 935 1002 illius
946 944 1096 1003 conscicn-

88 1030 136 1090 tiae
157 1026 313 1089 levamine.
327 1027 361 1085 ln
382 1024 437 1085 hoc
457 1034 554 1085 umen
575 1024 710 1085 sacerdos
724 1025 826 1085 scduld
842 1033 960 1096 caveat,
974 1044 1011 1085 ne
1033 1029 1096 1105 ipse

88 1116 119 1175 in
137 1114 268 1191 aliquam
282 1114 355 1171 lueri
371 1121 470 1171 notam
489 1110 609 1171 incidat.
624 1112 654 1170 Si
667 1119 766 1170 autem
793 1121 919 1189 oegrotus
934 1111 1036 1171 iratres
1049 1111 1097 1171 vel

87 1216 204 1261 sorores
225 1198 388 1275 indigentes
408 1195 513 1256 babeat
528 1240 537 1267 ,
551 1205 670 1256 moneat
684 1196 783 1275 ipsum
804 1197 860 1256 sub
881 1196 964 1275 gravi
986 1195 1096 1273 obliga-

87 1286 170 1346 tione
190 1282 283 1342 teneri
297 1282 355 1341 illis
373 1280 449 1341 hona
463 1300 514 1340 sua
533 1282 722 1358 relinquere,
737 1281 840 1341 saltem
855 1280 934 1359 quod
945 1280 981 1339 ad
992 1298 1097 1343 eorum

85 1368 290 1429 necessitatem
303 1365 511 1425 sublevandam
532 1364 667 1425 sufficiat.
682 1366 749 1424 llaec
764 1374 863 1424 tamen
875 1366 972 1442 gravis
986 1366 1098 1445 ohliga-

86 1455 130 1515 tio
144 1470 207 1514 non
222 1441 341 1510 videtur
351 1449 457 1523 urgere
472 1467 527 1527 pro
547 1448 758 1509 remotioribus
770 1448 954 1528 propinquis.
968 1450 1097 1510 Observa

86 1538 168 1617 quod
191 1534 303 1597 dictum
321 1542 365 1595 est
384 1536 415 1594 in
432 1552 520 1613 opere
532 1530 583 1597 tit.
598 1537 629 1595 4.
643 1554 675 1594 o.
690 1535 757 1603 ete.
769 1535 799 1593 Si
814 1533 883 1594 verb
895 1542 1020 1611 aegrotus
1032 1536 1098 1595 vult

86 1640 143 1703 pro
175 1638 227 1681 sua
258 1620 356 1681 anim'a
383 1618 502 1695 aliquod
524 1619 645 1692 testari,
677 1621 773 1698 ipsum
799 1628 942 1690 moneat,
962 1638 1001 1680 no
1022 1638 1097 1680 onus

85 1706 163 1769 illud
179 1704 346 1765 haeredibus
361 1705 517 1781 imponat,
533 1706 600 1782 quia
615 1706 794 1782 experientia
811 1704 912 1775 docet,
926 1705 1027 1783 legatis
1040 1704 1098 1784 piis

84 1790 164 1872 pand
181 1790 270 1850 nullis
285 1788 439 1858 satisfieri,
455 1789 506 1850 sed
525 1787 624 1869 potiris
640 1788 795 1862 hortetur,
808 1798 843 1847 ut
855 1790 975 1867 aliquod
991 1808 1099 1869 corpus

82 1878 254 1954 relinquat,
278 1882 329 1933 aut
352 1873 484 1952 pecuniae
505 1890 671 1944 summam,
695 1876 732 1932 ad
755 1874 922 1946 sacrificia,
942 1884 994 1935 aut
1009 1875 1098 1935 aliam

82 1964 167 2043 piam
194 1976 315 2040 operam
341 1958 577 2038 persolvendam.
602 1960 707 2020 Caveat
729 1957 880 2032 sacerdos,
903 1976 942 2019 ne
966 1960 1099 2020 consulat

81 2045 215 2109 infirmis
237 2043 383 2124 quidquid
405 2044 470 2102 aliis
490 2043 664 2122 praejudicio
681 2063 744 2105 esse
760 2053 874 2123 potest,
898 2043 967 2117 ciam
990 2042 1099 2106 Christi

14 2173 15 2180 .
80 2133 239 2196 ministros
254 2147 316 2190 non
331 2130 432 2189 deceat
445 2130 573 2189 aliorum
592 2131 694 2189 odium
715 2132 772 2189 sibi
785 2129 982 2188 commovere.

14 2219 16 2244 '²
121 2217 196 2279 254.
209 2217 248 2273 V.
261 2217 335 2274 Cum
346 2215 491 2284 rudibus,
506 2214 579 2272 dum
600 2223 682 2273 actus
700 2215 875 2274 christianos
889 2214 930 2272 eis
950 2217 1098 2292 suggerit,
1123 2286 1128 2292 ¹

80 2301 210 2368 ltalico,
226 2295 286 2356 lmd
302 2298 460 2356 vernaculo
474 2312 590 2374 semper
609 2289 750 2375 loquatur
769 2315 915 2363 sermono.
931 2301 1003 2359 Cum
1018 2301 1097 2362 litte«

81 2387 160 2450 ratis
183 2381 286 2442 contria
306 2381 486 2442 comiorihus
497 2382 594 2442 verbis
606 2427 613 2455 ,
626 2393 657 2442 et
675 2384 831 2462 aliquoties
848 2385 937 2444 etiam
950 2385 1049 2446 latinis
1061 2405 1097 2447 ex

83 2472 239 2548 Scriptura
255 2467 416 2547 excerptis,
436 2466 486 2525 sed
510 2466 649 2527 brevibus
665 2470 848 2530 sententiolis
868 2477 977 2530 amtor.
996 2473 1097 2533 Monet

83 2569 186 2620 tamen
201 2554 334 2624 Ritnale‚
357 2571 395 2614 ne
415 2553 549 2614 sacerdos
568 2555 657 2614 nimis
672 2556 839 2634 loquendo,
852 2565 883 2616 ct
902 2557 1012 2617 crebris
1028 2577 1096 2618 sen·

84 2641 204 2711 tentiis,
216 2649 249 2698 ut
261 2639 351 2716 aliqui
362 2640 476 2711 solent,
491 2639 611 2700 infirmo
621 2639 720 2718 potihs
735 2649 822 2718 caput
832 2641 994 2712 obtundet,
1007 2643 1097 2718 quiam

84 2727 217 2804 adjuvet.
236 2722 499 2803 Poterlieonpitus
513 2724 605 2784 eSoc.
617 2726 686 2784 lesu
705 2726 743 2786 de
763 2725 858 2802 seipso
880 2725 990 2796 refert,
1008 2728 1098 2786 morti

85 2809 257 2892 proximum
279 2809 424 2886 quidquid
436 2809 463 2868 ei
480 2808 633 2870 dicebatur
648 2853 656 2882 ,
670 2827 731 2871 non
754 2810 951 2886 intellexisse,
965 2809 1015 2870 sed
1031 2818 1097 2869 tan-

85 2895 151 2956 tirm
171 2891 321 2970 quoddam
341 2893 501 2953 molestum
528 2911 688 2972 murmur3
704 2896 745 2955 ita
766 2903 816 2966 ut,
840 2913 878 2956 ne
898 2895 990 2971 magis
1009 2902 1098 2970 caput

86 2979 228 3040 laederent
243 3021 251 3049 ,
264 2985 379 3038 coactus
393 2979 561 3056 rogaverit,
582 2985 614 3040 ut
632 2979 761 3058 aliquam
776 2979 874 3042 verbis
884 2995 997 3039 moram
1009 2978 1097 3040 inter·

88 3072 245 3144 ponerent.

126 3149 375 3211 mavimam
392 3167 496 3230 parvas
509 3151 618 3213 christi
637 3153 759 3212 Domini
777 3147 909 3212 crucifixi
924 3192 933 3222 ,
946 3149 1096 3232 beataeque

90 3235 220 3315 Virginis
232 3235 392 3314 imagines,
409 3255 481 3318 quas
495 3237 579 3316 juxta
597 3237 753 3299 infirmum
770 3235 878 3314 apponi
890 3239 1055 3313 curaverit,
1070 3242 1095 3301 si

91 3320 154 3380 lieri
177 3328 290 3398 potest,
310 3323 398 3383 etiam
416 3325 456 3385 oh
480 3325 579 3385 oculos
600 3324 664 3402 ejus
682 3324 824 3384 collocare
844 3321 929 3382 iaciat
954 3326 1095 3404 imagines

92 3405 269 3483 Deiparaaet
285 3407 489 3487 Redemptoris
507 3409 626 3488 majoris
644 3409 748 3480 molis,
764 3416 798 3467 ut
811 3408 852 3468 sic
868 3420 1011 3487 aegrotus,
1024 3407 1086 3485 qud

94 3505 216 3567 cumque
231 3509 262 3550 sc
274 3501 388 3568 vertat,
403 3511 450 3554 eas
463 3509 583 3557 cernere
600 3496 707 3574 possit,
721 3502 750 3554 et
765 3494 823 3554 illis
834 3513 865 3556 sc
876 3493 1094 3554 commendare.

14 3655 15 3658 Ἴ
129 3574 197 3637 236.
211 3578 277 3640 Vll.
293 3579 377 3640 Curae
390 3581 417 3642 ei
437 3581 526 3645 etiam
544 3582 599 3660 sit,
619 3587 654 3644 ut
672 3581 709 3644 ab
727 3579 839 3644 infirmi
861 3578 994 3642 cubiculo
1015 3578 1091 3656 peri·
