<?xml version="1.0" encoding="UTF-8"?>
<!DOCTYPE html PUBLIC "-//W3C//DTD XHTML 1.0 Transitional//EN"
    "http://www.w3.org/TR/xhtml1/DTD/xhtml1-transitional.dtd">
<html xmlns="http://www.w3.org/1999/xhtml" xml:lang="en" lang="en">
 <head>
  <title>
</title>
<meta http-equiv="Content-Type" content="text/html;charset=utf-8" />
  <meta name='ocr-system' content='tesseract 3.04.00' />
  <meta name='ocr-capabilities' content='ocr_page ocr_carea ocr_par ocr_line ocrx_word'/>
</head>
<body>
  <div class='ocr_page' id='page_1' title='image "./theologiamorali04heilgoog_0041.png"; bbox 0 0 2475 3975; ppageno 0'>
   <div class='ocr_carea' id='block_1_1' title="bbox 344 126 1108 211">
    <p class='ocr_par' dir='ltr' id='par_1_1' title="bbox 344 126 1108 211">
     <span class='ocr_line' id='line_1_1' title="bbox 344 126 1108 211; baseline 0.003 -20"><span class='ocrx_word' id='word_1_1' title='bbox 344 131 391 191; x_wconf 78' lang='lat' dir='ltr'><strong>Da</strong></span> <span class='ocrx_word' id='word_1_2' title='bbox 410 126 692 211; x_wconf 63' lang='lat' dir='ltr'><strong>helenopotioaibua</strong></span> <span class='ocrx_word' id='word_1_3' title='bbox 707 128 862 210; x_wconf 59' lang='grc' dir='ltr'><strong>Μινώα.</strong></span> <span class='ocrx_word' id='word_1_4' title='bbox 1069 134 1108 193; x_wconf 76' lang='lat'><strong>2⁷</strong></span> 
     </span>
    </p>
   </div>
   <div class='ocr_carea' id='block_1_2' title="bbox 1 230 1108 2247">
    <p class='ocr_par' dir='ltr' id='par_1_2' title="bbox 99 230 1108 477">
     <span class='ocr_line' id='line_1_2' title="bbox 99 230 1107 313; baseline -0.001 -19"><span class='ocrx_word' id='word_1_5' title='bbox 99 232 237 311; x_wconf 70' lang='lat' dir='ltr'><strong>telligunt</strong></span> <span class='ocrx_word' id='word_1_6' title='bbox 256 230 337 291; x_wconf 64' lang='lat' dir='ltr'><strong>cath</strong></span> <span class='ocrx_word' id='word_1_7' title='bbox 353 232 487 309; x_wconf 85' lang='lat' dir='ltr'><strong>prolerre</strong></span> <span class='ocrx_word' id='word_1_8' title='bbox 503 230 578 291; x_wconf 92' lang='lat' dir='ltr'><strong>illud</strong></span> <span class='ocrx_word' id='word_1_9' title='bbox 597 231 630 293; x_wconf 91' lang='lat' dir='ltr'><strong>in</strong></span> <span class='ocrx_word' id='word_1_10' title='bbox 652 249 740 292; x_wconf 87' lang='lat' dir='ltr'><strong>sensu</strong></span> <span class='ocrx_word' id='word_1_11' title='bbox 763 231 882 309; x_wconf 85' lang='lat' dir='ltr'><strong>pejore,</strong></span> <span class='ocrx_word' id='word_1_12' title='bbox 900 230 934 293; x_wconf 90' lang='lat' dir='ltr'><strong>ld</strong></span> <span class='ocrx_word' id='word_1_13' title='bbox 947 238 992 293; x_wconf 85' lang='lat' dir='ltr'><strong>est</strong></span> <span class='ocrx_word' id='word_1_14' title='bbox 1003 232 1107 313; x_wconf 86' lang='lat' dir='ltr'><strong>llispa·</strong></span> 
     </span>
     <span class='ocr_line' id='line_1_3' title="bbox 99 314 1108 390; baseline 0.003 -15"><span class='ocrx_word' id='word_1_15' title='bbox 99 334 208 376; x_wconf 91' lang='lat' dir='ltr'><strong>norum</strong></span> <span class='ocrx_word' id='word_1_16' title='bbox 227 314 400 389; x_wconf 90' lang='lat' dir='ltr'><strong>idiomatis,</strong></span> <span class='ocrx_word' id='word_1_17' title='bbox 422 314 471 374; x_wconf 90' lang='lat' dir='ltr'><strong>sed</strong></span> <span class='ocrx_word' id='word_1_18' title='bbox 494 314 665 377; x_wconf 78' lang='lat' dir='ltr'><strong>advertatur</strong></span> <span class='ocrx_word' id='word_1_19' title='bbox 689 314 797 390; x_wconf 88' lang='lat' dir='ltr'><strong>slmnl,</strong></span> <span class='ocrx_word' id='word_1_20' title='bbox 813 322 849 376; x_wconf 90' lang='lat' dir='ltr'><strong>ut</strong></span> <span class='ocrx_word' id='word_1_21' title='bbox 868 323 969 377; x_wconf 78' lang='lat' dir='ltr'><strong>eareat</strong></span> <span class='ocrx_word' id='word_1_22' title='bbox 987 315 1005 377; x_wconf 81' lang='lat' dir='ltr'><strong>h</strong></span> <span class='ocrx_word' id='word_1_23' title='bbox 1023 334 1108 378; x_wconf 85' lang='lat' dir='ltr'><strong>sean-</strong></span> 
     </span>
     <span class='ocr_line' id='line_1_4' title="bbox 100 398 524 477; baseline -0.005 -17"><span class='ocrx_word' id='word_1_24' title='bbox 100 400 185 473; x_wconf 87' lang='lat' dir='ltr'><strong>dalo,</strong></span> <span class='ocrx_word' id='word_1_25' title='bbox 203 400 227 459; x_wconf 87' lang='lat' dir='ltr'><strong>si</strong></span> <span class='ocrx_word' id='word_1_26' title='bbox 249 417 382 477; x_wconf 91' lang='lat' dir='ltr'><strong>unquam</strong></span> <span class='ocrx_word' id='word_1_27' title='bbox 399 398 524 459; x_wconf 80' lang='lat' dir='ltr'><strong>adesset.</strong></span> 
     </span>
    </p>

    <p class='ocr_par' dir='ltr' id='par_1_3' title="bbox 1 484 1108 2247">
     <span class='ocr_line' id='line_1_5' title="bbox 135 484 1107 565; baseline 0 -18"><span class='ocrx_word' id='word_1_28' title='bbox 135 486 186 547; x_wconf 69' lang='grc' dir='ltr'><strong>ΞΒ.</strong></span> <span class='ocrx_word' id='word_1_29' title='bbox 207 485 373 563; x_wconf 81' lang='lat' dir='ltr'><strong>interroget</strong></span> <span class='ocrx_word' id='word_1_30' title='bbox 393 486 424 546; x_wconf 67' lang='grc' dir='ltr'><strong>Ξ).</strong></span> <span class='ocrx_word' id='word_1_31' title='bbox 448 487 472 545; x_wconf 90' lang='lat' dir='ltr'><strong>si</strong></span> <span class='ocrx_word' id='word_1_32' title='bbox 493 484 674 545; x_wconf 79' lang='lat' dir='ltr'><strong>exerraverit</strong></span> <span class='ocrx_word' id='word_1_33' title='bbox 696 485 729 544; x_wconf 91' lang='lat' dir='ltr'><strong>in</strong></span> <span class='ocrx_word' id='word_1_34' title='bbox 755 484 818 545; x_wconf 88' lang='lat' dir='ltr'><strong>dies</strong></span> <span class='ocrx_word' id='word_1_35' title='bbox 839 492 976 558; x_wconf 88' lang='lat' dir='ltr'><strong>sanctos,</strong></span> <span class='ocrx_word' id='word_1_36' title='bbox 1000 502 1107 565; x_wconf 80' lang='lat' dir='ltr'><strong>nempe</strong></span> 
     </span>
     <span class='ocr_line' id='line_1_6' title="bbox 98 566 1105 647; baseline 0.001 -18"><span class='ocrx_word' id='word_1_37' title='bbox 98 568 256 645; x_wconf 84' lang='lat' dir='ltr'><strong>Pascham,</strong></span> <span class='ocrx_word' id='word_1_38' title='bbox 278 570 431 642; x_wconf 83' lang='lat' dir='ltr'><strong>Natalem,</strong></span> <span class='ocrx_word' id='word_1_39' title='bbox 452 566 664 647; x_wconf 88' lang='lat' dir='ltr'><strong>Epiphaniam,</strong></span> <span class='ocrx_word' id='word_1_40' title='bbox 686 568 847 628; x_wconf 88' lang='lat' dir='ltr'><strong>Sabbatum</strong></span> <span class='ocrx_word' id='word_1_41' title='bbox 864 570 1025 645; x_wconf 88' lang='lat' dir='ltr'><strong>Sanctum,</strong></span> <span class='ocrx_word' id='word_1_42' title='bbox 1047 577 1105 630; x_wconf 85' lang='lat' dir='ltr'><strong>etc.</strong></span> 
     </span>
     <span class='ocr_line' id='line_1_7' title="bbox 99 650 1108 733; baseline 0.002 -20"><span class='ocrx_word' id='word_1_43' title='bbox 99 652 178 731; x_wconf 89' lang='lat' dir='ltr'><strong>quod</strong></span> <span class='ocrx_word' id='word_1_44' title='bbox 195 657 327 713; x_wconf 81' lang='lat' dir='ltr'><strong>excusari</strong></span> <span class='ocrx_word' id='word_1_45' title='bbox 345 671 406 713; x_wconf 91' lang='lat' dir='ltr'><strong>non</strong></span> <span class='ocrx_word' id='word_1_46' title='bbox 424 662 521 733; x_wconf 86' lang='lat' dir='ltr'><strong>potest</strong></span> <span class='ocrx_word' id='word_1_47' title='bbox 540 659 556 713; x_wconf 80' lang='lat' dir='ltr'><strong>h</strong></span> <span class='ocrx_word' id='word_1_48' title='bbox 574 653 716 725; x_wconf 78' lang='lat' dir='ltr'><strong>mortali,</strong></span> <span class='ocrx_word' id='word_1_49' title='bbox 736 651 805 715; x_wconf 75' lang='lat' dir='ltr'><strong>licet</strong></span> <span class='ocrx_word' id='word_1_50' title='bbox 826 652 914 713; x_wconf 92' lang='lat' dir='ltr'><strong>multi</strong></span> <span class='ocrx_word' id='word_1_51' title='bbox 926 654 1016 715; x_wconf 78' lang='lat' dir='ltr'><strong>rudos</strong></span> <span class='ocrx_word' id='word_1_52' title='bbox 1029 650 1108 715; x_wconf 71' lang='lat' dir='ltr'><strong>clari</strong></span> 
     </span>
     <span class='ocr_line' id='line_1_8' title="bbox 99 735 1107 816; baseline 0.001 -19"><span class='ocrx_word' id='word_1_53' title='bbox 99 756 159 797; x_wconf 91' lang='lat' dir='ltr'><strong>non</strong></span> <span class='ocrx_word' id='word_1_54' title='bbox 175 735 399 816; x_wconf 83' lang='lat' dir='ltr'><strong>apprehendant</strong></span> <span class='ocrx_word' id='word_1_55' title='bbox 415 747 450 797; x_wconf 88' lang='lat' dir='ltr'><strong>ut</strong></span> <span class='ocrx_word' id='word_1_56' title='bbox 470 738 547 809; x_wconf 88' lang='lat' dir='ltr'><strong>tole,</strong></span> <span class='ocrx_word' id='word_1_57' title='bbox 565 736 616 797; x_wconf 91' lang='lat' dir='ltr'><strong>sed</strong></span> <span class='ocrx_word' id='word_1_58' title='bbox 637 738 708 814; x_wconf 91' lang='lat' dir='ltr'><strong>quia</strong></span> <span class='ocrx_word' id='word_1_59' title='bbox 727 745 772 799; x_wconf 82' lang='lat' dir='ltr'><strong>est</strong></span> <span class='ocrx_word' id='word_1_60' title='bbox 791 736 938 811; x_wconf 91' lang='lat' dir='ltr'><strong>dubium,</strong></span> <span class='ocrx_word' id='word_1_61' title='bbox 952 738 978 798; x_wconf 87' lang='lat' dir='ltr'><strong>si</strong></span> <span class='ocrx_word' id='word_1_62' title='bbox 1000 754 1107 816; x_wconf 87' lang='lat' dir='ltr'><strong>appre-</strong></span> 
     </span>
     <span class='ocr_line' id='line_1_9' title="bbox 99 818 1105 900; baseline 0.002 -19"><span class='ocrx_word' id='word_1_63' title='bbox 99 818 250 896; x_wconf 88' lang='lat' dir='ltr'><strong>hendunt,</strong></span> <span class='ocrx_word' id='word_1_64' title='bbox 272 838 310 881; x_wconf 86' lang='lat' dir='ltr'><strong>aa</strong></span> <span class='ocrx_word' id='word_1_65' title='bbox 333 839 415 894; x_wconf 91' lang='lat' dir='ltr'><strong>noo,</strong></span> <span class='ocrx_word' id='word_1_66' title='bbox 438 822 632 899; x_wconf 77' lang='lat' dir='ltr'><strong>investigetur</strong></span> <span class='ocrx_word' id='word_1_67' title='bbox 650 820 689 881; x_wconf 92' lang='lat' dir='ltr'><strong>de</strong></span> <span class='ocrx_word' id='word_1_68' title='bbox 712 839 859 897; x_wconf 90' lang='lat' dir='ltr'><strong>numero,</strong></span> <span class='ocrx_word' id='word_1_69' title='bbox 882 831 913 883; x_wconf 90' lang='lat' dir='ltr'><strong>et</strong></span> <span class='ocrx_word' id='word_1_70' title='bbox 935 820 1105 900; x_wconf 83' lang='lat' dir='ltr'><strong>hujusmodi</strong></span> 
     </span>
     <span class='ocr_line' id='line_1_10' title="bbox 97 904 1105 987; baseline 0.001 -21"><span class='ocrx_word' id='word_1_71' title='bbox 97 904 286 985; x_wconf 85' lang='lat' dir='ltr'><strong>blasphemiae</strong></span> <span class='ocrx_word' id='word_1_72' title='bbox 307 906 489 987; x_wconf 85' lang='lat' dir='ltr'><strong>accipiantur</strong></span> <span class='ocrx_word' id='word_1_73' title='bbox 511 915 544 965; x_wconf 92' lang='lat' dir='ltr'><strong>ut</strong></span> <span class='ocrx_word' id='word_1_74' title='bbox 560 913 631 965; x_wconf 90' lang='lat' dir='ltr'><strong>sunt</strong></span> <span class='ocrx_word' id='word_1_75' title='bbox 652 924 752 965; x_wconf 86' lang='lat' dir='ltr'><strong>coram</strong></span> <span class='ocrx_word' id='word_1_76' title='bbox 773 907 846 967; x_wconf 90' lang='lat' dir='ltr'><strong>Deo.</strong></span> <span class='ocrx_word' id='word_1_77' title='bbox 866 907 898 967; x_wconf 73' lang='grc'><strong>5.</strong></span> <span class='ocrx_word' id='word_1_78' title='bbox 917 908 1105 987; x_wconf 72' lang='lat' dir='ltr'><strong>Interroget,</strong></span> 
     </span>
     <span class='ocr_line' id='line_1_11' title="bbox 96 986 1107 1069; baseline 0.002 -21"><span class='ocrx_word' id='word_1_79' title='bbox 96 990 121 1049; x_wconf 82' lang='lat' dir='ltr'><strong>si</strong></span> <span class='ocrx_word' id='word_1_80' title='bbox 134 999 290 1069; x_wconf 87' lang='lat' dir='ltr'><strong>postquam</strong></span> <span class='ocrx_word' id='word_1_81' title='bbox 302 989 462 1068; x_wconf 89' lang='lat' dir='ltr'><strong>protulerit</strong></span> <span class='ocrx_word' id='word_1_82' title='bbox 477 986 673 1066; x_wconf 83' lang='lat' dir='ltr'><strong>blasphemias</strong></span> <span class='ocrx_word' id='word_1_83' title='bbox 685 990 843 1061; x_wconf 81' lang='lat' dir='ltr'><strong>iubeam,</strong></span> <span class='ocrx_word' id='word_1_84' title='bbox 857 989 891 1049; x_wconf 91' lang='lat' dir='ltr'><strong>in</strong></span> <span class='ocrx_word' id='word_1_85' title='bbox 901 990 1039 1063; x_wconf 85' lang='lat' dir='ltr'><strong>Sanctus,</strong></span> <span class='ocrx_word' id='word_1_86' title='bbox 1053 996 1107 1051; x_wconf 88' lang='lat' dir='ltr'><strong>ant</strong></span> 
     </span>
     <span class='ocr_line' id='line_1_12' title="bbox 96 1070 1107 1152; baseline 0.002 -19"><span class='ocrx_word' id='word_1_87' title='bbox 96 1074 127 1133; x_wconf 92' lang='lat' dir='ltr'><strong>in</strong></span> <span class='ocrx_word' id='word_1_88' title='bbox 143 1072 208 1133; x_wconf 90' lang='lat' dir='ltr'><strong>dies</strong></span> <span class='ocrx_word' id='word_1_89' title='bbox 230 1092 344 1145; x_wconf 87' lang='lat' dir='ltr'><strong>sacros,</strong></span> <span class='ocrx_word' id='word_1_90' title='bbox 360 1071 531 1134; x_wconf 73' lang='lat' dir='ltr'><strong>immediate*</strong></span> <span class='ocrx_word' id='word_1_91' title='bbox 545 1072 752 1149; x_wconf 75' lang='lat' dir='ltr'><strong>subJunrerit,</strong></span> <span class='ocrx_word' id='word_1_92' title='bbox 771 1074 799 1132; x_wconf 82' lang='lat' dir='ltr'><strong>si</strong></span> <span class='ocrx_word' id='word_1_93' title='bbox 819 1088 867 1132; x_wconf 80' lang='lat' dir='ltr'><strong>tos</strong></span> <span class='ocrx_word' id='word_1_94' title='bbox 886 1090 937 1152; x_wconf 71' lang='lat' dir='ltr'><strong>epo</strong></span> <span class='ocrx_word' id='word_1_95' title='bbox 956 1070 1034 1151; x_wconf 72' lang='lat' dir='ltr'><strong>feei,</strong></span> <span class='ocrx_word' id='word_1_96' title='bbox 1055 1080 1107 1135; x_wconf 85' lang='lat' dir='ltr'><strong>aut</strong></span> 
     </span>
     <span class='ocr_line' id='line_1_13' title="bbox 96 1156 1105 1237; baseline -0.002 -18"><span class='ocrx_word' id='word_1_97' title='bbox 96 1164 211 1237; x_wconf 69' lang='lat' dir='ltr'><strong>excepto</strong></span> <span class='ocrx_word' id='word_1_98' title='bbox 227 1160 301 1220; x_wconf 87' lang='lat' dir='ltr'><strong>Deo.</strong></span> <span class='ocrx_word' id='word_1_99' title='bbox 317 1158 436 1218; x_wconf 86' lang='lat' dir='ltr'><strong>Etenim</strong></span> <span class='ocrx_word' id='word_1_100' title='bbox 456 1157 501 1218; x_wconf 91' lang='lat' dir='ltr'><strong>illi</strong></span> <span class='ocrx_word' id='word_1_101' title='bbox 522 1156 631 1230; x_wconf 86' lang='lat' dir='ltr'><strong>rudes,</strong></span> <span class='ocrx_word' id='word_1_102' title='bbox 654 1156 706 1235; x_wconf 86' lang='lat' dir='ltr'><strong>qni</strong></span> <span class='ocrx_word' id='word_1_103' title='bbox 727 1156 831 1217; x_wconf 90' lang='lat' dir='ltr'><strong>dicunt</strong></span> <span class='ocrx_word' id='word_1_104' title='bbox 851 1156 893 1216; x_wconf 92' lang='lat' dir='ltr'><strong>ita</strong></span> <span class='ocrx_word' id='word_1_105' title='bbox 912 1157 1001 1217; x_wconf 88' lang='lat' dir='ltr'><strong>unico</strong></span> <span class='ocrx_word' id='word_1_106' title='bbox 1019 1165 1105 1231; x_wconf 90' lang='lat' dir='ltr'><strong>actu,</strong></span> 
     </span>
     <span class='ocr_line' id='line_1_14' title="bbox 95 1240 1106 1321; baseline 0.001 -19"><span class='ocrx_word' id='word_1_107' title='bbox 95 1240 173 1302; x_wconf 78' lang='lat' dir='ltr'><strong>bend</strong></span> <span class='ocrx_word' id='word_1_108' title='bbox 190 1250 274 1303; x_wconf 91' lang='lat' dir='ltr'><strong>notat</strong></span> <span class='ocrx_word' id='word_1_109' title='bbox 290 1244 402 1304; x_wconf 83' lang='lat' dir='ltr'><strong>Auctor</strong></span> <span class='ocrx_word' id='word_1_110' title='bbox 423 1243 655 1304; x_wconf 86' lang='lat' dir='ltr'><strong>instructionum</strong></span> <span class='ocrx_word' id='word_1_111' title='bbox 681 1260 737 1320; x_wconf 91' lang='lat' dir='ltr'><strong>pro</strong></span> <span class='ocrx_word' id='word_1_112' title='bbox 758 1241 940 1303; x_wconf 82' lang='lat' dir='ltr'><strong>consessoriis</strong></span> <span class='ocrx_word' id='word_1_113' title='bbox 962 1259 1106 1321; x_wconf 77' lang='lat' dir='ltr'><strong>pagorum</strong></span> 
     </span>
     <span class='ocr_line' id='line_1_15' title="bbox 94 1324 1107 1408; baseline 0 -21"><span class='ocrx_word' id='word_1_114' title='bbox 94 1328 183 1407; x_wconf 84' lang='lat' dir='ltr'><strong>(Cap.</strong></span> <span class='ocrx_word' id='word_1_115' title='bbox 200 1328 230 1389; x_wconf 76' lang='lat'><strong>5.</strong></span> <span class='ocrx_word' id='word_1_116' title='bbox 242 1346 274 1408; x_wconf 82' lang='lat' dir='ltr'><strong>p.</strong></span> <span class='ocrx_word' id='word_1_117' title='bbox 289 1326 390 1405; x_wconf 73' lang='lat' dir='ltr'><strong>tlt),</strong></span> <span class='ocrx_word' id='word_1_118' title='bbox 409 1327 512 1387; x_wconf 86' lang='lat' dir='ltr'><strong>saltem</strong></span> <span class='ocrx_word' id='word_1_119' title='bbox 531 1324 694 1387; x_wconf 69' lang='lat' dir='ltr'><strong>excusarit</strong></span> <span class='ocrx_word' id='word_1_120' title='bbox 712 1327 814 1405; x_wconf 78' lang='lat' dir='ltr'><strong>gravi,</strong></span> <span class='ocrx_word' id='word_1_121' title='bbox 828 1336 951 1405; x_wconf 87' lang='lat' dir='ltr'><strong>propter</strong></span> <span class='ocrx_word' id='word_1_122' title='bbox 967 1328 1107 1405; x_wconf 73' lang='lat' dir='ltr'><strong>ignoran-</strong></span> 
     </span>
     <span class='ocr_line' id='line_1_16' title="bbox 94 1408 1107 1491; baseline 0.001 -20"><span class='ocrx_word' id='word_1_123' title='bbox 94 1408 190 1483; x_wconf 86' lang='lat' dir='ltr'><strong>tiam,</strong></span> <span class='ocrx_word' id='word_1_124' title='bbox 212 1412 284 1473; x_wconf 90' lang='lat' dir='ltr'><strong>dum</strong></span> <span class='ocrx_word' id='word_1_125' title='bbox 310 1430 371 1473; x_wconf 89' lang='lat' dir='ltr'><strong>non</strong></span> <span class='ocrx_word' id='word_1_126' title='bbox 391 1410 550 1472; x_wconf 88' lang='lat' dir='ltr'><strong>intendunt</strong></span> <span class='ocrx_word' id='word_1_127' title='bbox 573 1420 646 1471; x_wconf 88' lang='lat' dir='ltr'><strong>tuuc</strong></span> <span class='ocrx_word' id='word_1_128' title='bbox 666 1408 879 1488; x_wconf 88' lang='lat' dir='ltr'><strong>blasphemiam</strong></span> <span class='ocrx_word' id='word_1_129' title='bbox 899 1413 1054 1491; x_wconf 85' lang='lat' dir='ltr'><strong>prolerre;</strong></span> <span class='ocrx_word' id='word_1_130' title='bbox 1074 1419 1107 1473; x_wconf 88' lang='lat' dir='ltr'><strong>et</strong></span> 
     </span>
     <span class='ocr_line' id='line_1_17' title="bbox 91 1493 1107 1575; baseline 0.001 -19"><span class='ocrx_word' id='word_1_131' title='bbox 91 1495 164 1556; x_wconf 78' lang='lat' dir='ltr'><strong>liodt</strong></span> <span class='ocrx_word' id='word_1_132' title='bbox 177 1497 209 1557; x_wconf 91' lang='lat' dir='ltr'><strong>in</strong></span> <span class='ocrx_word' id='word_1_133' title='bbox 218 1497 314 1575; x_wconf 86' lang='lat' dir='ltr'><strong>Opere</strong></span> <span class='ocrx_word' id='word_1_134' title='bbox 325 1495 404 1573; x_wconf 86' lang='lat' dir='ltr'><strong>(Lib.</strong></span> <span class='ocrx_word' id='word_1_135' title='bbox 417 1498 446 1555; x_wconf 77' lang='lat' dir='ltr'><strong>b.</strong></span> <span class='ocrx_word' id='word_1_136' title='bbox 462 1516 494 1559; x_wconf 80' lang='lat' dir='ltr'><strong>a.</strong></span> <span class='ocrx_word' id='word_1_137' title='bbox 505 1497 572 1557; x_wconf 63' lang='lat' dir='ltr'><strong>lib.</strong></span> <span class='ocrx_word' id='word_1_138' title='bbox 583 1514 613 1555; x_wconf 86' lang='lat' dir='ltr'><strong>o.</strong></span> <span class='ocrx_word' id='word_1_139' title='bbox 625 1493 675 1557; x_wconf 86' lang='lat' dir='ltr'><strong>Sic</strong></span> <span class='ocrx_word' id='word_1_140' title='bbox 689 1496 815 1575; x_wconf 80' lang='lat' dir='ltr'><strong>quoque)</strong></span> <span class='ocrx_word' id='word_1_141' title='bbox 829 1496 955 1557; x_wconf 85' lang='lat' dir='ltr'><strong>dixerim</strong></span> <span class='ocrx_word' id='word_1_142' title='bbox 975 1496 1035 1575; x_wconf 82' lang='lat' dir='ltr'><strong>(l),</strong></span> <span class='ocrx_word' id='word_1_143' title='bbox 1047 1496 1107 1558; x_wconf 86' lang='lat' dir='ltr'><strong>tale</strong></span> 
     </span>
     <span class='ocr_line' id='line_1_18' title="bbox 92 1579 1106 1660; baseline -0.001 -17"><span class='ocrx_word' id='word_1_144' title='bbox 92 1582 218 1643; x_wconf 76' lang='lat' dir='ltr'><strong>effatum</strong></span> <span class='ocrx_word' id='word_1_145' title='bbox 233 1598 295 1641; x_wconf 88' lang='lat' dir='ltr'><strong>esse</strong></span> <span class='ocrx_word' id='word_1_146' title='bbox 308 1598 410 1641; x_wconf 87' lang='lat' dir='ltr'><strong>veram</strong></span> <span class='ocrx_word' id='word_1_147' title='bbox 427 1580 660 1659; x_wconf 87' lang='lat' dir='ltr'><strong>blasphemiam,</strong></span> <span class='ocrx_word' id='word_1_148' title='bbox 672 1580 742 1658; x_wconf 92' lang='lat' dir='ltr'><strong>quia</strong></span> <span class='ocrx_word' id='word_1_149' title='bbox 761 1579 798 1639; x_wconf 90' lang='lat' dir='ltr'><strong>ad</strong></span> <span class='ocrx_word' id='word_1_150' title='bbox 816 1579 1028 1660; x_wconf 88' lang='lat' dir='ltr'><strong>blasphemiam</strong></span> <span class='ocrx_word' id='word_1_151' title='bbox 1044 1599 1106 1643; x_wconf 90' lang='lat' dir='ltr'><strong>non</strong></span> 
     </span>
     <span class='ocr_line' id='line_1_19' title="bbox 89 1664 1105 1746; baseline -0.001 -21"><span class='ocrx_word' id='word_1_152' title='bbox 89 1666 259 1745; x_wconf 81' lang='lat' dir='ltr'><strong>requiritur</strong></span> <span class='ocrx_word' id='word_1_153' title='bbox 282 1665 410 1725; x_wconf 89' lang='lat' dir='ltr'><strong>intentio</strong></span> <span class='ocrx_word' id='word_1_154' title='bbox 434 1664 611 1736; x_wconf 81' lang='lat' dir='ltr'><strong>execrandi,</strong></span> <span class='ocrx_word' id='word_1_155' title='bbox 638 1665 691 1727; x_wconf 89' lang='lat' dir='ltr'><strong>sed</strong></span> <span class='ocrx_word' id='word_1_156' title='bbox 710 1664 819 1727; x_wconf 87' lang='lat' dir='ltr'><strong>suffieit</strong></span> <span class='ocrx_word' id='word_1_157' title='bbox 840 1664 921 1743; x_wconf 79' lang='lat' dir='ltr'><strong>qnod</strong></span> <span class='ocrx_word' id='word_1_158' title='bbox 942 1666 1105 1746; x_wconf 89' lang='lat' dir='ltr'><strong>propositio</strong></span> 
     </span>
     <span class='ocr_line' id='line_1_20' title="bbox 89 1749 1106 1828; baseline 0.002 -17"><span class='ocrx_word' id='word_1_159' title='bbox 89 1754 130 1813; x_wconf 84' lang='lat' dir='ltr'><strong>sit</strong></span> <span class='ocrx_word' id='word_1_160' title='bbox 148 1752 183 1811; x_wconf 93' lang='lat' dir='ltr'><strong>in</strong></span> <span class='ocrx_word' id='word_1_161' title='bbox 201 1753 298 1811; x_wconf 62' lang='lat' dir='ltr'><strong>mum</strong></span> <span class='ocrx_word' id='word_1_162' title='bbox 309 1794 318 1824; x_wconf 92' lang='lat'>‚</span> <span class='ocrx_word' id='word_1_163' title='bbox 331 1758 383 1809; x_wconf 89' lang='lat' dir='ltr'><strong>aut</strong></span> <span class='ocrx_word' id='word_1_164' title='bbox 403 1750 435 1810; x_wconf 91' lang='lat' dir='ltr'><strong>in</strong></span> <span class='ocrx_word' id='word_1_165' title='bbox 446 1752 567 1812; x_wconf 88' lang='lat' dir='ltr'><strong>Sanclos</strong></span> <span class='ocrx_word' id='word_1_166' title='bbox 583 1750 813 1828; x_wconf 80' lang='lat' dir='ltr'><strong>contumeliosa3</strong></span> <span class='ocrx_word' id='word_1_167' title='bbox 832 1749 1027 1812; x_wconf 80' lang='lat' dir='ltr'><strong>nihilominus</strong></span> <span class='ocrx_word' id='word_1_168' title='bbox 1041 1768 1106 1813; x_wconf 91' lang='lat' dir='ltr'><strong>me-</strong></span> 
     </span>
     <span class='ocr_line' id='line_1_21' title="bbox 89 1833 1105 1912; baseline 0.001 -16"><span class='ocrx_word' id='word_1_169' title='bbox 89 1836 150 1897; x_wconf 89' lang='lat' dir='ltr'><strong>lius</strong></span> <span class='ocrx_word' id='word_1_170' title='bbox 165 1833 241 1895; x_wconf 91' lang='lat' dir='ltr'><strong>mihi</strong></span> <span class='ocrx_word' id='word_1_171' title='bbox 261 1853 326 1895; x_wconf 92' lang='lat' dir='ltr'><strong>rem</strong></span> <span class='ocrx_word' id='word_1_172' title='bbox 346 1836 542 1896; x_wconf 88' lang='lat' dir='ltr'><strong>consideranti</strong></span> <span class='ocrx_word' id='word_1_173' title='bbox 562 1835 681 1895; x_wconf 89' lang='lat' dir='ltr'><strong>videtur</strong></span> <span class='ocrx_word' id='word_1_174' title='bbox 700 1851 764 1893; x_wconf 87' lang='lat' dir='ltr'><strong>esse</strong></span> <span class='ocrx_word' id='word_1_175' title='bbox 781 1835 933 1912; x_wconf 89' lang='lat' dir='ltr'><strong>probabile</strong></span> <span class='ocrx_word' id='word_1_176' title='bbox 948 1833 1025 1896; x_wconf 91' lang='lat' dir='ltr'><strong>hanc</strong></span> <span class='ocrx_word' id='word_1_177' title='bbox 1042 1853 1105 1898; x_wconf 92' lang='lat' dir='ltr'><strong>non</strong></span> 
     </span>
     <span class='ocr_line' id='line_1_22' title="bbox 89 1917 1106 2000; baseline 0.001 -21"><span class='ocrx_word' id='word_1_178' title='bbox 89 1936 154 1979; x_wconf 88' lang='lat' dir='ltr'><strong>osse</strong></span> <span class='ocrx_word' id='word_1_179' title='bbox 172 1917 410 1998; x_wconf 90' lang='lat' dir='ltr'><strong>blasphemiam,</strong></span> <span class='ocrx_word' id='word_1_180' title='bbox 421 1919 568 1999; x_wconf 89' lang='lat' dir='ltr'><strong>siquidem</strong></span> <span class='ocrx_word' id='word_1_181' title='bbox 581 1936 669 1979; x_wconf 89' lang='lat' dir='ltr'><strong>veros</strong></span> <span class='ocrx_word' id='word_1_182' title='bbox 681 1917 914 1997; x_wconf 88' lang='lat' dir='ltr'><strong>uniuscujusque</strong></span> <span class='ocrx_word' id='word_1_183' title='bbox 932 1918 1106 2000; x_wconf 83' lang='lat' dir='ltr'><strong>propositio-</strong></span> 
     </span>
     <span class='ocr_line' id='line_1_23' title="bbox 1 1999 1107 2085; baseline 0.001 -20"><span class='ocrx_word' id='word_1_184' title='bbox 1 1999 2 2002; x_wconf 50' lang='lat'>&#39;</span> <span class='ocrx_word' id='word_1_185' title='bbox 89 2011 140 2066; x_wconf 87' lang='lat' dir='ltr'><strong>nis</strong></span> <span class='ocrx_word' id='word_1_186' title='bbox 150 2023 255 2065; x_wconf 87' lang='lat' dir='ltr'><strong>sensus</strong></span> <span class='ocrx_word' id='word_1_187' title='bbox 270 2004 307 2065; x_wconf 91' lang='lat' dir='ltr'><strong>ab</strong></span> <span class='ocrx_word' id='word_1_188' title='bbox 320 2005 434 2064; x_wconf 90' lang='lat' dir='ltr'><strong>ultimis</strong></span> <span class='ocrx_word' id='word_1_189' title='bbox 445 2005 543 2066; x_wconf 89' lang='lat' dir='ltr'><strong>verbis</strong></span> <span class='ocrx_word' id='word_1_190' title='bbox 558 2004 746 2085; x_wconf 59' lang='lat' dir='ltr'><strong>designatum</strong></span> <span class='ocrx_word' id='word_1_191' title='bbox 757 2004 836 2065; x_wconf 86' lang='lat' dir='ltr'><strong>unde</strong></span> <span class='ocrx_word' id='word_1_192' title='bbox 850 2003 995 2064; x_wconf 73' lang='lat' dir='ltr'><strong>benedici</strong></span> <span class='ocrx_word' id='word_1_193' title='bbox 1009 2012 1107 2083; x_wconf 85' lang='lat' dir='ltr'><strong>potest</strong></span> 
     </span>
     <span class='ocr_line' id='line_1_24' title="bbox 89 2087 1106 2169; baseline -0.002 -19"><span class='ocrx_word' id='word_1_194' title='bbox 89 2090 244 2169; x_wconf 79' lang='lat' dir='ltr'><strong>praefatam</strong></span> <span class='ocrx_word' id='word_1_195' title='bbox 264 2089 518 2168; x_wconf 88' lang='lat' dir='ltr'><strong>propositionem,</strong></span> <span class='ocrx_word' id='word_1_196' title='bbox 541 2088 657 2166; x_wconf 70' lang='lat' dir='ltr'><strong>integris</strong></span> <span class='ocrx_word' id='word_1_197' title='bbox 673 2097 841 2165; x_wconf 90' lang='lat' dir='ltr'><strong>acceptam,</strong></span> <span class='ocrx_word' id='word_1_198' title='bbox 860 2105 922 2147; x_wconf 90' lang='lat' dir='ltr'><strong>non</strong></span> <span class='ocrx_word' id='word_1_199' title='bbox 943 2087 1106 2165; x_wconf 87' lang='lat' dir='ltr'><strong>importare</strong></span> 
     </span>
     <span class='ocr_line' id='line_1_25' title="bbox 89 2171 1107 2247; baseline -0.003 -15"><span class='ocrx_word' id='word_1_200' title='bbox 89 2173 318 2233; x_wconf 82' lang='lat' dir='ltr'><strong>contumeliam.</strong></span> <span class='ocrx_word' id='word_1_201' title='bbox 342 2171 400 2233; x_wconf 89' lang='lat' dir='ltr'><strong>Sed</strong></span> <span class='ocrx_word' id='word_1_202' title='bbox 422 2175 508 2233; x_wconf 87' lang='lat' dir='ltr'><strong>aliter</strong></span> <span class='ocrx_word' id='word_1_203' title='bbox 531 2173 712 2243; x_wconf 91' lang='lat' dir='ltr'><strong>dicendum,</strong></span> <span class='ocrx_word' id='word_1_204' title='bbox 735 2171 760 2228; x_wconf 89' lang='lat' dir='ltr'><strong>si</strong></span> <span class='ocrx_word' id='word_1_205' title='bbox 780 2171 832 2228; x_wconf 88' lang='lat' dir='ltr'><strong>ille</strong></span> <span class='ocrx_word' id='word_1_206' title='bbox 855 2175 1012 2247; x_wconf 88' lang='lat' dir='ltr'><strong>postquam</strong></span> <span class='ocrx_word' id='word_1_207' title='bbox 1036 2172 1107 2234; x_wconf 72' lang='lat' dir='ltr'><strong>verb</strong></span> 
     </span>
    </p>
   </div>
   <div class='ocr_carea' id='block_1_3' title="bbox 1 2251 1108 2334">
    <p class='ocr_par' dir='ltr' id='par_1_4' title="bbox 1 2251 1108 2334">
     <span class='ocr_line' id='line_1_26' title="bbox 1 2251 1108 2334; baseline -0.002 -16"><span class='ocrx_word' id='word_1_208' title='bbox 1 2313 2 2332; x_wconf 46' lang='lat'><strong>,</strong></span> <span class='ocrx_word' id='word_1_209' title='bbox 90 2263 244 2318; x_wconf 84' lang='lat' dir='ltr'><strong>execratus</strong></span> <span class='ocrx_word' id='word_1_210' title='bbox 259 2257 370 2332; x_wconf 84' lang='lat' dir='ltr'><strong>luerit,</strong></span> <span class='ocrx_word' id='word_1_211' title='bbox 383 2266 417 2318; x_wconf 89' lang='lat' dir='ltr'><strong>ut</strong></span> <span class='ocrx_word' id='word_1_212' title='bbox 432 2257 511 2318; x_wconf 87' lang='lat' dir='ltr'><strong>malo</strong></span> <span class='ocrx_word' id='word_1_213' title='bbox 527 2254 591 2334; x_wconf 82' lang='lat' dir='ltr'><strong>jam</strong></span> <span class='ocrx_word' id='word_1_214' title='bbox 609 2262 725 2334; x_wconf 87' lang='lat' dir='ltr'><strong>patrato</strong></span> <span class='ocrx_word' id='word_1_215' title='bbox 742 2251 930 2327; x_wconf 89' lang='lat' dir='ltr'><strong>mederetur,</strong></span> <span class='ocrx_word' id='word_1_216' title='bbox 950 2251 1108 2318; x_wconf 81' lang='lat' dir='ltr'><strong>diceretai</strong></span> 
     </span>
    </p>
   </div>
   <div class='ocr_carea' id='block_1_4' title="bbox 1 2339 1107 2928">
    <p class='ocr_par' dir='ltr' id='par_1_5' title="bbox 89 2343 698 2413">
     <span class='ocr_line' id='line_1_27' title="bbox 89 2343 698 2413; baseline -0.002 -11"><span class='ocrx_word' id='word_1_217' title='bbox 89 2359 143 2402; x_wconf 85' lang='lat' dir='ltr'><strong>eo</strong></span> <span class='ocrx_word' id='word_1_218' title='bbox 176 2343 240 2413; x_wconf 85' lang='lat' dir='ltr'><strong>eci,</strong></span> <span class='ocrx_word' id='word_1_219' title='bbox 260 2350 317 2403; x_wconf 89' lang='lat' dir='ltr'><strong>ete.</strong></span> <span class='ocrx_word' id='word_1_220' title='bbox 695 2396 698 2401; x_wconf 24' lang='lat'><strong>⁴</strong></span> 
     </span>
    </p>

    <p class='ocr_par' dir='ltr' id='par_1_6' title="bbox 1 2339 1107 2928">
     <span class='ocr_line' id='line_1_28' title="bbox 102 2339 1106 2505; baseline -0.001 -17"><span class='ocrx_word' id='word_1_221' title='bbox 102 2339 184 2488; x_wconf 43' lang='lat'><strong>929(</strong></span> <span class='ocrx_word' id='word_1_222' title='bbox 211 2425 406 2500; x_wconf 84' lang='lat' dir='ltr'><strong>Notandum,</strong></span> <span class='ocrx_word' id='word_1_223' title='bbox 436 2422 517 2505; x_wconf 83' lang='lat' dir='ltr'><strong>qudd</strong></span> <span class='ocrx_word' id='word_1_224' title='bbox 540 2422 609 2486; x_wconf 83' lang='lat' dir='ltr'><strong>edm</strong></span> <span class='ocrx_word' id='word_1_225' title='bbox 629 2421 719 2484; x_wconf 78' lang='lat' dir='ltr'><strong>rodas</strong></span> <span class='ocrx_word' id='word_1_226' title='bbox 739 2421 860 2499; x_wconf 88' lang='lat' dir='ltr'><strong>dicant,</strong></span> <span class='ocrx_word' id='word_1_227' title='bbox 887 2417 1044 2484; x_wconf 82' lang='lat' dir='ltr'><strong>meledicta</strong></span> <span class='ocrx_word' id='word_1_228' title='bbox 1064 2422 1106 2488; x_wconf 84' lang='lat' dir='ltr'><strong>sit</strong></span> 
     </span>
     <span class='ocr_line' id='line_1_29' title="bbox 1 2507 1106 2592; baseline -0.002 -20"><span class='ocrx_word' id='word_1_229' title='bbox 1 2567 2 2589; x_wconf 46' lang='lat'><strong>,</strong></span> <span class='ocrx_word' id='word_1_230' title='bbox 88 2507 165 2592; x_wconf 77' lang='lat' dir='ltr'><strong>fides</strong></span> <span class='ocrx_word' id='word_1_231' title='bbox 191 2515 264 2582; x_wconf 85' lang='lat' dir='ltr'><strong>tao,</strong></span> <span class='ocrx_word' id='word_1_232' title='bbox 285 2507 376 2588; x_wconf 79' lang='lat' dir='ltr'><strong>vulgo</strong></span> <span class='ocrx_word' id='word_1_233' title='bbox 397 2508 561 2590; x_wconf 75' lang='lat' dir='ltr'><strong>monoppio</strong></span> <span class='ocrx_word' id='word_1_234' title='bbox 582 2507 613 2570; x_wconf 85' lang='lat' dir='ltr'><strong>la</strong></span> <span class='ocrx_word' id='word_1_235' title='bbox 635 2507 702 2587; x_wconf 75' lang='lat' dir='ltr'><strong>fede</strong></span> <span class='ocrx_word' id='word_1_236' title='bbox 724 2515 796 2586; x_wconf 85' lang='lat' dir='ltr'><strong>tuo,</strong></span> <span class='ocrx_word' id='word_1_237' title='bbox 820 2526 880 2568; x_wconf 91' lang='lat' dir='ltr'><strong>non</strong></span> <span class='ocrx_word' id='word_1_238' title='bbox 903 2509 1047 2587; x_wconf 89' lang='lat' dir='ltr'><strong>accipitur</strong></span> <span class='ocrx_word' id='word_1_239' title='bbox 1070 2517 1106 2572; x_wconf 86' lang='lat' dir='ltr'><strong>ut</strong></span> 
     </span>
     <span class='ocr_line' id='line_1_30' title="bbox 1 2589 1106 2673; baseline -0.001 -17"><span class='ocrx_word' id='word_1_240' title='bbox 1 2592 2 2602; x_wconf 71' lang='grc'>’</span> <span class='ocrx_word' id='word_1_241' title='bbox 91 2589 1106 2673; x_wconf 83' lang='lat' dir='ltr'><strong>blasphemia,quianonintelliguntfidemChristianam,etnomine</strong></span> 
     </span>
     <span class='ocr_line' id='line_1_31' title="bbox 88 2673 1106 2758; baseline 0 -20"><span class='ocrx_word' id='word_1_242' title='bbox 88 2675 163 2758; x_wconf 73' lang='lat' dir='ltr'><strong>fidei</strong></span> <span class='ocrx_word' id='word_1_243' title='bbox 179 2684 277 2756; x_wconf 87' lang='lat' dir='ltr'><strong>potest</strong></span> <span class='ocrx_word' id='word_1_244' title='bbox 289 2695 408 2756; x_wconf 89' lang='lat' dir='ltr'><strong>quoqne</strong></span> <span class='ocrx_word' id='word_1_245' title='bbox 421 2678 547 2756; x_wconf 84' lang='lat' dir='ltr'><strong>intelligi</strong></span> <span class='ocrx_word' id='word_1_246' title='bbox 564 2673 778 2757; x_wconf 73' lang='lat' dir='ltr'><strong>fideshumana</strong></span> <span class='ocrx_word' id='word_1_247' title='bbox 789 2696 799 2754; x_wconf 78' lang='lat'>3</span> <span class='ocrx_word' id='word_1_248' title='bbox 810 2676 896 2736; x_wconf 88' lang='lat' dir='ltr'><strong>aliter</strong></span> <span class='ocrx_word' id='word_1_249' title='bbox 905 2684 1004 2735; x_wconf 88' lang='lat' dir='ltr'><strong>autem</strong></span> <span class='ocrx_word' id='word_1_250' title='bbox 1017 2676 1106 2738; x_wconf 89' lang='lat' dir='ltr'><strong>dehet</strong></span> 
     </span>
     <span class='ocr_line' id='line_1_32' title="bbox 87 2758 1106 2841; baseline -0.002 -19"><span class='ocrx_word' id='word_1_251' title='bbox 87 2762 220 2840; x_wconf 85' lang='lat' dir='ltr'><strong>judicari</strong></span> <span class='ocrx_word' id='word_1_252' title='bbox 236 2763 260 2822; x_wconf 91' lang='lat' dir='ltr'><strong>si</strong></span> <span class='ocrx_word' id='word_1_253' title='bbox 283 2771 491 2823; x_wconf 82' lang='lat' dir='ltr'><strong>execrarentur</strong></span> <span class='ocrx_word' id='word_1_254' title='bbox 510 2763 543 2822; x_wconf 88' lang='lat' dir='ltr'><strong>in</strong></span> <span class='ocrx_word' id='word_1_255' title='bbox 561 2759 653 2841; x_wconf 81' lang='lat' dir='ltr'><strong>fidem</strong></span> <span class='ocrx_word' id='word_1_256' title='bbox 672 2768 827 2837; x_wconf 79' lang='lat' dir='ltr'><strong>mactem,</strong></span> <span class='ocrx_word' id='word_1_257' title='bbox 848 2769 900 2822; x_wconf 91' lang='lat' dir='ltr'><strong>aut</strong></span> <span class='ocrx_word' id='word_1_258' title='bbox 920 2758 1042 2821; x_wconf 83' lang='lat' dir='ltr'><strong>Christi.</strong></span> <span class='ocrx_word' id='word_1_259' title='bbox 1063 2763 1106 2822; x_wconf 87' lang='lat' dir='ltr'><strong>lta</strong></span> 
     </span>
     <span class='ocr_line' id='line_1_33' title="bbox 91 2844 1107 2928; baseline -0.002 -20"><span class='ocrx_word' id='word_1_260' title='bbox 91 2848 206 2928; x_wconf 87' lang='lat' dir='ltr'><strong>pariter</strong></span> <span class='ocrx_word' id='word_1_261' title='bbox 230 2865 292 2908; x_wconf 89' lang='lat' dir='ltr'><strong>non</strong></span> <span class='ocrx_word' id='word_1_262' title='bbox 316 2854 360 2908; x_wconf 86' lang='lat' dir='ltr'><strong>cst</strong></span> <span class='ocrx_word' id='word_1_263' title='bbox 382 2847 507 2907; x_wconf 89' lang='lat' dir='ltr'><strong>mortale</strong></span> <span class='ocrx_word' id='word_1_264' title='bbox 529 2845 704 2908; x_wconf 88' lang='lat' dir='ltr'><strong>maledicere</strong></span> <span class='ocrx_word' id='word_1_265' title='bbox 723 2844 869 2919; x_wconf 79' lang='lat' dir='ltr'><strong>aeortais,</strong></span> <span class='ocrx_word' id='word_1_266' title='bbox 891 2847 948 2906; x_wconf 91' lang='lat' dir='ltr'><strong>nisi</strong></span> <span class='ocrx_word' id='word_1_267' title='bbox 970 2847 1107 2906; x_wconf 89' lang='lat' dir='ltr'><strong>nomina-</strong></span> 
     </span>
    </p>
   </div>
   <div class='ocr_carea' id='block_1_5' title="bbox 0 2930 1108 3094">
    <p class='ocr_par' dir='ltr' id='par_1_7' title="bbox 0 2930 1108 3094">
     <span class='ocr_line' id='line_1_34' title="bbox 1 2930 1108 3010; baseline -0.003 -17"><span class='ocrx_word' id='word_1_268' title='bbox 1 2959 2 3001; x_wconf 64' lang='lat' dir='ltr'><strong>t</strong></span> <span class='ocrx_word' id='word_1_269' title='bbox 90 2941 200 2993; x_wconf 88' lang='lat' dir='ltr'><strong>rentur</strong></span> <span class='ocrx_word' id='word_1_270' title='bbox 216 2940 268 2994; x_wconf 90' lang='lat' dir='ltr'><strong>aut</strong></span> <span class='ocrx_word' id='word_1_271' title='bbox 284 2932 522 3010; x_wconf 81' lang='lat' dir='ltr'><strong>intelligerentur</strong></span> <span class='ocrx_word' id='word_1_272' title='bbox 538 2930 660 3010; x_wconf 73' lang='lat' dir='ltr'><strong>praecise</strong></span> <span class='ocrx_word' id='word_1_273' title='bbox 679 2930 697 2991; x_wconf 78' lang='lat' dir='ltr'><strong>h</strong></span> <span class='ocrx_word' id='word_1_274' title='bbox 721 2931 892 3009; x_wconf 84' lang='lat' dir='ltr'><strong>proferente</strong></span> <span class='ocrx_word' id='word_1_275' title='bbox 911 2930 1016 2989; x_wconf 77' lang='lat' dir='ltr'><strong>animae</strong></span> <span class='ocrx_word' id='word_1_276' title='bbox 1034 2949 1108 3008; x_wconf 90' lang='lat' dir='ltr'><strong>pur·</strong></span> 
     </span>
     <span class='ocr_line' id='line_1_35' title="bbox 0 3013 1108 3094; baseline -0.003 -16"><span class='ocrx_word' id='word_1_277' title='bbox 0 3033 1 3038; x_wconf 72' lang='grc'>’</span> <span class='ocrx_word' id='word_1_278' title='bbox 92 3017 225 3094; x_wconf 72' lang='lat' dir='ltr'><strong>gatos-it,</strong></span> <span class='ocrx_word' id='word_1_279' title='bbox 247 3017 296 3078; x_wconf 88' lang='lat' dir='ltr'><strong>vel</strong></span> <span class='ocrx_word' id='word_1_280' title='bbox 318 3017 430 3078; x_wconf 88' lang='lat' dir='ltr'><strong>mortui</strong></span> <span class='ocrx_word' id='word_1_281' title='bbox 454 3017 484 3076; x_wconf 92' lang='lat' dir='ltr'><strong>in</strong></span> <span class='ocrx_word' id='word_1_282' title='bbox 499 3013 633 3088; x_wconf 84' lang='lat' dir='ltr'><strong>Christo,</strong></span> <span class='ocrx_word' id='word_1_283' title='bbox 647 3023 700 3074; x_wconf 86' lang='lat' dir='ltr'><strong>aut</strong></span> <span class='ocrx_word' id='word_1_284' title='bbox 718 3017 827 3074; x_wconf 85' lang='lat' dir='ltr'><strong>animae</strong></span> <span class='ocrx_word' id='word_1_285' title='bbox 847 3022 1049 3074; x_wconf 89' lang='lat' dir='ltr'><strong>mortuorum.</strong></span> <span class='ocrx_word' id='word_1_286' title='bbox 1064 3015 1108 3075; x_wconf 79' lang='lat' dir='ltr'><strong>ne</strong></span> 
     </span>
    </p>
   </div>
   <div class='ocr_carea' id='block_1_6' title="bbox 91 3096 1108 3348">
    <p class='ocr_par' dir='ltr' id='par_1_8' title="bbox 91 3096 1108 3348">
     <span class='ocr_line' id='line_1_36' title="bbox 91 3096 1108 3180; baseline -0.001 -19"><span class='ocrx_word' id='word_1_287' title='bbox 91 3097 149 3162; x_wconf 90' lang='lat' dir='ltr'><strong>boc</strong></span> <span class='ocrx_word' id='word_1_288' title='bbox 174 3110 286 3180; x_wconf 87' lang='lat' dir='ltr'><strong>puncto</strong></span> <span class='ocrx_word' id='word_1_289' title='bbox 305 3099 369 3178; x_wconf 89' lang='lat' dir='ltr'><strong>jam</strong></span> <span class='ocrx_word' id='word_1_290' title='bbox 388 3101 419 3161; x_wconf 89' lang='lat' dir='ltr'><strong>in</strong></span> <span class='ocrx_word' id='word_1_291' title='bbox 432 3101 528 3180; x_wconf 88' lang='lat' dir='ltr'><strong>Opere</strong></span> <span class='ocrx_word' id='word_1_292' title='bbox 551 3097 630 3178; x_wconf 83' lang='lat' dir='ltr'><strong>(Lib.</strong></span> <span class='ocrx_word' id='word_1_293' title='bbox 645 3100 674 3158; x_wconf 81' lang='lat' dir='ltr'><strong>b.</strong></span> <span class='ocrx_word' id='word_1_294' title='bbox 687 3118 721 3160; x_wconf 84' lang='lat' dir='ltr'><strong>o.</strong></span> <span class='ocrx_word' id='word_1_295' title='bbox 734 3097 815 3175; x_wconf 72' lang='lat'><strong>450.)</strong></span> <span class='ocrx_word' id='word_1_296' title='bbox 830 3096 945 3157; x_wconf 89' lang='lat' dir='ltr'><strong>locutus</strong></span> <span class='ocrx_word' id='word_1_297' title='bbox 957 3114 1042 3158; x_wconf 87' lang='lat' dir='ltr'><strong>sum:</strong></span> <span class='ocrx_word' id='word_1_298' title='bbox 1056 3099 1108 3160; x_wconf 90' lang='lat' dir='ltr'><strong>sed</strong></span> 
     </span>
     <span class='ocr_line' id='line_1_37' title="bbox 93 3181 1106 3262; baseline 0 -18"><span class='ocrx_word' id='word_1_299' title='bbox 93 3185 163 3262; x_wconf 88' lang='lat' dir='ltr'><strong>quia</strong></span> <span class='ocrx_word' id='word_1_300' title='bbox 183 3183 241 3245; x_wconf 90' lang='lat' dir='ltr'><strong>hoc</strong></span> <span class='ocrx_word' id='word_1_301' title='bbox 263 3191 308 3244; x_wconf 91' lang='lat' dir='ltr'><strong>est</strong></span> <span class='ocrx_word' id='word_1_302' title='bbox 324 3193 469 3262; x_wconf 89' lang='lat' dir='ltr'><strong>punctum</strong></span> <span class='ocrx_word' id='word_1_303' title='bbox 493 3183 530 3244; x_wconf 92' lang='lat' dir='ltr'><strong>ab</strong></span> <span class='ocrx_word' id='word_1_304' title='bbox 552 3182 618 3242; x_wconf 90' lang='lat' dir='ltr'><strong>aliis</strong></span> <span class='ocrx_word' id='word_1_305' title='bbox 638 3182 817 3242; x_wconf 79' lang='lat' dir='ltr'><strong>ductoribus</strong></span> <span class='ocrx_word' id='word_1_306' title='bbox 838 3198 898 3240; x_wconf 91' lang='lat' dir='ltr'><strong>non</strong></span> <span class='ocrx_word' id='word_1_307' title='bbox 922 3181 1106 3257; x_wconf 87' lang='lat' dir='ltr'><strong>discussum,</strong></span> 
     </span>
     <span class='ocr_line' id='line_1_38' title="bbox 93 3264 1106 3348; baseline 0 -19"><span class='ocrx_word' id='word_1_308' title='bbox 93 3269 185 3329; x_wconf 78' lang='lat' dir='ltr'><strong>refert</strong></span> <span class='ocrx_word' id='word_1_309' title='bbox 206 3269 286 3330; x_wconf 88' lang='lat' dir='ltr'><strong>illud</strong></span> <span class='ocrx_word' id='word_1_310' title='bbox 312 3265 363 3328; x_wconf 87' lang='lat' dir='ltr'><strong>hic</strong></span> <span class='ocrx_word' id='word_1_311' title='bbox 383 3268 421 3329; x_wconf 91' lang='lat' dir='ltr'><strong>ad</strong></span> <span class='ocrx_word' id='word_1_312' title='bbox 443 3269 588 3330; x_wconf 88' lang='lat' dir='ltr'><strong>trutinam</strong></span> <span class='ocrx_word' id='word_1_313' title='bbox 607 3285 764 3341; x_wconf 83' lang='lat' dir='ltr'><strong>revocare,</strong></span> <span class='ocrx_word' id='word_1_314' title='bbox 790 3273 824 3326; x_wconf 88' lang='lat' dir='ltr'><strong>ut</strong></span> <span class='ocrx_word' id='word_1_315' title='bbox 844 3264 952 3330; x_wconf 88' lang='lat' dir='ltr'><strong>elarids</strong></span> <span class='ocrx_word' id='word_1_316' title='bbox 967 3269 1106 3348; x_wconf 86' lang='lat' dir='ltr'><strong>patefiat,</strong></span> 
     </span>
    </p>
   </div>
   <div class='ocr_carea' id='block_1_7' title="bbox 119 3471 1014 3671">
    <p class='ocr_par' dir='ltr' id='par_1_9' title="bbox 119 3471 1014 3671">
     <span class='ocr_line' id='line_1_39' title="bbox 119 3471 1014 3592; baseline -0.006 -71"><span class='ocrx_word' id='word_1_317' title='bbox 119 3474 154 3536; x_wconf 67' lang='grc'><strong>(1)</strong></span> <span class='ocrx_word' id='word_1_318' title='bbox 162 3473 254 3525; x_wconf 81' lang='lat' dir='ltr'><strong>indicat</strong></span> <span class='ocrx_word' id='word_1_319' title='bbox 264 3481 350 3526; x_wconf 83' lang='lat' dir='ltr'><strong>unctor</strong></span> <span class='ocrx_word' id='word_1_320' title='bbox 360 3473 460 3537; x_wconf 79' lang='lat' dir='ltr'><strong>primam</strong></span> <span class='ocrx_word' id='word_1_321' title='bbox 471 3487 517 3523; x_wconf 82' lang='lat' dir='ltr'><strong>aaa</strong></span> <span class='ocrx_word' id='word_1_322' title='bbox 525 3479 658 3524; x_wconf 69' lang='lat' dir='ltr'><strong>correctam</strong></span> <span class='ocrx_word' id='word_1_323' title='bbox 671 3471 798 3521; x_wconf 79' lang='lat' dir='ltr'><strong>edideram</strong></span> <span class='ocrx_word' id='word_1_324' title='bbox 807 3472 910 3522; x_wconf 77' lang='lat' dir='ltr'><strong>ldcralta.</strong></span> <span class='ocrx_word' id='word_1_325' title='bbox 955 3543 1014 3592; x_wconf 61' lang='lat' dir='ltr'><strong><em>m</em></strong></span> 
     </span>
     <span class='ocr_line' id='line_1_40' title="bbox 912 3609 945 3671; baseline 0.091 -3"><span class='ocrx_word' id='word_1_326' title='bbox 912 3609 945 3671; x_wconf 74' lang='lat' dir='ltr'><strong>o.</strong></span> 
     </span>
    </p>
   </div>
   <div class='ocr_carea' id='block_1_8' title="bbox 0 0 1242 3975">
    <p class='ocr_par' dir='ltr' id='par_1_10' title="bbox 0 0 1242 3975">
     <span class='ocr_line' id='line_1_41' title="bbox 0 0 1242 3975; baseline 0 0"><span class='ocrx_word' id='word_1_327' title='bbox 0 0 1242 3975; x_wconf 95' lang='lat' dir='ltr'><strong> </strong></span> 
     </span>
    </p>
   </div>
  </div>
 </body>
</html>
