2475 3975
288 193 334 254 Dc
349 192 628 274 interropotiouiltus
638 192 794 273 [cristulis.
1013 198 1051 259 43

54 296 248 360 alacritatem
268 296 492 369 inveniendam,
507 314 566 357 non
586 303 705 357 tenetur
720 297 758 358 aul
769 297 882 377 aliquid
894 298 1052 363 restituen-

53 386 135 455 dum,
158 380 217 443 nisi
239 389 338 441 certus
353 380 406 441 liat
430 381 468 441 de
488 381 558 459 jure
576 382 658 459 quod
677 383 815 461 proximo
838 383 998 462 competit,
1015 392 1052 445 ut

53 468 181 547 pluribus
203 465 276 527 locis
293 464 430 544 probavi.
449 464 536 540 Quod
557 465 582 526 si
600 467 796 527 restitutionis
817 466 959 545 obligatio
977 476 1052 529 esset

54 561 144 624 cortu,
164 550 217 611 sed
234 550 382 628 poenitens
402 558 537 611 maneret
561 550 593 611 in
617 550 695 610 bonu
714 550 791 623 lide,
810 551 835 612 si
859 552 1050 614 confessarius

53 635 122 697 certi
140 635 320 715 previderet
335 636 553 714 correptionem
570 652 632 695 non
651 635 854 714 profuturam,
867 643 941 697 tunc
964 636 1053 697 tlebet

19 726 24 733 '
53 738 109 779 caru
125 720 283 790 omittere,
301 736 339 779 ne
356 737 410 798 per
427 721 524 800 ipsunt
540 719 610 791 list,
626 728 660 779 ut
680 720 761 797 quod
772 728 816 782 cst
828 726 979 800 peccatum
988 738 1053 781 ma·

52 804 145 864 tcriule
154 808 169 877 ‚'
180 803 284 865 eredat
296 802 421 865 formale
439 821 508 865 cunr
523 805 655 883 pernicie
673 804 753 865 illius
764 805 889 879 animur,
901 814 936 866 ut
948 805 1053 866 dicunt

52 890 107 949 llll.
121 886 200 966 (tto.
214 890 289 949 batt.
301 890 369 949 bil.
383 907 414 948 u.
429 885 526 967 lofer.
542 886 619 966 II.l‚·
631 887 701 948 ride
717 888 794 949 dictu
805 906 873 969 sup.
892 907 959 970 cop.
972 891 1003 951 1.
1015 908 1049 950 tt.

51 973 75 1032 8.
98 980 127 1033 ct
150 974 189 1033 9.
208 974 345 1051 Denique
366 972 464 1051 quoad
487 972 699 1047 obligationem
721 974 917 1035 restitutionis
935 976 1052 1036 ratione

8 1108 9 1111 ,
50 1057 231 1129 contractis,
246 1066 363 1135 oportet
376 1057 448 1118 ulios
461 1056 631 1124 consulere,
645 1056 731 1117 libris
746 1056 865 1118 studere
878 1101 887 1129 ‚
900 1064 932 1118 et
952 1068 1051 1135 postea

50 1140 189 1202 decidere.
200 1142 362 1219 Reliquum
376 1149 438 1212 est,
452 1148 487 1201 ut
501 1138 551 1201 bie
568 1141 757 1213 advertatur,
771 1140 888 1221 quidsi
901 1142 1053 1221 reperior·

49 1236 93 1286 tur
107 1228 201 1306 aliqui
215 1236 382 1287 contractus
391 1243 446 1286 usu
461 1226 648 1304 perlongum
660 1236 779 1307 tempus
787 1228 898 1306 recepti
911 1230 943 1289 itt
953 1228 1052 1305 aliqua

49 1313 178 1389 regione,
192 1312 248 1372 ubi
260 1310 410 1391 precipue
422 1310 573 1372 missiones
584 1310 669 1371 laetas
682 1321 771 1385 sunt,
785 1314 978 1379 confessarius
989 1330 1052 1374 non

8 1470 9 1473 Ἴ
48 1396 131 1457 debet
151 1416 204 1459 eos
219 1396 434 1467 condemnare,
449 1395 505 1455 nisi
525 1392 610 1473 priirs
621 1396 761 1457 omnibus
773 1398 913 1475 inspectis
925 1399 1052 1459 circum·

8 1484 9 1487 ’
49 1482 156 1543 stantiis
169 1482 343 1560 :siquidem
359 1480 458 1559 primo
475 1488 594 1559 aspectu
617 1481 705 1542 multi
725 1489 892 1543 contractus
910 1488 1052 1562 uppurent

48 1568 187 1640 usurarii,
203 1576 257 1627 out
273 1566 396 1643 injusti,
408 1564 460 1626 sed
479 1573 580 1645 postea
593 1567 700 1628 melius
714 1566 805 1628 rebus
816 1570 968 1648 perpensis
978 1568 1050 1629 utar

8 1668 10 1737 ι
49 1671 102 1713 non
124 1662 197 1714 sunt
228 1650 368 1713 habendi.
392 1652 475 1713 Circa
500 1661 600 1715 sutem
626 1652 775 1722 bonorum
798 1653 1051 1738 praescriptionem

8 1740 9 1743 ’
50 1736 165 1799 susurru
180 1736 295 1799 librum
308 1734 386 1815 (tiu.
400 1738 431 1797 t.
445 1754 479 1798 o.
490 1736 582 1815 bob).

8 1966 9 1971 ,
81 1909 129 1969 tlt.
150 1844 264 1974 Cruor
277 1907 358 1967 Vlll.
371 1914 567 1988 preceptum,
584 1909 618 1974 4.,
636 1909 836 1989 interrogetur
848 1910 1011 1990 penitens,
1025 1914 1050 1971 si

8 1995 9 2060 l
50 1993 175 2070 aliquem
192 1993 407 2054 intimaverit?
426 2001 458 2054 ct
477 1994 503 2053 si
523 1993 554 2054 id
573 1993 722 2067 alioruin
739 1995 847 2055 falsum
868 1995 1012 2056 delictum
1023 1997 1052 2056 ei

8 2115 10 2144 2,
50 2079 251 2156 irupott'cndur¹
270 2084 324 2141 aut
344 2093 449 2138 vermn
473 2079 695 2156 patefaciendo?
714 2086 746 2139 et
764 2078 834 2140 ciam
854 2079 997 2139 delictum
1009 2088 1053 2140 cst

8 2187 9 2220 ;
49 2179 165 2241 verriu,
178 2165 204 2224 si
219 2161 294 2222 illud
315 2169 379 2222 erat
391 2163 560 2236 occultum,
571 2172 624 2224 sut
641 2163 794 2241 publicoru
806 2163 839 2221 iu
855 2163 957 2236 aliquo
968 2162 1052 2234 loco,

50 2246 137 2322 sirmi,
157 2249 211 2310 aut
224 2247 338 2326 ¹iudicis
355 2247 526 2308 sententiis?
537 2248 610 2307 item
629 2247 812 2323 interroget,
825 2243 850 2304 si
870 2241 1055 2308 infamaverit

50 2348 247 2403 corrrurrno,
266 2335 304 2391 an'
316 2331 481 2410 ‘pluribus3
501 2337 533 2392 ct
556 2347 656 2392 coram
677 2333 774 2409 quot?
787 2328 859 2389 item
874 2329 898 2388 si
919 2327 1052 2407 divulga·

50 2418 122 2477 rcrit
137 2418 271 2489 iactum3
292 2422 326 2475 ut
345 2413 362 2476 lu
381 2430 413 2476 se
430 2415 600 2494 cognitum,
613 2433 652 2474 an
668 2414 706 2474 ab
721 2414 785 2474 aliis
803 2414 1051 2475 auditum?Circu

50 2509 144 2562 autem
157 2502 244 2562 lamae
263 2501 501 2573 restitutionem,-
515 2501 540 2560 si
553 2500 694 2579 delictum
708 2499 788 2577 quod
801 2507 845 2561 est
857 2499 1052 2576 patefactum,

50 2594 108 2645 crat
128 2587 258 2656 salsum,
279 2585 332 2663 qui
356 2585 507 2645 infamiam
522 2585 640 2653 intulit,
659 2593 776 2644 tenetur
791 2603 823 2645 se
837 2593 1006 2646 retractare.
1021 2583 1052 2643 Si

49 2669 115 2730 verb
139 2671 284 2744 delictum
303 2676 349 2729 est
370 2686 495 2742 verum,
522 2667 610 2728 debet
631 2667 760 2727 iniamiae
778 2668 868 2730 illatae
887 2669 1054 2748 prospicere

50 2754 163 2815 meliori
181 2753 272 2815 modo
283 2797 293 2826 ‚
306 2771 365 2831 quo
384 2760 495 2830 potest,
507 2752 571 2813 sine
588 2751 842 2814 mendaciocdicat
857 2747 1054 2832 engrtalllu·

49 2836 162 2900 cinobtc
178 2856 265 2910 soum,
282 2855 328 2898 otc
343 2834 466 2916 fefellit,
486 2837 594 2897 cocci.
610 2837 668 2901 Alii
684 2837 774 2899 etium
793 2839 955 2899 admittunt
971 2852 1055 2914 posse

48 2921 119 2994 dici,
140 2922 284 2984 mentitus
298 2939 365 2982 sum
375 2965 385 2997 ‚
402 2921 627 2998 aequivocando,
644 2919 716 2982 duim
733 2939 821 2983 omne
840 2931 991 3004 peccatum
1010 2927 1054 2979 est

50 3005 256 3078 menducium,
281 3014 316 3067 ut
336 3005 446 3066 dicitur
463 3007 494 3068 iu
507 3006 677 3084 Scripturis.
692 3009 753 3085 Ego
770 3008 851 3067 soleo
862 3007 942 3071 ⁴dare
958 3005 1054 3066 cousi·

50 3089 140 3162 lium,
162 3098 198 3150 ut
216 3091 343 3151 dieunt:
358 3089 374 3150 l
388 3089 484 3169 cupite
502 3107 565 3150 meo
583 3090 732 3162 bosseret,
748 3089 839 3166 vulgo
856 3090 913 3166 (rue
925 3084 982 3149 tto
995 3105 1055 3149 coc·

49 3170 122 3234 cloto
133 3172 167 3236 dt
176 3173 281 3254 copul,
294 3174 383 3235 ctiam
395 3173 603 3252 aequivocando
613 3217 624 3248 ‚
634 3175 704 3253 quia
715 3175 815 3236 omniu
827 3173 915 3251 verba
926 3173 944 3234 tl
955 3181 1055 3244 moute

51 3256 114 3334 (pro
133 3279 190 3338 qua
204 3261 350 3338 accipitur
369 3260 466 3338 ceput)
482 3260 656 3340 procedunt.
668 3260 753 3333 Quod
772 3260 797 3320 si
815 3277 958 3338 umquam
969 3261 1054 3320 famae

51 3343 195 3406 restitutio
207 3346 403 3426 probabiliter
413 3345 597 3423 judicaretur
613 3343 708 3420 maJus
720 3345 862 3407 damnum
877 3343 966 3424 quim
978 3344 1056 3404 utili·

52 3437 139 3490 tatem
157 3431 299 3492 infamato
317 3431 441 3492 allatura
451 3431 541 3510 ‚quia
562 3429 755 3508 praesumitur
775 3449 823 3492 res
839 3430 877 3490 ab
898 3429 1055 3490 bominum
1075 3496 1078 3499 Α

52 3515 190 3576 memoria
201 3515 346 3576 effluxisse
354 3513 398 3596 (ut
409 3512 765 3594 praesumitureirmfsrnoe
775 3514 949 3576 obtrectatio
959 3513 1054 3572 multo

54 3595 154 3658 abhinc
174 3607 310 3678 tempore
328 3599 494 3673 accidisset,
507 3609 537 3660 ct
549 3599 618 3661 iude
630 3597 670 3666 tle
683 3595 738 3657 buc
750 3598 832 3660 nulla
843 3594 970 3673 amplius
981 3595 1053 3656 sactu
1093 3610 1096 3614 ·
