2475 3975
118 193 182 256 272
299 188 436 269 Epitoaae
453 183 594 248 daetn'nar
611 177 734 242 rnorolir
747 187 778 239 ει
794 177 942 240 monnicae

121 299 198 364 istud
216 299 432 365 admittantur,
451 296 490 357 de
506 295 622 356 ratione
636 289 860 352 admInistrandi
880 286 939 350 rite
951 287 1140 367 baptismum

120 385 238 450 edoceri
254 386 360 446 solent.
371 381 435 444 lbid
448 400 478 441 n.
491 381 522 441 l.

160 471 256 532 Testis
272 471 397 540 unicus,
416 465 531 527 etiamsi
555 463 665 524 mulier
683 463 722 522 sit
736 506 744 530 ,
757 459 863 519 sufficit
885 458 923 517 ad
949 456 1141 536 probandam

122 555 316 634 Baptismum.
327 556 396 613 Can.
416 545 581 616 Parvulos,
600 557 632 608 et
648 549 719 607 Can.
736 545 811 606 Gom
834 542 933 624 itaque
945 542 983 602 de
997 560 1132 602 conseer.

125 641 201 700 Dist.
212 642 241 700 l.
251 640 323 700 last.
336 637 442 696 llecles.
454 635 503 695 98.
517 651 549 692 n.
565 635 609 693 15.

164 723 249 782 Atei
275 719 479 782 testimonium
510 719 550 777 sit
577 717 615 777 ab
643 715 765 776 bomine
786 713 968 785 ineerto‚in
995 730 1030 772 rc
1059 711 1137 772 adeb

125 805 207 886 gravi
224 807 326 882 ignoto
343 803 515 864 testimonio
535 799 652 862 deferre
669 819 730 860 non
755 817 932 878 possumus:
948 814 1041 875 quare
1064 805 1140 856 tunc

126 889 350 967 rebaptizandas
369 897 414 948 est
435 887 531 948 inians
550 885 605 945 sub
627 885 813 953 conditione,
837 883 950 942 etiamsi
967 879 1140 970 schedulam

126 976 307 1053 desuscepto
320 974 498 1052 Baptismatc
511 970 528 1032 e
544 973 620 1032 collo
631 973 799 1047 andrensem
812 969 902 1042 serat,
917 964 963 1025 uti
980 964 1036 1044 pro
1050 981 1145 1040 expo·
1231 954 1235 981 ‘

128 1061 192 1122 sitis
213 1060 245 1121 in
263 1058 400 1139 hospitali
423 1057 461 1118 de
482 1060 513 1116 S.
532 1057 647 1134 Spiritu
671 1055 703 1114 in
715 1055 800 1112 Saxil
815 1053 853 1112 de
867 1051 966 1121 Urbe,
985 1048 1144 1126 respondit

128 1151 206 1210 Sacr.
233 1149 340 1224 conpr.
361 1149 450 1206 Cone.
468 1143 519 1204 dio
538 1143 587 1204 tt.
607 1143 675 1202 lan.
706 1141 793 1201 llil.
810 1141 855 1199 De
876 1135 987 1216 Synod.
1011 1137 1138 1197 Dioeces.

129 1233 182 1294 lib.
196 1235 228 1292 7.
248 1251 275 1292 c.
291 1234 320 1291 a.
341 1249 373 1290 n.
393 1231 421 1288 b.
985 1273 990 1280 .

168 1317 199 1376 si
223 1315 296 1378 verb
323 1323 425 1394 agatur
444 1314 484 1374 de
501 1313 654 1392 baptizatis
670 1311 708 1372 ab
729 1309 876 1371 haereticis
895 1353 903 1380 ‚
923 1310 975 1388 qni
992 1307 1141 1367 adsedem

130 1403 291 1462 Romanam
318 1401 419 1461 venire
446 1409 573 1477 petunt,
594 1408 667 1459 tunc
687 1407 804 1475 oportet
823 1398 1023 1472 investigare,
1050 1407 1143 1452 numa

129 1486 201 1564 quid
225 1487 257 1546 in
277 1487 353 1546 sectd
374 1485 424 1544 illd
447 1483 654 1556 baereticorum
678 1483 852 1542 innovatum
869 1482 908 1541 sit
931 1477 1043 1556 aliquid
1064 1478 1143 1536 cirea

130 1570 283 1629 materiam
304 1574 335 1626 el
354 1568 481 1625 sormam
503 1567 654 1644 baptismi.
681 1564 814 1636 Quodsi
840 1584 877 1625 ex
905 1566 960 1625 ista
984 1563 1143 1641 investiga·

130 1655 210 1714 tione
231 1651 306 1712 nihil
322 1651 394 1710 certi
408 1651 550 1721 resultet,
569 1659 642 1708 tunc
657 1667 690 1708 ae
706 1650 738 1708 in
755 1649 847 1712 dubio
865 1650 1039 1728 baptismate
1051 1665 1143 1722 agen·

129 1739 200 1796 dum
208 1743 263 1798 est.
272 1737 333 1796 lloe
345 1734 470 1795 dubium
487 1734 663 1795 rationabile
674 1735 854 1794 censendum
869 1743 914 1794 est
928 1737 959 1794 in
968 1734 1144 1812 baptismate

130 1821 336 1883 haeretieorum
359 1820 543 1890 nationale,
561 1819 640 1900 apud
657 1838 731 1899 quos
748 1837 812 1880 mos
825 1820 1009 1890 invaluerat,
1021 1826 1057 1877 ut
1067 1819 1143 1882 alter

130 1925 238 1985 aquam
254 1905 411 1980 funderet,
425 1906 500 1965 alter
522 1907 649 1966 sormam
670 1905 889 1982 pronuntiaret.
900 1906 997 1975 Quare
1009 1910 1040 1961 et
1061 1919 1143 1961 nune

132 1994 260 2073 pariter.
282 2002 316 2055 ιιι
337 1994 370 2059 in
390 2010 423 2061 re
443 1991 533 2050 dubia
559 2008 627 2050 cum
649 1991 707 2049 illis
723 1990 869 2065 agendum
893 1996 955 2058 cst,
973 1985 1143 2047 utictcum

131 2076 275 2139 haereticis
292 2077 423 2157 duplice,
437 2072 688 2153 quemadmodum
699 2092 735 2133 ex
745 2069 845 2154 Sploio
858 2072 981 2154 aliisque
989 2072 1143 2136 statuitur.

132 2163 176 2223 lb.
195 2182 227 2223 ιι.
242 2164 271 2225 8.

171 2247 375 2324 lrregularitas
396 2265 432 2307 ex
459 2246 614 2308 iteratione
632 2244 769 2324 baptismi
791 2244 979 2305 contrahitur
998 2244 1087 2303 etiam
1117 2246 1142 2305 si

133 2332 295 2409 baptismus
314 2332 424 2407 absque
445 2332 584 2408 prudenti
605 2331 698 2391 dubio
709 2330 764 2390 sub
777 2331 947 2390 conditione
964 2330 1162 2404 innovetur,·

132 2425 165 2474 nt
174 2412 396 2474 exCateehismo
408 2418 540 2475 Romano
560 2415 656 2476 multd
669 2414 853 2493 probabilius
868 2416 1035 2476 deducitur.
1047 2413 1141 2473 lnstit.

131 2498 237 2557 Eccles.
254 2498 303 2557 88.
316 2514 348 2555 n.
364 2500 412 2557 l8.
431 2500 511 2557 llanc
532 2497 602 2557 verb
624 2517 744 2575 poenam
769 2502 860 2560 etiam
886 2501 1081 2578 baptizantem
1101 2500 1144 2557 al-

27 2582 32 2591 '
132 2584 240 2653 licere,
273 2600 334 2642 non
357 2580 536 2660 baptizatum
566 2582 794 2654 tantummodo,
820 2582 912 2645 serinia
944 2585 1023 2643 inter
1047 2602 1144 2644 orienes

133 2666 281 2729 convenit.
303 2668 386 2728 Sicut
410 2677 439 2727 et
457 2666 491 2727 ed
508 2666 604 2727 affecti
620 2684 680 2727 non
703 2667 822 2728 tantiam
839 2670 875 2727 ad
897 2669 1016 2728 altiores
1029 2668 1144 2728 ordines
1233 2727 1234 2740 ¹

133 2752 290 2811 ascendere
317 2750 481 2823 vetantur,
508 2752 559 2812 sed
586 2759 617 2813 et
637 2752 674 2812 ab
697 2754 838 2813 exercitio
860 2752 923 2829 jam
944 2762 1143 2830 susceptorum
1233 2745 1234 2788 ³

135 2839 273 2898 ordinum
291 2834 518 2907 substernantur,
543 2855 610 2912 quae
624 2845 774 2914 tamquam
797 2839 889 2913 magis
910 2835 1065 2895 'cohaerens
1092 2855 1143 2895 au·
1233 2879 1234 2882 ,

134 2922 261 2983 claritati
282 2918 455 2980 Cateehismi
470 2920 594 2981 Romani
618 2922 719 2997 opinio
741 2921 897 2997 praefertur
910 2918 992 2977 alteri
1014 2921 1142 2995 neganti.

135 3007 212 3067 lbid.
230 3025 261 3066 ιι.
281 3008 330 3067 18.
613 3000 617 3007 ’

173 3089 399 3153 Admittendum
419 3094 481 3150 csse
505 3088 541 3157 ad
560 3088 741 3165 baptismum
768 3088 948 3149 infantulum
970 3086 1141 3162 hebraeum,

136 3176 301 3251 postulante
324 3176 388 3235 avia
417 3174 539 3251 paterna
573 3172 755 3245 christiana,
781 3170 850 3234 liedt
882 3174 1022 3233 reclamet
1051 3184 1143 3235 mator

135 3257 250 3316 hebraea
268 3260 407 3320 deluneto
436 3259 566 3328 marito,
591 3266 622 3317 et
646 3266 761 3319 tectores
786 3260 1023 3330 testamentarii,
1048 3269 1144 3322 censet

135 3339 267 3432 Pontifex
283 3342 314 3399 in
330 3344 459 3419 Epistola
482 3343 519 3402 ad
537 3346 575 3404 lt.
595 3346 634 3403 Ρ.
654 3343 871 3425 Hieronymum
891 3341 1049 3424 Gupb'clnn'
1070 3347 1143 3405 Con-

133 3422 352 3512 grcgationisls.
365 3425 460 3485 Officii
475 3446 648 3489 assessorem
664 3472 673 3499 ‚
694 3447 731 3489 ex
754 3448 812 3501 eo,
833 3428 913 3507 qubd
934 3430 999 3487 avia
1014 3446 1143 3506 compre-

133 3496 223 3591 lrcpdr
245 3510 334 3572 possit
354 3505 409 3562 sub
430 3512 629 3583 appellatione
649 3524 825 3590 parentum,
839 3523 870 3573 et
885 3514 984 3573 lavore
996 3513 1142 3589 roligionis

131 3574 213 3631 s³⁰¹¹⁰
237 3581 392 3649 l‘toevaleat
415 3593 527 3667 matri,
549 3605 579 3655 ot
594 3600 707 3658 cacteris
728 3599 877 3658 tutoribus
897 3597 1138 3657 testamentariis:
