<?xml version="1.0" encoding="UTF-8"?>
<!DOCTYPE html PUBLIC "-//W3C//DTD XHTML 1.0 Transitional//EN"
    "http://www.w3.org/TR/xhtml1/DTD/xhtml1-transitional.dtd">
<html xmlns="http://www.w3.org/1999/xhtml" xml:lang="en" lang="en">
 <head>
  <title>
</title>
<meta http-equiv="Content-Type" content="text/html;charset=utf-8" />
  <meta name='ocr-system' content='tesseract 3.04.00' />
  <meta name='ocr-capabilities' content='ocr_page ocr_carea ocr_par ocr_line ocrx_word'/>
</head>
<body>
  <div class='ocr_page' id='page_1' title='image "./theologiamorali04heilgoog_0376.png"; bbox 0 0 2475 3975; ppageno 0'>
   <div class='ocr_carea' id='block_1_1' title="bbox 140 125 953 243">
    <p class='ocr_par' dir='ltr' id='par_1_1' title="bbox 140 125 953 243">
     <span class='ocr_line' id='line_1_1' title="bbox 140 125 953 243; baseline -0.005 -21"><span class='ocrx_word' id='word_1_1' title='bbox 140 161 200 224; x_wconf 75' lang='lat'><strong>55⁰</strong></span> <span class='ocrx_word' id='word_1_2' title='bbox 334 159 622 243; x_wconf 73' lang='lat' dir='ltr'><strong>uptoomcatourtoc</strong></span> <span class='ocrx_word' id='word_1_3' title='bbox 632 125 953 222; x_wconf 66' lang='lat' dir='ltr'><strong>moiotbctcottoniooe</strong></span> 
     </span>
    </p>
   </div>
   <div class='ocr_carea' id='block_1_2' title="bbox 141 261 1210 2511">
    <p class='ocr_par' dir='ltr' id='par_1_2' title="bbox 141 261 1156 594">
     <span class='ocr_line' id='line_1_2' title="bbox 141 261 1154 342; baseline 0.001 -18"><span class='ocrx_word' id='word_1_4' title='bbox 141 263 239 342; x_wconf 87' lang='lat' dir='ltr'><strong>scopi;</strong></span> <span class='ocrx_word' id='word_1_5' title='bbox 253 261 279 324; x_wconf 84' lang='lat' dir='ltr'><strong>ti</strong></span> <span class='ocrx_word' id='word_1_6' title='bbox 300 263 408 326; x_wconf 82' lang='lat' dir='ltr'><strong>iudicia</strong></span> <span class='ocrx_word' id='word_1_7' title='bbox 427 263 465 326; x_wconf 86' lang='lat' dir='ltr'><strong>od</strong></span> <span class='ocrx_word' id='word_1_8' title='bbox 484 272 631 340; x_wconf 82' lang='lat' dir='ltr'><strong>torturam</strong></span> <span class='ocrx_word' id='word_1_9' title='bbox 650 261 826 324; x_wconf 81' lang='lat' dir='ltr'><strong>sufficieutia</strong></span> <span class='ocrx_word' id='word_1_10' title='bbox 849 261 1057 340; x_wconf 71' lang='lat' dir='ltr'><strong>reperiantur,</strong></span> <span class='ocrx_word' id='word_1_11' title='bbox 1082 271 1154 325; x_wconf 90' lang='lat' dir='ltr'><strong>tnnc</strong></span> 
     </span>
     <span class='ocr_line' id='line_1_3' title="bbox 141 345 1154 425; baseline 0.002 -17"><span class='ocrx_word' id='word_1_12' title='bbox 141 347 357 424; x_wconf 69' lang='lat' dir='ltr'><strong>consignandos</strong></span> <span class='ocrx_word' id='word_1_13' title='bbox 377 359 421 410; x_wconf 82' lang='lat' dir='ltr'><strong>cst</strong></span> <span class='ocrx_word' id='word_1_14' title='bbox 433 366 502 410; x_wconf 87' lang='lat' dir='ltr'><strong>reus</strong></span> <span class='ocrx_word' id='word_1_15' title='bbox 515 347 609 425; x_wconf 84' lang='lat' dir='ltr'><strong>judici</strong></span> <span class='ocrx_word' id='word_1_16' title='bbox 623 347 755 407; x_wconf 81' lang='lat' dir='ltr'><strong>secutori</strong></span> <span class='ocrx_word' id='word_1_17' title='bbox 770 345 940 424; x_wconf 78' lang='lat' dir='ltr'><strong>(obligando</strong></span> <span class='ocrx_word' id='word_1_18' title='bbox 952 356 1054 408; x_wconf 87' lang='lat' dir='ltr'><strong>tamen</strong></span> <span class='ocrx_word' id='word_1_19' title='bbox 1065 348 1154 418; x_wconf 86' lang='lat' dir='ltr'><strong>illum</strong></span> 
     </span>
     <span class='ocr_line' id='line_1_4' title="bbox 141 431 1156 511; baseline -0.002 -17"><span class='ocrx_word' id='word_1_20' title='bbox 141 431 198 494; x_wconf 86' lang='lat' dir='ltr'><strong>sub</strong></span> <span class='ocrx_word' id='word_1_21' title='bbox 220 431 524 499; x_wconf 77' lang='lat' dir='ltr'><strong>excommunicatione</strong></span> <span class='ocrx_word' id='word_1_22' title='bbox 538 432 605 496; x_wconf 84' lang='lat' dir='ltr'><strong>latae</strong></span> <span class='ocrx_word' id='word_1_23' title='bbox 628 432 784 499; x_wconf 76' lang='lat' dir='ltr'><strong>sestertio</strong></span> <span class='ocrx_word' id='word_1_24' title='bbox 804 432 874 493; x_wconf 90' lang='lat' dir='ltr'><strong>utsi</strong></span> <span class='ocrx_word' id='word_1_25' title='bbox 890 448 959 495; x_wconf 82' lang='lat' dir='ltr'><strong>retas</strong></span> <span class='ocrx_word' id='word_1_26' title='bbox 980 434 1156 511; x_wconf 76' lang='lat' dir='ltr'><strong>purgaverit</strong></span> 
     </span>
     <span class='ocr_line' id='line_1_5' title="bbox 143 515 630 594; baseline 0 -16"><span class='ocrx_word' id='word_1_27' title='bbox 143 515 272 594; x_wconf 82' lang='lat' dir='ltr'><strong>troicis,</strong></span> <span class='ocrx_word' id='word_1_28' title='bbox 286 519 457 582; x_wconf 81' lang='lat' dir='ltr'><strong>restituetur</strong></span> <span class='ocrx_word' id='word_1_29' title='bbox 470 517 630 594; x_wconf 79' lang='lat' dir='ltr'><strong>Ecclesim).</strong></span> 
     </span>
    </p>

    <p class='ocr_par' dir='ltr' id='par_1_3' title="bbox 143 603 1159 948">
     <span class='ocr_line' id='line_1_6' title="bbox 181 603 1157 690; baseline 0.001 -18"><span class='ocrx_word' id='word_1_30' title='bbox 181 611 212 672; x_wconf 87' lang='lat' dir='ltr'><strong>Si</strong></span> <span class='ocrx_word' id='word_1_31' title='bbox 231 603 424 674; x_wconf 78' lang='lat' dir='ltr'><strong>homicidium</strong></span> <span class='ocrx_word' id='word_1_32' title='bbox 443 619 648 690; x_wconf 81' lang='lat' dir='ltr'><strong>perpetratum</strong></span> <span class='ocrx_word' id='word_1_33' title='bbox 664 616 711 671; x_wconf 83' lang='lat' dir='ltr'><strong>cst</strong></span> <span class='ocrx_word' id='word_1_34' title='bbox 731 609 764 672; x_wconf 93' lang='lat' dir='ltr'><strong>iu</strong></span> <span class='ocrx_word' id='word_1_35' title='bbox 781 609 854 670; x_wconf 89' lang='lat' dir='ltr'><strong>locis</strong></span> <span class='ocrx_word' id='word_1_36' title='bbox 872 607 1065 673; x_wconf 75' lang='lat' dir='ltr'><strong>tresidentil</strong></span> <span class='ocrx_word' id='word_1_37' title='bbox 1087 613 1157 690; x_wconf 83' lang='lat' dir='ltr'><strong>Epi·</strong></span> 
     </span>
     <span class='ocr_line' id='line_1_7' title="bbox 143 693 1158 774; baseline 0.002 -18"><span class='ocrx_word' id='word_1_38' title='bbox 143 693 223 774; x_wconf 88' lang='lat' dir='ltr'><strong>scopi</strong></span> <span class='ocrx_word' id='word_1_39' title='bbox 233 695 371 768; x_wconf 84' lang='lat' dir='ltr'><strong>remotis,</strong></span> <span class='ocrx_word' id='word_1_40' title='bbox 382 695 520 768; x_wconf 79' lang='lat' dir='ltr'><strong>mandat,</strong></span> <span class='ocrx_word' id='word_1_41' title='bbox 531 703 567 758; x_wconf 92' lang='lat' dir='ltr'><strong>ut</strong></span> <span class='ocrx_word' id='word_1_42' title='bbox 577 693 761 765; x_wconf 81' lang='lat' dir='ltr'><strong>demandato</strong></span> <span class='ocrx_word' id='word_1_43' title='bbox 772 693 908 772; x_wconf 81' lang='lat' dir='ltr'><strong>Episcopi</strong></span> <span class='ocrx_word' id='word_1_44' title='bbox 918 693 1028 758; x_wconf 87' lang='lat' dir='ltr'><strong>Vlcarii</strong></span> <span class='ocrx_word' id='word_1_45' title='bbox 1041 695 1158 758; x_wconf 75' lang='lat' dir='ltr'><strong>foranei</strong></span> 
     </span>
     <span class='ocr_line' id='line_1_8' title="bbox 143 776 1159 856; baseline 0.005 -18"><span class='ocrx_word' id='word_1_46' title='bbox 143 777 249 840; x_wconf 86' lang='lat' dir='ltr'><strong>indicia</strong></span> <span class='ocrx_word' id='word_1_47' title='bbox 266 781 302 839; x_wconf 90' lang='lat' dir='ltr'><strong>ad</strong></span> <span class='ocrx_word' id='word_1_48' title='bbox 316 782 529 842; x_wconf 81' lang='lat' dir='ltr'><strong>extructionem</strong></span> <span class='ocrx_word' id='word_1_49' title='bbox 547 778 708 842; x_wconf 74' lang='lat' dir='ltr'><strong>necesaria</strong></span> <span class='ocrx_word' id='word_1_50' title='bbox 724 776 853 856; x_wconf 64' lang='lat' dir='ltr'><strong>iuridici</strong></span> <span class='ocrx_word' id='word_1_51' title='bbox 871 777 1029 856; x_wconf 80' lang='lat' dir='ltr'><strong>colligant,</strong></span> <span class='ocrx_word' id='word_1_52' title='bbox 1042 781 1159 848; x_wconf 78' lang='lat' dir='ltr'><strong>statim</strong></span> 
     </span>
     <span class='ocr_line' id='line_1_9' title="bbox 143 862 663 948; baseline 0.008 -26"><span class='ocrx_word' id='word_1_53' title='bbox 143 879 201 944; x_wconf 83' lang='lat' dir='ltr'><strong>quc</strong></span> <span class='ocrx_word' id='word_1_54' title='bbox 211 862 249 926; x_wconf 87' lang='lat' dir='ltr'><strong>ad</strong></span> <span class='ocrx_word' id='word_1_55' title='bbox 260 865 438 948; x_wconf 83' lang='lat' dir='ltr'><strong>Episcopum</strong></span> <span class='ocrx_word' id='word_1_56' title='bbox 448 865 663 928; x_wconf 88' lang='lat' dir='ltr'><strong>transmittant.</strong></span> 
     </span>
    </p>

    <p class='ocr_par' dir='ltr' id='par_1_4' title="bbox 143 955 1159 1360">
     <span class='ocr_line' id='line_1_10' title="bbox 181 955 1157 1037; baseline 0.004 -21"><span class='ocrx_word' id='word_1_57' title='bbox 181 957 422 1037; x_wconf 74' lang='lat' dir='ltr'><strong>rmnsgrossomo</strong></span> <span class='ocrx_word' id='word_1_58' title='bbox 445 977 534 1024; x_wconf 78' lang='lat' dir='ltr'><strong>sacre</strong></span> <span class='ocrx_word' id='word_1_59' title='bbox 555 957 773 1026; x_wconf 82' lang='lat' dir='ltr'><strong>immunitatis.</strong></span> <span class='ocrx_word' id='word_1_60' title='bbox 795 956 885 1018; x_wconf 84' lang='lat' dir='ltr'><strong>ctiam</strong></span> <span class='ocrx_word' id='word_1_61' title='bbox 905 955 1004 1034; x_wconf 81' lang='lat' dir='ltr'><strong>quoad</strong></span> <span class='ocrx_word' id='word_1_62' title='bbox 1029 976 1157 1036; x_wconf 76' lang='lat' dir='ltr'><strong>poenas,</strong></span> 
     </span>
     <span class='ocr_line' id='line_1_11' title="bbox 143 1039 1158 1124; baseline 0.004 -22"><span class='ocrx_word' id='word_1_63' title='bbox 143 1041 272 1104; x_wconf 80' lang='lat' dir='ltr'><strong>declarat</strong></span> <span class='ocrx_word' id='word_1_64' title='bbox 283 1061 351 1113; x_wconf 85' lang='lat' dir='ltr'><strong>cos,</strong></span> <span class='ocrx_word' id='word_1_65' title='bbox 364 1045 415 1124; x_wconf 85' lang='lat' dir='ltr'><strong>qui</strong></span> <span class='ocrx_word' id='word_1_66' title='bbox 433 1046 497 1106; x_wconf 90' lang='lat' dir='ltr'><strong>siue</strong></span> <span class='ocrx_word' id='word_1_67' title='bbox 513 1060 636 1106; x_wconf 83' lang='lat' dir='ltr'><strong>recursu</strong></span> <span class='ocrx_word' id='word_1_68' title='bbox 656 1040 694 1105; x_wconf 77' lang='lat' dir='ltr'><strong>etl</strong></span> <span class='ocrx_word' id='word_1_69' title='bbox 709 1042 887 1118; x_wconf 78' lang='lat' dir='ltr'><strong>Episcopum</strong></span> <span class='ocrx_word' id='word_1_70' title='bbox 898 1039 1079 1118; x_wconf 78' lang='lat' dir='ltr'><strong>extrthunt,</strong></span> <span class='ocrx_word' id='word_1_71' title='bbox 1093 1046 1158 1106; x_wconf 85' lang='lat' dir='ltr'><strong>siro</strong></span> 
     </span>
     <span class='ocr_line' id='line_1_12' title="bbox 144 1125 1157 1209; baseline 0.001 -21"><span class='ocrx_word' id='word_1_72' title='bbox 144 1127 235 1190; x_wconf 85' lang='lat' dir='ltr'><strong>etium</strong></span> <span class='ocrx_word' id='word_1_73' title='bbox 253 1127 387 1190; x_wconf 75' lang='lat' dir='ltr'><strong>obsidere</strong></span> <span class='ocrx_word' id='word_1_74' title='bbox 407 1135 590 1209; x_wconf 80' lang='lat' dir='ltr'><strong>presumunt</strong></span> <span class='ocrx_word' id='word_1_75' title='bbox 611 1127 676 1189; x_wconf 85' lang='lat' dir='ltr'><strong>loca</strong></span> <span class='ocrx_word' id='word_1_76' title='bbox 704 1125 870 1197; x_wconf 76' lang='lat' dir='ltr'><strong>immunia,</strong></span> <span class='ocrx_word' id='word_1_77' title='bbox 891 1142 931 1189; x_wconf 82' lang='lat' dir='ltr'><strong>tte</strong></span> <span class='ocrx_word' id='word_1_78' title='bbox 951 1125 1096 1189; x_wconf 81' lang='lat' dir='ltr'><strong>alimmtc</strong></span> <span class='ocrx_word' id='word_1_79' title='bbox 1120 1130 1157 1190; x_wconf 87' lang='lat' dir='ltr'><strong>ad</strong></span> 
     </span>
     <span class='ocr_line' id='line_1_13' title="bbox 145 1209 1159 1290; baseline 0.004 -18"><span class='ocrx_word' id='word_1_80' title='bbox 145 1227 229 1272; x_wconf 86' lang='lat' dir='ltr'><strong>rcum</strong></span> <span class='ocrx_word' id='word_1_81' title='bbox 245 1211 434 1289; x_wconf 77' lang='lat' dir='ltr'><strong>dolerentur,</strong></span> <span class='ocrx_word' id='word_1_82' title='bbox 451 1213 516 1277; x_wconf 86' lang='lat' dir='ltr'><strong>sire</strong></span> <span class='ocrx_word' id='word_1_83' title='bbox 531 1211 618 1278; x_wconf 77' lang='lat' dir='ltr'><strong>utitor</strong></span> <span class='ocrx_word' id='word_1_84' title='bbox 631 1219 741 1290; x_wconf 72' lang='lat' dir='ltr'><strong>oogum</strong></span> <span class='ocrx_word' id='word_1_85' title='bbox 752 1226 856 1282; x_wconf 74' lang='lat' dir='ltr'><strong>mum,</strong></span> <span class='ocrx_word' id='word_1_86' title='bbox 871 1217 906 1274; x_wconf 89' lang='lat' dir='ltr'><strong>ut</strong></span> <span class='ocrx_word' id='word_1_87' title='bbox 916 1226 949 1274; x_wconf 77' lang='lat' dir='ltr'><strong>oe</strong></span> <span class='ocrx_word' id='word_1_88' title='bbox 963 1209 1055 1274; x_wconf 84' lang='lat' dir='ltr'><strong>dedat</strong></span> <span class='ocrx_word' id='word_1_89' title='bbox 1064 1215 1159 1276; x_wconf 75' lang='lat' dir='ltr'><strong>curie</strong></span> 
     </span>
     <span class='ocr_line' id='line_1_14' title="bbox 143 1297 287 1360; baseline 0 -2"><span class='ocrx_word' id='word_1_90' title='bbox 143 1297 287 1360; x_wconf 79' lang='lat' dir='ltr'><strong>soeculari.</strong></span> 
     </span>
    </p>

    <p class='ocr_par' dir='ltr' id='par_1_5' title="bbox 182 1387 795 1471">
     <span class='ocr_line' id='line_1_15' title="bbox 182 1387 795 1471; baseline -0.003 -22"><span class='ocrx_word' id='word_1_91' title='bbox 182 1389 241 1460; x_wconf 85' lang='lat' dir='ltr'><strong>Qui</strong></span> <span class='ocrx_word' id='word_1_92' title='bbox 252 1391 293 1452; x_wconf 87' lang='lat' dir='ltr'><strong>sic</strong></span> <span class='ocrx_word' id='word_1_93' title='bbox 305 1393 439 1471; x_wconf 71' lang='lat' dir='ltr'><strong>egerint,</strong></span> <span class='ocrx_word' id='word_1_94' title='bbox 453 1392 552 1470; x_wconf 79' lang='lat' dir='ltr'><strong>privet</strong></span> <span class='ocrx_word' id='word_1_95' title='bbox 562 1408 613 1454; x_wconf 89' lang='lat' dir='ltr'><strong>eos</strong></span> <span class='ocrx_word' id='word_1_96' title='bbox 622 1387 693 1468; x_wconf 81' lang='lat' dir='ltr'><strong>jure</strong></span> <span class='ocrx_word' id='word_1_97' title='bbox 709 1388 795 1466; x_wconf 84' lang='lat' dir='ltr'><strong>asyli.</strong></span> 
     </span>
    </p>

    <p class='ocr_par' dir='ltr' id='par_1_6' title="bbox 143 1479 1210 1968">
     <span class='ocr_line' id='line_1_16' title="bbox 182 1479 1158 1561; baseline 0.006 -21"><span class='ocrx_word' id='word_1_98' title='bbox 182 1481 213 1540; x_wconf 90' lang='lat' dir='ltr'><strong>Si</strong></span> <span class='ocrx_word' id='word_1_99' title='bbox 228 1501 294 1560; x_wconf 83' lang='lat' dir='ltr'><strong>quta</strong></span> <span class='ocrx_word' id='word_1_100' title='bbox 304 1483 574 1561; x_wconf 81' lang='lat' dir='ltr'><strong>vigetconsuetodo</strong></span> <span class='ocrx_word' id='word_1_101' title='bbox 588 1484 668 1544; x_wconf 84' lang='lat' dir='ltr'><strong>inter</strong></span> <span class='ocrx_word' id='word_1_102' title='bbox 683 1479 1001 1560; x_wconf 86' lang='lat' dir='ltr'><strong>finitimospriucipes,</strong></span> <span class='ocrx_word' id='word_1_103' title='bbox 1012 1482 1158 1546; x_wconf 86' lang='lat' dir='ltr'><strong>utborni·</strong></span> 
     </span>
     <span class='ocr_line' id='line_1_17' title="bbox 144 1563 1158 1646; baseline 0.006 -22"><span class='ocrx_word' id='word_1_104' title='bbox 144 1563 216 1626; x_wconf 84' lang='lat' dir='ltr'><strong>uidae</strong></span> <span class='ocrx_word' id='word_1_105' title='bbox 236 1567 451 1626; x_wconf 84' lang='lat' dir='ltr'><strong>committentes</strong></span> <span class='ocrx_word' id='word_1_106' title='bbox 471 1568 613 1626; x_wconf 91' lang='lat' dir='ltr'><strong>delictum</strong></span> <span class='ocrx_word' id='word_1_107' title='bbox 635 1567 668 1626; x_wconf 90' lang='lat' dir='ltr'><strong>in</strong></span> <span class='ocrx_word' id='word_1_108' title='bbox 688 1566 862 1626; x_wconf 73' lang='lat' dir='ltr'><strong>alterutrius</strong></span> <span class='ocrx_word' id='word_1_109' title='bbox 877 1564 1007 1639; x_wconf 83' lang='lat' dir='ltr'><strong>ditione,</strong></span> <span class='ocrx_word' id='word_1_110' title='bbox 1035 1570 1158 1646; x_wconf 85' lang='lat' dir='ltr'><strong>capian-</strong></span> 
     </span>
     <span class='ocr_line' id='line_1_18' title="bbox 145 1648 1157 1728; baseline 0.003 -20"><span class='ocrx_word' id='word_1_111' title='bbox 145 1658 211 1720; x_wconf 90' lang='lat' dir='ltr'><strong>tur,</strong></span> <span class='ocrx_word' id='word_1_112' title='bbox 225 1657 256 1708; x_wconf 86' lang='lat' dir='ltr'><strong>et</strong></span> <span class='ocrx_word' id='word_1_113' title='bbox 273 1651 514 1716; x_wconf 85' lang='lat' dir='ltr'><strong>transmittuntur</strong></span> <span class='ocrx_word' id='word_1_114' title='bbox 523 1649 560 1710; x_wconf 81' lang='lat' dir='ltr'><strong>acl</strong></span> <span class='ocrx_word' id='word_1_115' title='bbox 576 1650 744 1728; x_wconf 90' lang='lat' dir='ltr'><strong>principem</strong></span> <span class='ocrx_word' id='word_1_116' title='bbox 758 1649 834 1722; x_wconf 90' lang='lat' dir='ltr'><strong>loci,</strong></span> <span class='ocrx_word' id='word_1_117' title='bbox 848 1648 900 1709; x_wconf 90' lang='lat' dir='ltr'><strong>ubi</strong></span> <span class='ocrx_word' id='word_1_118' title='bbox 917 1649 1062 1711; x_wconf 82' lang='lat' dir='ltr'><strong>delictum</strong></span> <span class='ocrx_word' id='word_1_119' title='bbox 1074 1673 1157 1714; x_wconf 83' lang='lat' dir='ltr'><strong>oom-</strong></span> 
     </span>
     <span class='ocr_line' id='line_1_19' title="bbox 143 1732 1156 1815; baseline 0.006 -21"><span class='ocrx_word' id='word_1_120' title='bbox 143 1732 266 1794; x_wconf 82' lang='lat' dir='ltr'><strong>miccmn</strong></span> <span class='ocrx_word' id='word_1_121' title='bbox 279 1741 341 1805; x_wconf 85' lang='lat' dir='ltr'><strong>est,</strong></span> <span class='ocrx_word' id='word_1_122' title='bbox 357 1734 394 1796; x_wconf 87' lang='lat' dir='ltr'><strong>ab</strong></span> <span class='ocrx_word' id='word_1_123' title='bbox 409 1736 550 1815; x_wconf 86' lang='lat' dir='ltr'><strong>Episcopo</strong></span> <span class='ocrx_word' id='word_1_124' title='bbox 564 1734 621 1796; x_wconf 90' lang='lat' dir='ltr'><strong>loci</strong></span> <span class='ocrx_word' id='word_1_125' title='bbox 631 1733 786 1796; x_wconf 86' lang='lat' dir='ltr'><strong>homicidii</strong></span> <span class='ocrx_word' id='word_1_126' title='bbox 798 1733 916 1811; x_wconf 82' lang='lat' dir='ltr'><strong>exquiri</strong></span> <span class='ocrx_word' id='word_1_127' title='bbox 925 1733 1012 1811; x_wconf 83' lang='lat' dir='ltr'><strong>jubet</strong></span> <span class='ocrx_word' id='word_1_128' title='bbox 1026 1737 1156 1811; x_wconf 88' lang='lat' dir='ltr'><strong>indicia,</strong></span> 
     </span>
     <span class='ocr_line' id='line_1_20' title="bbox 143 1819 1210 1902; baseline 0.008 -27"><span class='ocrx_word' id='word_1_129' title='bbox 143 1825 173 1876; x_wconf 91' lang='lat' dir='ltr'><strong>et</strong></span> <span class='ocrx_word' id='word_1_130' title='bbox 185 1821 345 1881; x_wconf 79' lang='lat' dir='ltr'><strong>transmitti</strong></span> <span class='ocrx_word' id='word_1_131' title='bbox 367 1821 405 1882; x_wconf 88' lang='lat' dir='ltr'><strong>ad</strong></span> <span class='ocrx_word' id='word_1_132' title='bbox 420 1822 597 1902; x_wconf 87' lang='lat' dir='ltr'><strong>Episcopum</strong></span> <span class='ocrx_word' id='word_1_133' title='bbox 617 1819 713 1902; x_wconf 84' lang='lat' dir='ltr'><strong>asyli,</strong></span> <span class='ocrx_word' id='word_1_134' title='bbox 727 1819 764 1881; x_wconf 83' lang='lat' dir='ltr'><strong>orl</strong></span> <span class='ocrx_word' id='word_1_135' title='bbox 780 1836 871 1898; x_wconf 88' lang='lat' dir='ltr'><strong>quem</strong></span> <span class='ocrx_word' id='word_1_136' title='bbox 883 1820 1016 1899; x_wconf 86' lang='lat' dir='ltr'><strong>pertinet</strong></span> <span class='ocrx_word' id='word_1_137' title='bbox 1031 1825 1157 1884; x_wconf 90' lang='lat' dir='ltr'><strong>monda-</strong></span> <span class='ocrx_word' id='word_1_138' title='bbox 1209 1840 1210 1901; x_wconf 63' lang='grc' dir='ltr'>ζ</span> 
     </span>
     <span class='ocr_line' id='line_1_21' title="bbox 144 1904 550 1968; baseline 0.012 -7"><span class='ocrx_word' id='word_1_139' title='bbox 144 1911 209 1964; x_wconf 89' lang='lat' dir='ltr'><strong>tom</strong></span> <span class='ocrx_word' id='word_1_140' title='bbox 221 1904 293 1966; x_wconf 88' lang='lat' dir='ltr'><strong>dore</strong></span> <span class='ocrx_word' id='word_1_141' title='bbox 306 1905 345 1966; x_wconf 84' lang='lat' dir='ltr'><strong>de</strong></span> <span class='ocrx_word' id='word_1_142' title='bbox 359 1907 550 1968; x_wconf 75' lang='lat' dir='ltr'><strong>excoctione.</strong></span> 
     </span>
    </p>

    <p class='ocr_par' dir='ltr' id='par_1_7' title="bbox 144 1996 1210 2168">
     <span class='ocr_line' id='line_1_22' title="bbox 182 1996 1210 2078; baseline 0.008 -21"><span class='ocrx_word' id='word_1_143' title='bbox 182 1996 250 2059; x_wconf 75' lang='lat' dir='ltr'><strong>llaec</strong></span> <span class='ocrx_word' id='word_1_144' title='bbox 263 2009 361 2061; x_wconf 85' lang='lat' dir='ltr'><strong>tomen</strong></span> <span class='ocrx_word' id='word_1_145' title='bbox 380 2000 459 2061; x_wconf 85' lang='lat' dir='ltr'><strong>bulla</strong></span> <span class='ocrx_word' id='word_1_146' title='bbox 476 2001 533 2061; x_wconf 89' lang='lat' dir='ltr'><strong>lata</strong></span> <span class='ocrx_word' id='word_1_147' title='bbox 550 2008 596 2059; x_wconf 88' lang='lat' dir='ltr'><strong>est</strong></span> <span class='ocrx_word' id='word_1_148' title='bbox 616 1996 733 2063; x_wconf 78' lang='lat' dir='ltr'><strong>tantiam</strong></span> <span class='ocrx_word' id='word_1_149' title='bbox 746 2016 802 2076; x_wconf 92' lang='lat' dir='ltr'><strong>pro</strong></span> <span class='ocrx_word' id='word_1_150' title='bbox 814 1998 928 2060; x_wconf 87' lang='lat' dir='ltr'><strong>ditione</strong></span> <span class='ocrx_word' id='word_1_151' title='bbox 948 2000 1156 2078; x_wconf 80' lang='lat' dir='ltr'><strong>ooclesiastioal,</strong></span> <span class='ocrx_word' id='word_1_152' title='bbox 1209 2019 1210 2028; x_wconf 58' lang='lat'>¹</span> 
     </span>
     <span class='ocr_line' id='line_1_23' title="bbox 144 2084 1018 2168; baseline 0 -25"><span class='ocrx_word' id='word_1_153' title='bbox 144 2090 175 2143; x_wconf 90' lang='lat' dir='ltr'><strong>ct</strong></span> <span class='ocrx_word' id='word_1_154' title='bbox 191 2100 247 2161; x_wconf 92' lang='lat' dir='ltr'><strong>pro</strong></span> <span class='ocrx_word' id='word_1_155' title='bbox 262 2086 320 2147; x_wconf 87' lang='lat' dir='ltr'><strong>illis</strong></span> <span class='ocrx_word' id='word_1_156' title='bbox 335 2085 536 2166; x_wconf 88' lang='lat' dir='ltr'><strong>principibus,</strong></span> <span class='ocrx_word' id='word_1_157' title='bbox 548 2085 602 2164; x_wconf 91' lang='lat' dir='ltr'><strong>qui</strong></span> <span class='ocrx_word' id='word_1_158' title='bbox 614 2100 680 2144; x_wconf 84' lang='lat' dir='ltr'><strong>eum</strong></span> <span class='ocrx_word' id='word_1_159' title='bbox 696 2084 921 2161; x_wconf 80' lang='lat' dir='ltr'><strong>postulaverint.</strong></span> <span class='ocrx_word' id='word_1_160' title='bbox 1009 2160 1018 2168; x_wconf 92' lang='lat'><strong>.</strong></span> 
     </span>
    </p>

    <p class='ocr_par' dir='ltr' id='par_1_8' title="bbox 144 2176 1159 2511">
     <span class='ocr_line' id='line_1_24' title="bbox 183 2176 1156 2257; baseline 0.005 -18"><span class='ocrx_word' id='word_1_161' title='bbox 183 2177 319 2241; x_wconf 81' lang='lat' dir='ltr'><strong>Haeretici</strong></span> <span class='ocrx_word' id='word_1_162' title='bbox 330 2224 338 2253; x_wconf 93' lang='lat'><strong>,</strong></span> <span class='ocrx_word' id='word_1_163' title='bbox 350 2188 401 2241; x_wconf 90' lang='lat' dir='ltr'><strong>aut</strong></span> <span class='ocrx_word' id='word_1_164' title='bbox 421 2179 459 2241; x_wconf 88' lang='lat' dir='ltr'><strong>dc</strong></span> <span class='ocrx_word' id='word_1_165' title='bbox 476 2177 580 2239; x_wconf 71' lang='lat' dir='ltr'><strong>heresi</strong></span> <span class='ocrx_word' id='word_1_166' title='bbox 596 2177 746 2257; x_wconf 85' lang='lat' dir='ltr'><strong>suspecti,</strong></span> <span class='ocrx_word' id='word_1_167' title='bbox 767 2176 862 2238; x_wconf 73' lang='lat' dir='ltr'><strong>iudaei</strong></span> <span class='ocrx_word' id='word_1_168' title='bbox 881 2184 949 2255; x_wconf 85' lang='lat' dir='ltr'><strong>post</strong></span> <span class='ocrx_word' id='word_1_169' title='bbox 969 2176 1156 2257; x_wconf 81' lang='lat' dir='ltr'><strong>baptismum</strong></span> 
     </span>
     <span class='ocr_line' id='line_1_25' title="bbox 144 2262 1157 2343; baseline 0.006 -21"><span class='ocrx_word' id='word_1_170' title='bbox 144 2262 176 2322; x_wconf 92' lang='lat' dir='ltr'><strong>in</strong></span> <span class='ocrx_word' id='word_1_171' title='bbox 200 2266 372 2341; x_wconf 86' lang='lat' dir='ltr'><strong>apostasiam</strong></span> <span class='ocrx_word' id='word_1_172' title='bbox 393 2265 484 2343; x_wconf 87' lang='lat' dir='ltr'><strong>lapsi,</strong></span> <span class='ocrx_word' id='word_1_173' title='bbox 503 2270 628 2343; x_wconf 85' lang='lat' dir='ltr'><strong>possunt</strong></span> <span class='ocrx_word' id='word_1_174' title='bbox 654 2262 692 2323; x_wconf 90' lang='lat' dir='ltr'><strong>ab</strong></span> <span class='ocrx_word' id='word_1_175' title='bbox 718 2262 948 2341; x_wconf 83' lang='lat' dir='ltr'><strong>inquisitoribus</strong></span> <span class='ocrx_word' id='word_1_176' title='bbox 970 2263 1089 2324; x_wconf 84' lang='lat' dir='ltr'><strong>extrubi</strong></span> <span class='ocrx_word' id='word_1_177' title='bbox 1119 2268 1157 2328; x_wconf 88' lang='lat' dir='ltr'><strong>ab</strong></span> 
     </span>
     <span class='ocr_line' id='line_1_26' title="bbox 144 2346 1159 2425; baseline 0.008 -20"><span class='ocrx_word' id='word_1_178' title='bbox 144 2346 287 2420; x_wconf 76' lang='lat' dir='ltr'><strong>Ecolcsit,</strong></span> <span class='ocrx_word' id='word_1_179' title='bbox 301 2347 354 2409; x_wconf 86' lang='lat' dir='ltr'><strong>scd</strong></span> <span class='ocrx_word' id='word_1_180' title='bbox 370 2349 417 2407; x_wconf 88' lang='lat' dir='ltr'><strong>vel</strong></span> <span class='ocrx_word' id='word_1_181' title='bbox 434 2358 520 2417; x_wconf 87' lang='lat' dir='ltr'><strong>ante,</strong></span> <span class='ocrx_word' id='word_1_182' title='bbox 539 2348 585 2407; x_wconf 82' lang='lat' dir='ltr'><strong>rel</strong></span> <span class='ocrx_word' id='word_1_183' title='bbox 605 2356 673 2425; x_wconf 88' lang='lat' dir='ltr'><strong>post</strong></span> <span class='ocrx_word' id='word_1_184' title='bbox 684 2355 854 2425; x_wconf 82' lang='lat' dir='ltr'><strong>ceptorum,</strong></span> <span class='ocrx_word' id='word_1_185' title='bbox 868 2346 1052 2412; x_wconf 76' lang='lat' dir='ltr'><strong>corutuouiri</strong></span> <span class='ocrx_word' id='word_1_186' title='bbox 1066 2349 1159 2413; x_wconf 87' lang='lat' dir='ltr'><strong>debet</strong></span> 
     </span>
     <span class='ocr_line' id='line_1_27' title="bbox 144 2428 927 2511; baseline 0.004 -24"><span class='ocrx_word' id='word_1_187' title='bbox 144 2428 312 2507; x_wconf 87' lang='lat' dir='ltr'><strong>Episcopus.</strong></span> <span class='ocrx_word' id='word_1_188' title='bbox 321 2431 440 2509; x_wconf 90' lang='lat' dir='ltr'><strong>Enoycl.</strong></span> <span class='ocrx_word' id='word_1_189' title='bbox 453 2431 490 2491; x_wconf 88' lang='lat' dir='ltr'><strong>ad</strong></span> <span class='ocrx_word' id='word_1_190' title='bbox 505 2432 643 2507; x_wconf 86' lang='lat' dir='ltr'><strong>Inquisit.</strong></span> <span class='ocrx_word' id='word_1_191' title='bbox 656 2428 769 2510; x_wconf 81' lang='lat' dir='ltr'><strong>Elapso</strong></span> <span class='ocrx_word' id='word_1_192' title='bbox 779 2432 927 2511; x_wconf 75' lang='lat' dir='ltr'><strong>procum.</strong></span> 
     </span>
    </p>
   </div>
   <div class='ocr_carea' id='block_1_3' title="bbox 109 2519 1210 3307">
    <p class='ocr_par' dir='ltr' id='par_1_9' title="bbox 144 2519 1158 2773">
     <span class='ocr_line' id='line_1_28' title="bbox 180 2519 1158 2602; baseline 0.009 -22"><span class='ocrx_word' id='word_1_193' title='bbox 180 2520 238 2595; x_wconf 84' lang='lat' dir='ltr'><strong>Qui</strong></span> <span class='ocrx_word' id='word_1_194' title='bbox 253 2519 270 2582; x_wconf 79' lang='lat' dir='ltr'><strong>b</strong></span> <span class='ocrx_word' id='word_1_195' title='bbox 289 2523 353 2585; x_wconf 89' lang='lat' dir='ltr'><strong>loco</strong></span> <span class='ocrx_word' id='word_1_196' title='bbox 371 2524 576 2602; x_wconf 79' lang='lat' dir='ltr'><strong>relegationis,</strong></span> <span class='ocrx_word' id='word_1_197' title='bbox 586 2522 680 2585; x_wconf 75' lang='lat' dir='ltr'><strong>sivcb</strong></span> <span class='ocrx_word' id='word_1_198' title='bbox 700 2524 884 2597; x_wconf 83' lang='lat' dir='ltr'><strong>carceribus,</strong></span> <span class='ocrx_word' id='word_1_199' title='bbox 898 2524 962 2583; x_wconf 81' lang='lat' dir='ltr'><strong>sive</strong></span> <span class='ocrx_word' id='word_1_200' title='bbox 978 2524 1158 2588; x_wconf 86' lang='lat' dir='ltr'><strong>triremibus</strong></span> 
     </span>
     <span class='ocr_line' id='line_1_29' title="bbox 144 2608 1158 2689; baseline 0.006 -22"><span class='ocrx_word' id='word_1_201' title='bbox 144 2608 176 2667; x_wconf 88' lang='lat' dir='ltr'><strong>in</strong></span> <span class='ocrx_word' id='word_1_202' title='bbox 188 2608 303 2688; x_wconf 89' lang='lat' dir='ltr'><strong>asylum</strong></span> <span class='ocrx_word' id='word_1_203' title='bbox 322 2628 354 2671; x_wconf 90' lang='lat' dir='ltr'><strong>se</strong></span> <span class='ocrx_word' id='word_1_204' title='bbox 375 2609 517 2689; x_wconf 89' lang='lat' dir='ltr'><strong>proripit,</strong></span> <span class='ocrx_word' id='word_1_205' title='bbox 531 2609 587 2670; x_wconf 88' lang='lat' dir='ltr'><strong>uisi</strong></span> <span class='ocrx_word' id='word_1_206' title='bbox 603 2627 671 2669; x_wconf 88' lang='lat' dir='ltr'><strong>rcus</strong></span> <span class='ocrx_word' id='word_1_207' title='bbox 691 2609 730 2669; x_wconf 91' lang='lat' dir='ltr'><strong>sit</strong></span> <span class='ocrx_word' id='word_1_208' title='bbox 750 2610 910 2670; x_wconf 85' lang='lat' dir='ltr'><strong>criminum</strong></span> <span class='ocrx_word' id='word_1_209' title='bbox 922 2628 988 2689; x_wconf 81' lang='lat' dir='ltr'><strong>qum</strong></span> <span class='ocrx_word' id='word_1_210' title='bbox 1007 2609 1158 2675; x_wconf 87' lang='lat' dir='ltr'><strong>immuni·</strong></span> 
     </span>
     <span class='ocr_line' id='line_1_30' title="bbox 144 2692 897 2773; baseline 0 -21"><span class='ocrx_word' id='word_1_211' title='bbox 144 2701 203 2753; x_wconf 88' lang='lat' dir='ltr'><strong>tute</strong></span> <span class='ocrx_word' id='word_1_212' title='bbox 222 2695 377 2771; x_wconf 86' lang='lat' dir='ltr'><strong>privantur</strong></span> <span class='ocrx_word' id='word_1_213' title='bbox 388 2738 396 2768; x_wconf 93' lang='lat'><strong>,</strong></span> <span class='ocrx_word' id='word_1_214' title='bbox 408 2693 478 2771; x_wconf 87' lang='lat' dir='ltr'><strong>jure</strong></span> <span class='ocrx_word' id='word_1_215' title='bbox 500 2694 573 2773; x_wconf 86' lang='lat' dir='ltr'><strong>asyli</strong></span> <span class='ocrx_word' id='word_1_216' title='bbox 591 2696 716 2773; x_wconf 89' lang='lat' dir='ltr'><strong>potitur.</strong></span> <span class='ocrx_word' id='word_1_217' title='bbox 728 2692 804 2755; x_wconf 87' lang='lat' dir='ltr'><strong>ibid.</strong></span> <span class='ocrx_word' id='word_1_218' title='bbox 818 2712 850 2753; x_wconf 91' lang='lat' dir='ltr'><strong>n.</strong></span> <span class='ocrx_word' id='word_1_219' title='bbox 867 2695 897 2753; x_wconf 78' lang='lat' dir='ltr'><strong>t.</strong></span> 
     </span>
    </p>

    <p class='ocr_par' dir='ltr' id='par_1_10' title="bbox 143 2786 1155 3107">
     <span class='ocr_line' id='line_1_31' title="bbox 182 2786 1155 2868; baseline 0.002 -21"><span class='ocrx_word' id='word_1_220' title='bbox 182 2788 278 2847; x_wconf 85' lang='lat' dir='ltr'><strong>Poenoo</strong></span> <span class='ocrx_word' id='word_1_221' title='bbox 291 2796 393 2848; x_wconf 88' lang='lat' dir='ltr'><strong>contro</strong></span> <span class='ocrx_word' id='word_1_222' title='bbox 406 2787 784 2849; x_wconf 84' lang='lat' dir='ltr'><strong>turbantesimmunitatem</strong></span> <span class='ocrx_word' id='word_1_223' title='bbox 793 2786 925 2847; x_wconf 87' lang='lat' dir='ltr'><strong>officiunt</strong></span> <span class='ocrx_word' id='word_1_224' title='bbox 938 2788 1027 2848; x_wconf 87' lang='lat' dir='ltr'><strong>ctiam</strong></span> <span class='ocrx_word' id='word_1_225' title='bbox 1038 2791 1155 2868; x_wconf 89' lang='lat' dir='ltr'><strong>eosqui</strong></span> 
     </span>
     <span class='ocr_line' id='line_1_32' title="bbox 144 2872 1155 2952; baseline 0.002 -18"><span class='ocrx_word' id='word_1_226' title='bbox 144 2872 332 2951; x_wconf 84' lang='lat' dir='ltr'><strong>impediunt,</strong></span> <span class='ocrx_word' id='word_1_227' title='bbox 353 2889 392 2934; x_wconf 90' lang='lat' dir='ltr'><strong>ne</strong></span> <span class='ocrx_word' id='word_1_228' title='bbox 408 2872 502 2947; x_wconf 72' lang='lat' dir='ltr'><strong>iudex</strong></span> <span class='ocrx_word' id='word_1_229' title='bbox 521 2874 732 2933; x_wconf 87' lang='lat' dir='ltr'><strong>ecclesiasticus</strong></span> <span class='ocrx_word' id='word_1_230' title='bbox 752 2883 906 2951; x_wconf 82' lang='lat' dir='ltr'><strong>cognoscat</strong></span> <span class='ocrx_word' id='word_1_231' title='bbox 927 2875 959 2934; x_wconf 90' lang='lat' dir='ltr'><strong>in</strong></span> <span class='ocrx_word' id='word_1_232' title='bbox 981 2875 1096 2952; x_wconf 85' lang='lat' dir='ltr'><strong>causis,</strong></span> <span class='ocrx_word' id='word_1_233' title='bbox 1122 2878 1155 2937; x_wconf 92' lang='lat' dir='ltr'><strong>io</strong></span> 
     </span>
     <span class='ocr_line' id='line_1_33' title="bbox 143 2956 1155 3036; baseline 0.003 -19"><span class='ocrx_word' id='word_1_234' title='bbox 143 2959 251 3036; x_wconf 86' lang='lat' dir='ltr'><strong>quibus</strong></span> <span class='ocrx_word' id='word_1_235' title='bbox 276 2956 364 3020; x_wconf 87' lang='lat' dir='ltr'><strong>babet</strong></span> <span class='ocrx_word' id='word_1_236' title='bbox 382 2958 586 3031; x_wconf 78' lang='lat' dir='ltr'><strong>auctoritatem</strong></span> <span class='ocrx_word' id='word_1_237' title='bbox 607 2956 726 3026; x_wconf 79' lang='lat' dir='ltr'><strong>tautum</strong></span> <span class='ocrx_word' id='word_1_238' title='bbox 750 2958 1071 3024; x_wconf 67' lang='lat' dir='ltr'><strong>cumulatissimum.</strong></span> <span class='ocrx_word' id='word_1_239' title='bbox 1098 2961 1155 3020; x_wconf 89' lang='lat' dir='ltr'><strong>Ec·</strong></span> 
     </span>
     <span class='ocr_line' id='line_1_34' title="bbox 143 3044 519 3107; baseline 0.013 -6"><span class='ocrx_word' id='word_1_240' title='bbox 143 3044 384 3107; x_wconf 58' lang='lat' dir='ltr'><strong>crustumio.</strong></span> <span class='ocrx_word' id='word_1_241' title='bbox 516 3066 519 3072; x_wconf 88' lang='lat'>·</span> 
     </span>
    </p>

    <p class='ocr_par' dir='ltr' id='par_1_11' title="bbox 180 3136 1210 3218">
     <span class='ocr_line' id='line_1_35' title="bbox 180 3136 1210 3218; baseline 0 -20"><span class='ocrx_word' id='word_1_242' title='bbox 180 3139 292 3217; x_wconf 88' lang='lat' dir='ltr'><strong>Siquis</strong></span> <span class='ocrx_word' id='word_1_243' title='bbox 309 3158 378 3201; x_wconf 89' lang='lat' dir='ltr'><strong>rous</strong></span> <span class='ocrx_word' id='word_1_244' title='bbox 400 3138 500 3201; x_wconf 73' lang='lat' dir='ltr'><strong>dolose</strong></span> <span class='ocrx_word' id='word_1_245' title='bbox 523 3136 695 3199; x_wconf 83' lang='lat' dir='ltr'><strong>extrahatur</strong></span> <span class='ocrx_word' id='word_1_246' title='bbox 708 3136 745 3198; x_wconf 90' lang='lat' dir='ltr'><strong>ab</strong></span> <span class='ocrx_word' id='word_1_247' title='bbox 758 3136 900 3208; x_wconf 78' lang='lat' dir='ltr'><strong>Ecclesitl,</strong></span> <span class='ocrx_word' id='word_1_248' title='bbox 919 3144 950 3197; x_wconf 91' lang='lat' dir='ltr'><strong>et</strong></span> <span class='ocrx_word' id='word_1_249' title='bbox 972 3145 1055 3197; x_wconf 80' lang='lat' dir='ltr'><strong>cntra</strong></span> <span class='ocrx_word' id='word_1_250' title='bbox 1069 3136 1154 3198; x_wconf 87' lang='lat' dir='ltr'><strong>illam</strong></span> <span class='ocrx_word' id='word_1_251' title='bbox 1209 3215 1210 3218; x_wconf 8' lang='grc' dir='ltr'><strong>Ἴ</strong></span> 
     </span>
    </p>

    <p class='ocr_par' dir='ltr' id='par_1_12' title="bbox 109 3222 1153 3307">
     <span class='ocr_line' id='line_1_36' title="bbox 109 3222 1153 3307; baseline 0.002 -23"><span class='ocrx_word' id='word_1_252' title='bbox 109 3275 113 3291; x_wconf 81' lang='grc'><strong>,</strong></span> <span class='ocrx_word' id='word_1_253' title='bbox 142 3224 344 3299; x_wconf 87' lang='lat' dir='ltr'><strong>oopioturnon</strong></span> <span class='ocrx_word' id='word_1_254' title='bbox 363 3243 417 3307; x_wconf 83' lang='lat' dir='ltr'><strong>per</strong></span> <span class='ocrx_word' id='word_1_255' title='bbox 429 3226 632 3301; x_wconf 86' lang='lat' dir='ltr'><strong>vim,outper</strong></span> <span class='ocrx_word' id='word_1_256' title='bbox 644 3224 759 3286; x_wconf 87' lang='lat' dir='ltr'><strong>salvum</strong></span> <span class='ocrx_word' id='word_1_257' title='bbox 769 3224 967 3295; x_wconf 83' lang='lat' dir='ltr'><strong>conductum,</strong></span> <span class='ocrx_word' id='word_1_258' title='bbox 982 3224 1037 3284; x_wconf 87' lang='lat' dir='ltr'><strong>ista</strong></span> <span class='ocrx_word' id='word_1_259' title='bbox 1050 3222 1153 3286; x_wconf 82' lang='lat' dir='ltr'><strong>dolosa</strong></span> 
     </span>
    </p>
   </div>
   <div class='ocr_carea' id='block_1_4' title="bbox 141 3306 1210 3455">
    <p class='ocr_par' dir='ltr' id='par_1_13' title="bbox 141 3306 1210 3455">
     <span class='ocr_line' id='line_1_37' title="bbox 141 3306 1210 3387; baseline 0.005 -22"><span class='ocrx_word' id='word_1_260' title='bbox 141 3306 1152 3387; x_wconf 73' lang='lat' dir='ltr'><strong>extractioreononsullrogntur,utoxDecr.S.C.die221leoemb.</strong></span> <span class='ocrx_word' id='word_1_261' title='bbox 1209 3343 1210 3352; x_wconf 26' lang='grc' dir='ltr'><strong>κ</strong></span> 
     </span>
     <span class='ocr_line' id='line_1_38' title="bbox 142 3390 612 3455; baseline 0.015 -12"><span class='ocrx_word' id='word_1_262' title='bbox 142 3390 228 3447; x_wconf 74' lang='lat' dir='ltr'><strong>lilii.</strong></span> <span class='ocrx_word' id='word_1_263' title='bbox 241 3390 336 3455; x_wconf 83' lang='lat' dir='ltr'><strong>instit.</strong></span> <span class='ocrx_word' id='word_1_264' title='bbox 349 3392 456 3455; x_wconf 67' lang='lat' dir='ltr'><strong>becles.</strong></span> <span class='ocrx_word' id='word_1_265' title='bbox 475 3394 525 3453; x_wconf 80' lang='lat' dir='ltr'><strong>ll.</strong></span> <span class='ocrx_word' id='word_1_266' title='bbox 536 3410 567 3451; x_wconf 88' lang='lat' dir='ltr'><strong>n.</strong></span> <span class='ocrx_word' id='word_1_267' title='bbox 582 3393 612 3451; x_wconf 83' lang='grc'><strong>9.</strong></span> 
     </span>
    </p>
   </div>
   <div class='ocr_carea' id='block_1_5' title="bbox 0 0 1246 3975">
    <p class='ocr_par' dir='ltr' id='par_1_14' title="bbox 0 0 1246 3975">
     <span class='ocr_line' id='line_1_39' title="bbox 0 0 1246 3975; baseline 0 0"><span class='ocrx_word' id='word_1_268' title='bbox 0 0 1246 3975; x_wconf 95' lang='lat' dir='ltr'><strong> </strong></span> 
     </span>
    </p>
   </div>
  </div>
 </body>
</html>
