2475 3975
372 170 424 232 Ec
445 167 581 251 operibus
592 166 744 234 Benedicti
754 172 803 235 XI
811 173 845 233 tt
1051 179 1108 241 tat

95 272 163 335 rint
183 270 347 372 impoliti,
375 280 409 332 ut
435 272 542 333 adeant
563 288 634 345 eor,
654 270 672 333 a
693 272 802 353 quibus
818 272 857 335 de
876 272 946 353 ju‘rc
966 274 1108 341 deberent

94 358 270 521 ahmam
290 443 379 503 etiam
401 439 572 514 haereticos,
596 440 759 504 dummodo
776 441 927 514 occultos,
943 444 1056 507 etiamsi
1076 448 1108 510 in

94 526 233 591 lroerctim
250 538 403 587 externam
420 526 626 597 incurrerint,
644 526 807 589 dummodo
825 538 906 590 actus
930 530 974 591 illi
996 532 1108 595 extrin-

95 615 156 678 aeci
168 611 185 673 d
199 613 318 673 nemine
332 613 386 673 visi
400 612 549 673 reluctati
562 611 685 673 luerint.

137 714 272 777 Publicos
287 714 376 774 etiarn
387 712 539 775 haereticos
553 722 583 773 ct
598 721 742 792 apostatas
760 714 886 777 absolvit
901 716 934 777 in
952 716 1017 777 loro
1037 732 1108 777 eon·

94 800 229 863 scientiar
246 800 279 859 in
297 799 432 870 casibus,
450 801 482 859 in
501 799 610 876 quibus
635 816 696 859 non
722 808 765 859 est
786 816 902 861 necesse
932 802 1109 862 denuntiare

95 885 275 963 complices,
292 893 402 961 nempe
420 882 502 962 quod
529 882 573 944 illi
593 882 747 967 obierint,
769 886 817 945 vel
835 885 991 965 degentia
1009 887 1107 965 regio·

94 970 187 1032 nibus
209 969 306 1047 palam
328 968 443 1029 iniectis
458 1011 467 1039 ,
485 984 547 1030 nou
572 974 674 1029 tumen
697 968 730 1029 iu
756 968 813 1042 iis,
841 968 1003 1048 inquibus
1026 971 1107 1049 viget

96 1054 229 1119 officium
247 1056 280 1112 8.
298 1052 514 1131 Inquisitionis.

136 1150 204 1230 lion
229 1147 355 1209 absolvit
373 1146 550 1225 Principes,
571 1155 603 1209 ct
623 1147 697 1209 alias
718 1144 768 1225 jus
783 1146 901 1226 imperii
920 1146 1031 1209 vicario
1051 1165 1107 1209 no-

95 1234 180 1297 rnine
201 1230 428 1304 babentcs,etc.
445 1231 604 1311 Episcopus
624 1276 633 1304 ,
653 1242 684 1293 et
701 1233 772 1292 allos
786 1233 952 1311 superiores
971 1233 1107 1312 prelatos

95 1321 130 1382 in
148 1318 262 1379 casibus
285 1316 411 1395 publicis
430 1318 578 1378 contentis
594 1318 627 1377 in
644 1317 726 1379 burla
743 1318 837 1378 Caenea
856 1317 990 1379 morini.

134 1415 201 1475 Non
215 1411 340 1472 alisolvit
354 1428 427 1483 cos,
447 1410 500 1487 qui
512 1411 672 1489 astrologia
688 1408 845 1488 judiciarii
858 1412 904 1471 vel
921 1426 975 1489 per
996 1430 1044 1480 se,
1058 1409 1106 1471 vel

95 1514 152 1577 per
169 1497 267 1568 alios,
284 1496 322 1556 de
343 1502 420 1555 statu
439 1495 612 1573 reipublice
640 1496 832 1568 christiane,
856 1514 908 1555 scu
929 1496 967 1557 tle
992 1497 1053 1557 virt
1077 1504 1107 1556 et

96 1590 195 1643 rnorte
207 1580 333 1641 Romani
353 1578 503 1642 Pontificio
520 1580 652 1641 rivcntis‘
659 1581 832 1669 exquirunt.
846 1581 971 1659 Reliqua
993 1582 1062 1643 vide
1075 1581 1108 1641 in

94 1666 200 1729 cadero
217 1666 309 1725 balli.

135 1752 266 1809 Vacante
285 1755 400 1826 pastore
420 1747 546 1811 Ecclesil
566 1748 714 1817 romani,
732 1745 828 1824 major
842 1748 1103 1821 Poenitentiarius,

95 1833 182 1913 cujus
203 1832 333 1893 officium
346 1840 417 1891 tunc
429 1850 490 1892 uon
508 1841 610 1904 vacat,
633 1832 784 1895 absolvere
796 1840 893 1911 potest
914 1852 1107 1913 qtmcurnqnc

96 1920 133 1981 ad
160 1920 259 1981 sorum
282 1916 466 1977 conscientie
488 1918 661 1997 pertinent,
685 1917 774 1978 ctiam
793 1918 830 1977 ab
853 1918 889 1977 iis
904 1920 1033 1986 censuris
1048 1962 1057 1992 ,
1074 1920 1107 1979 iu

95 2009 161 2068 loro
183 2014 283 2066 umen
316 2001 563 2078 conscientioe,i
592 2003 701 2080 quibus
726 2003 845 2064 vivente
876 2002 1017 2063 Pontifica
1046 2021 1107 2064 nou

97 2100 215 2170 posset,
239 2091 279 2150 ita
305 2097 427 2157 tamen,
447 2097 481 2147 ut
501 2088 540 2148 sit
560 2087 705 2150 absolutio
725 2087 762 2148 ad
780 2087 1026 2156 reincidantiam‚
1048 2088 1105 2148 nisi

96 2177 174 2237 intra
200 2184 317 2252 tempus
331 2171 491 2232 taxandum
510 2188 647 2232 recursus
662 2171 713 2232 fiat
730 2171 767 2232 atl
790 2183 902 2232 novum
919 2169 1104 2232 Pontificem.

133 2265 235 2340 Quoad
246 2268 344 2326 lorum
357 2271 527 2334 externum,
541 2273 661 2324 vacante
669 2264 744 2326 Sede
762 2264 918 2343 apostolici
931 2305 940 2334 ,
953 2261 1030 2324 nihil
1050 2282 1104 2342 po·

96 2360 151 2413 test
171 2352 203 2411 S.
224 2349 466 2420 Poenitentiaria,
491 2349 548 2410 nisi
576 2347 693 2408 notin
718 2349 751 2409 in
772 2347 878 2412 ordine
895 2347 933 2408 ad
955 2348 1105 2428 regulares

97 2445 261 2518 apostatas,
279 2446 315 2495 ut
327 2434 438 2494 dictum
464 2442 509 2495 cst
533 2434 569 2493 V.
592 2432 763 2516 Populares,

134 2529 262 2592 Demirm
285 2531 317 2590 in
333 2528 437 2588 eodem
452 2547 519 2588 casu
532 2537 630 2606 potest
651 2528 801 2592 absolvere
821 2528 839 2592 a
862 2527 983 2588 censuri
1007 2525 1105 2606 publi-

97 2633 145 2677 cos
177 2615 334 2674 violatores
360 2613 558 2673 ecclesiasticae
592 2611 737 2672 libertatis
760 2622 790 2673 ct
819 2613 1014 2695 immunitatis
1038 2629 1106 2671 cum

97 2698 287 2760 coincidentia
310 2705 428 2771 tamen,
450 2705 485 2757 ut
504 2695 604 2777 sopri.
622 2698 690 2756 llaec
709 2698 808 2758 omnia
823 2695 957 2759 Pontifex
971 2696 1004 2754 in
1025 2694 1105 2756 burla

96 2787 206 2846 Pastor
221 2781 324 2844 boore

135 2878 232 2940 Potest
241 2877 330 2936 etiarn
348 2873 527 2937 monialibus
543 2875 736 2938 confessarios
747 2875 913 2955 deputare,
938 2891 976 2934 cx
997 2889 1106 2954 appro-

98 2959 172 3024 butis
191 2970 291 3024 tanen
311 2961 348 3022 ad
365 2960 509 3023 moniales
528 2961 698 3023 audiendas.

531 3147 669 3214 PESTlSa

136 3329 229 3391 Pestis
242 3338 376 3408 tompore
385 3331 458 3410 quid
478 3331 524 3410 api
536 3331 622 3392 liccat
635 3376 643 3405 ,
656 3329 815 3403 velserus,
828 3329 903 3392 circa
917 3329 1105 3392 administra,

100 3418 209 3478 tionem
223 3417 398 3478 sacramenti
416 3416 667 3490 confirmationis,
681 3415 881 3494 poenitentia,
896 3414 1102 3484 Eucharistiae,

99 3509 129 3567 ct
140 3508 280 3560 extremae
303 3501 470 3573 unctionis,
490 3500 558 3562 ride
577 3501 610 3560 in
628 3499 751 3578 singulis
771 3517 877 3560 eorum
896 3496 1037 3559 articulis.

136 3591 217 3665 iliam
233 3593 321 3663 limat
339 3592 496 3656 dimidiare
518 3593 731 3657 contusionem
746 3591 918 3655 mortalium
943 3605 980 3650 ex
998 3587 1106 3648 timoro

1224 3533 1231 3618 l
