2475 3975
387 159 438 220 Ea
450 155 588 238 epodus
597 155 750 219 Benedicti
760 159 850 221 XIV.
1064 161 1122 224 519

157 260 329 321 contrectas
343 253 471 320 collatici
491 259 514 318 is
533 267 597 330 est,
610 277 670 337 qno
683 259 737 319 bos
755 268 866 320 terram
887 277 971 322 araus
994 261 1122 324 traditur

114 342 245 416 bubulco
254 387 263 418 ,
273 345 324 422 qui
335 343 423 404 solvit
436 343 558 406 domino
569 343 653 406 bovis
664 351 774 404 eertum
786 345 955 423 portionem
963 346 1119 419 frumenti,

114 427 181 505 lege
195 427 247 489 biae
261 429 388 507 adjecti,
406 436 440 488 ut
455 428 479 486 si
496 427 549 488 bos
566 429 739 489 naturaliter
754 429 918 500 moriatur,
930 428 1071 491 damnum
1083 431 1123 493 sit

115 512 238 572 domino
255 523 285 574 et
301 511 429 573 bubulco
450 529 615 573 commune.
631 513 662 573 Si
675 512 746 574 verb
760 522 861 592 pereat
873 513 959 592 eulpd
971 513 1120 586 bulbulei,

112 596 141 658 is
165 604 261 658 totum
282 597 424 659 damnum
446 596 558 657 subeat.
581 598 635 658 llio
653 608 822 658 eontraetus
844 599 1023 677 approbatus
1040 607 1085 660 est
1104 597 1121 659 d

113 681 278 762 theologis,
293 683 443 745 nonnullis
456 682 576 761 adjectis
588 684 807 744 conditionibus
817 729 826 756 ‚
836 703 902 763 qum
914 685 1045 763 probatae
1059 687 1122 746 iue-

112 775 188 832 runt
206 767 223 828 b
239 769 271 828 S.
284 770 318 830 C.
339 767 462 832 Concilii
478 768 528 830 die
545 769 573 829 6.
594 770 666 830 Dee.
686 771 775 830 1750.
791 771 864 849 Syn.
881 770 975 831 Dioeo.
993 770 1049 830 lib.
1069 773 1119 831 to.

113 871 179 933 erp.
194 853 225 916 8.
239 872 271 914 n.
287 855 317 916 2.

154 948 327 1008 Contractus
338 947 518 1009 venditionis
530 962 597 1008 eum
610 953 696 1025 paeto
708 945 859 1008 iraneandi
873 945 1121 1024 est‚ei1mTitius

115 1033 222 1094 rendit
231 1034 406 1113 Sempronio
418 1030 563 1112 praedium
577 1049 667 1092 tuum
681 1049 751 1092 eum
772 1042 857 1110 paeto
878 1032 1043 1092 rudimundi
1056 1050 1120 1093 rem

35 1115 42 1126 '
111 1119 264 1182 venditam
278 1141 288 1198 3
302 1119 449 1198 praedium
468 1127 567 1180 tamen
585 1121 697 1180 retinet
712 1125 864 1196 tamquam
885 1117 1069 1188 oonduotor‚
1090 1126 1122 1178 et

111 1223 169 1284 pro
180 1204 375 1266 conductione
385 1203 550 1266 mercedem
559 1204 665 1277 solvit,
679 1203 773 1264 donee
783 1204 862 1264 idem
873 1203 969 1263 Titius
981 1203 1037 1262 sibi
1047 1203 1120 1264 illud

111 1290 260 1368 inedium
279 1289 416 1350 redimat.
434 1291 468 1350 ln
481 1288 538 1350 boe
557 1298 709 1350 eontraotu
729 1290 876 1366 poenitens
889 1287 1035 1364 emptori
1050 1307 1120 1350 eou-

109 1377 232 1435 lessario
245 1373 472 1450 interrogandus
486 1382 551 1447 est,
565 1372 639 1434 mim
650 1373 746 1452 reipsd
766 1375 900 1434 animum
914 1373 1061 1433 sincerum
1074 1373 1121 1434 bo·
1171 1409 1175 1417 ·

110 1459 213 1520 buerit
225 1459 359 1535 emendi;
376 1459 532 1531 similiter,
542 1467 572 1518 et
585 1459 723 1529 venditor
734 1457 962 1534 interrogandus
975 1466 1035 1526 eat,
1046 1456 1120 1519 nirm

93 1545 149 1606 -ab
166 1553 283 1606 emente
306 1543 461 1622 pecuniam
481 1551 615 1604 mutuam
638 1543 776 1620 petierit,
799 1559 928 1620 eumque
945 1552 1119 1602 renuentem

109 1629 264 1692 induxerit
277 1629 314 1692 ad
330 1646 450 1691 usuram
472 1627 668 1706 obtegendam
690 1629 781 1706 pullio
798 1627 875 1706 poeti
897 1625 1061 1687 tranmodi.
1083 1628 1118 1686 ln

109 1724 240 1792 utroque
260 1713 341 1774 euim
355 1714 407 1774 illo
425 1731 491 1773 casu
509 1712 743 1790 subintelligitur
763 1711 1019 1788 usura‚udebque
1030 1712 1118 1771 illici·

110 1809 179 1860 tum
191 1797 385 1874 judicandum
401 1806 464 1874 est3
477 1796 559 1857 sectis
577 1795 649 1857 verb
665 1813 737 1855 uon.
754 1798 799 1854 De
817 1795 936 1871 syuodo
952 1796 1118 1858 Dioeoesaua
1185 1836 1188 1842 -

110 1883 177 1944 Lib.
191 1885 240 1946 to.
254 1899 319 1962 cop.
331 1883 362 1943 8.
373 1900 405 1942 n.
419 1883 449 1943 5.
462 1889 492 1957 el
506 1883 536 1944 t.

554 2064 669 2127 culix.

152 2266 231 2329 Crux
243 2264 376 2326 eminens
392 2262 470 2325 inter
482 2262 655 2323 candelabra
675 2258 828 2321 statuenda
850 2266 895 2322 est
916 2260 1048 2322 inuitari
1067 2260 1120 2325 ubi

109 2352 200 2414 missa
215 2350 400 2425 celebratur,
417 2367 471 2409 nee
486 2348 594 2408 suilioit
606 2361 678 2405 crox
697 2346 798 2419 nuda,
815 2345 866 2407 sed
879 2347 1041 2425 requiritur
1052 2365 1120 2409 eum

109 2435 248 2499 crucifixi
269 2435 374 2513 ligura.
398 2438 460 2497 Nee
477 2432 580 2504 docet,
605 2438 640 2491 ut
661 2450 752 2509 parva
778 2450 850 2493 crux
872 2441 1056 2511 apponatur,
1085 2440 1121 2494 ut

109 2528 173 2583 non
185 2521 225 2580 ita
240 2518 324 2581 sae'ilb
347 2526 482 2581 occurrat
495 2517 586 2579 oeulis
605 2517 799 2595 celebrantis,
818 2535 909 2595 quare
922 2518 952 2576 in
968 2517 1120 2595 Enoyelieai

96 2602 164 2667 'sud
176 2607 213 2665 ud
233 2606 405 2667 Ordinorios
423 2605 547 2665 ditionis
566 2604 766 2663 ecclesiastieae
785 2604 907 2663 mandat
919 2603 1071 2673 Pontifex,
1084 2611 1120 2663 ut

100 2688 305 2753 amoveantur
319 2710 420 2751 eruees
436 2692 498 2750 istee
518 2689 661 2769 parvulae.
681 2688 759 2747 Bull.
783 2685 953 2767 decepimus
970 2693 1120 2767 pretion-

113 2778 200 2840 liunt.
692 2832 696 2837 ,

151 2868 231 2933 Num
247 2870 318 2934 verb
338 2867 511 2949 apponenda
534 2866 572 2927 sit
587 2884 659 2927 crux
676 2864 714 2925 de
734 2884 818 2927 more
837 2866 928 2926 etiam
942 2864 1010 2925 erim
1029 2883 1119 2947 expo·

112 2959 169 3019 sito
189 2967 233 3017 ost
252 2950 416 3019 adorationi
435 2972 516 3013 saera
533 2950 732 3027 Eucharistio,
752 2950 947 3027 congregatio
969 2968 1119 3011 sacrorum

113 3044 237 3103 Ilituum
249 3040 380 3103 consulta
396 3038 487 3099 semel
500 3036 652 3098 mandavit
668 3036 776 3115 apponi
791 3055 800 3092 z
816 3032 925 3093 iterum
945 3032 1015 3095 verb
1034 3035 1119 3096 eausd

112 3126 295 3206 repropositd
309 3124 357 3187 die
370 3126 400 3185 2.
415 3124 496 3198 Sept.
508 3140 585 3183 anno
599 3122 613 3181 l
617 3122 672 3183 721
688 3164 696 3193 ‚
711 3118 841 3180 decrevit
850 3161 859 3193 ,
869 3127 904 3177 ut
916 3118 1053 3196 quelibet
1065 3119 1119 3180 Ee·

103 3213 199 3283 ,elusio
215 3209 458 3273 cousuetudinem
474 3226 558 3269 suam
570 3200 814 3269 retineret-itta.

152 3302 231 3367 me
245 3305 333 3363 etiam
346 3302 507 3363 necessaria
525 3290 562 3362 sit
575 3319 647 3361 crux
659 3345 669 3373 ‚
682 3300 708 3360 si
720 3300 751 3359 in
763 3295 863 3356 tabuit
875 3294 974 3356 altaris
991 3298 1119 3377 primam

114 3387 272 3467 imaginem
283 3386 402 3447 exhibet
417 3386 596 3457 Crucifixus,
614 3386 700 3445 Sacra
714 3381 907 3461 Congregatio
921 3381 1033 3441 censuit
1044 3376 1120 3437 hano

115 3470 348 3537 sufficerelbid.

134 3562 136 3567 ’
153 3564 291 3647 Denique
303 3561 377 3626 niam
385 3561 550 3627 committat
557 3567 707 3643 peecatum
719 3577 808 3638 grave
818 3557 968 3621 celebrans
976 3551 1009 3613 in
1022 3550 1117 3623 altari,
