2475 3975
363 242 408 303 De
421 240 583 304 habitualis
599 249 627 303 et
642 240 789 305 recidivis.
1043 246 1081 305 65

72 352 144 429 piat.
161 343 327 407 Praesertim
343 342 368 404 si
387 346 471 403 adse
490 343 693 406 confitendum
713 345 836 425 longum
853 347 911 407 iter
931 362 1081 425 aggressus

72 432 177 505 luerit3
193 428 372 493 abstinuerit
389 427 407 488 b
422 429 505 489 luero
522 428 668 506 notabili,
684 447 775 509 grave
790 430 965 493 sustinuerit
974 431 1081 491 incom-

73 520 214 593 modum,
242 524 295 576 aut
314 532 455 592 magnum
484 513 655 577 conflictum
677 516 831 579 internum
854 516 902 577 rel
924 524 1080 577 externum

71 603 264 685 superaverit.
278 602 331 661 vt.
357 601 388 659 Sl
401 601 516 662 venerit
540 610 641 662 motus
659 600 698 663 ab
722 603 822 681 aliquo
845 600 1081 663 extraordinario

70 690 218 769 impulsu,
243 688 317 765 pull
339 684 378 746 ob
391 686 562 747 concionem
578 686 732 757 auditam,
751 697 804 749 aut
823 695 952 749 mortem
969 685 1079 755 amici,

70 775 144 835 obre
158 782 273 834 metum
294 768 419 847 alicujus
434 771 618 832 imminentis
635 770 745 851 flagelli
758 816 768 846 ‚
780 782 870 851 prout
881 769 1078 842 immotis,

69 862 177 941 pestis,
191 867 249 919 etc.
264 858 332 917 Vll.
346 856 376 915 Si
390 858 537 935 poenitens
554 856 731 921 confiteatur
745 867 860 939 peecata
876 856 1009 921 anteriies
1025 874 1079 936 per

68 943 279 1007 verecundiam
299 940 397 1001 tacita.
414 942 497 1001 Vlll.
520 942 550 1001 Si
572 942 740 1019 poenitens,
762 950 920 1021 antequam
938 941 1078 1013 accedat,

66 1028 232 1092 restituerit
244 1043 328 1096 rem,
345 1025 394 1085 vel
408 1024 518 1085 samam
533 1024 671 1085 ablatam.
684 1026 737 1087 tx.
750 1027 782 1087 st
802 1036 922 1104 propter
939 1027 1080 1087 monitio·

68 1136 134 1178 nem
156 1112 327 1177 confessarii
354 1110 483 1171 ostendit
500 1128 532 1169 se
555 1109 786 1190 apprehendisse
807 1128 915 1171 noram
938 1110 1080 1188 cognitio·

10 1254 12 1263 ,
68 1220 134 1261 nem
148 1208 180 1260 et
203 1196 361 1258 horrorem
375 1195 421 1255 sui
437 1195 546 1277 peceati
559 1239 568 1268 ,
581 1196 766 1276 periculique
791 1214 852 1257 suae
866 1192 1076 1255 damnationis.

66 1288 121 1348 Alii
136 1282 290 1359 aliasigna
314 1280 444 1355 addunt,
466 1288 557 1358 prout
580 1282 604 1341 si
621 1282 768 1359 poenitens
789 1299 929 1361 magnam
949 1278 1078 1340 libenter

65 1378 197 1451 acceptat
216 1365 422 1445 peonitentiam
432 1385 442 1440 ;
454 1366 479 1425 si
505 1366 607 1426 asserit
622 1384 653 1425 se
668 1366 840 1443 poenituisse
858 1365 967 1445 peccati
979 1364 1079 1425 statim

9 1524 10 1529 ,
65 1478 96 1520 ae
111 1455 189 1519 illud
203 1451 352 1533 patravit3
368 1449 393 1509 si
410 1456 591 1527 protestatur
610 1467 642 1510 se
666 1451 743 1511 velle
765 1451 842 1511 mori
864 1448 963 1529 potiits
988 1448 1077 1528 quom

8 1596 10 1615 ,
64 1558 197 1622 peccare.
211 1534 270 1599 Sed
283 1532 346 1595 haee
363 1535 445 1613 signa
459 1535 557 1595 nescio
569 1552 608 1595 an
629 1535 691 1596 sola
708 1536 778 1595 satis
791 1552 853 1595 esse
872 1535 1007 1615 possint;
1023 1552 1077 1611 po·

8 1616 10 1685 ὲ
64 1628 123 1689 tibs
135 1627 267 1687 dicerem
283 1617 365 1699 qubd
381 1628 501 1698 possent
513 1620 661 1683 deservire
680 1621 719 1682 ad
735 1620 792 1682 alia
807 1620 911 1701 signa,
934 1638 1001 1699 quae
1016 1619 1077 1680 sole

64 1733 124 1777 non
137 1710 325 1773 sufficereut.

7 1856 8 1865 ,
100 1801 151 1861 75.
176 1794 315 1869 Denique
335 1804 453 1866 semper
475 1808 509 1851 ac
521 1790 642 1869 aliquod
662 1791 745 1852 adest
762 1792 904 1872 signum,
925 1807 986 1871 quo
1003 1809 1077 1870 pru·

7 1920 8 1923 κ
63 1887 169 1946 denter
190 1877 285 1959 possit
304 1873 432 1953 judicari
455 1876 600 1953 poenitens
616 1886 745 1937 mutasse
767 1878 975 1949 voluntatem,
999 1874 1076 1937 beni

6 1964 7 1988 ³
63 1968 175 2032 absolvi
189 1968 309 2044 potest3
327 1958 461 2038 quamvis
486 1960 567 2022 enim
592 1962 806 2036 confessarius,
829 1969 865 2024 ut
882 1962 1077 2042 penitentem

6 2059 7 2062 ’
63 2055 217 2115 absolvere
247 2045 360 2127 possit,
382 2045 535 2107 moraliter
557 2055 657 2109 certus
678 2067 740 2111 esse
764 2047 869 2109 debeat
890 2047 955 2124 ejus
978 2046 1078 2127 dispo·

63 2139 201 2208 titionis,
222 2141 355 2194 attamen
374 2129 587 2192 advertendum
600 2157 616 2205 ,‘
638 2133 727 2211 qubd,
739 2133 772 2194 in
795 2134 859 2192 aliis
875 2129 1075 2199 sacramentis,

63 2229 93 2286 in
112 2222 224 2301 quibus
238 2215 361 2278 materia
379 2222 424 2275 est
439 2213 814 2294 physica,pl1ysicaetiam
833 2214 921 2280 debet
938 2229 1001 2272 esse
1014 2231 1077 2273 cer-

64 2307 180 2382 titud03
195 2301 247 2364 scd
267 2299 298 2360 in
313 2297 370 2360 boe
388 2309 571 2361 sacramento
591 2301 794 2378 peanitentiae,
811 2296 880 2360 oiim
897 2297 1018 2358 materia
1038 2299 1077 2358 sit

63 2391 207 2466 moralis,
232 2392 322 2464 prout
336 2390 407 2444 sunt
424 2392 506 2444 aetus
527 2386 717 2463 poenitentis,
739 2385 847 2448 suffieit
865 2385 986 2452 moralis
1013 2403 1076 2445 ccr-

64 2475 180 2546 titudo,
196 2473 260 2533 sive
274 2469 436 2548 respectiva
446 2517 455 2540 ‚
466 2477 501 2528 ut
520 2471 679 2550 probatum
689 2481 734 2533 est
747 2469 781 2550 (i.
794 2474 822 2532 6.
834 2491 866 2532 a.
883 2475 930 2534 57.
941 2479 969 2534 et
981 2469 1082 2549 66ηςν

63 2559 210 2623 nimiriun
227 2556 297 2618 satis
316 2563 360 2616 est
379 2554 459 2632 qubd
480 2556 671 2618 confessarius
694 2558 870 2637 prudentem
888 2555 994 2617 habeat
1006 2575 1076 2636 pro·

63 2647 248 2710 babilitatem
266 2639 305 2700 de
320 2639 515 2718 dispositione
532 2642 722 2720 poenitentis,
744 2643 809 2701 sine
827 2643 925 2719 aliqua
935 2642 1075 2723 prudenti

61 2730 230 2812 suspicione
243 2726 274 2788 in
295 2725 489 2802 oppositum,
509 2727 642 2806 alioquin
661 2726 820 2787 difficulter
836 2733 1077 2806 unquam-posset

62 2819 143 2877 ullus
167 2819 303 2891 peccator
319 2809 449 2887 absolvi,
470 2829 539 2871 nam
562 2812 663 2873 omnia
675 2813 757 2890 signa
771 2812 980 2892 poenitentium
996 2811 1076 2870 aliud

62 2921 124 2963 non
145 2893 376 2971 iurrdantquirm
399 2895 637 2973 probabilitatem
662 2897 1013 2976 quamdamdeipsorum
1029 2895 1076 2954 di-

61 2983 233 3064 spositione.
258 2981 370 3040 Auctor
397 2976 475 3058 (deil’
492 2981 659 3053 latruzione
677 3000 731 3062 per
754 2979 778 3043 t·
805 2999 874 3041 ror.
893 2978 1074 3058 consessori.)

63 3066 236 3146 sicinquit:
252 3064 323 3124 Nori
337 3062 474 3126 ricercoai
484 3063 560 3126 uitro
573 3085 627 3147 per
638 3064 859 3137 amministrare
868 3063 899 3123 io
908 3065 1074 3143 penitencie,

63 3155 112 3216 rice
125 3171 169 3214 ure
183 3146 318 3233 piudizio
329 3148 471 3228 prudente
489 3149 638 3231 probabile
656 3147 733 3212 delia
746 3147 944 3232 diapoaizioae
962 3145 1009 3211 det
1026 3169 1077 3232 pe·

64 3239 199 3314 nitente5
216 3232 291 3296 oncle
306 3251 336 3294 se
357 3231 383 3295 le
398 3238 576 3297 circostorrze
595 3255 657 3298 eon
670 3234 804 3315 [ordcno
819 3253 862 3294 ure
876 3233 982 3298 dobbio
1001 3256 1076 3318 pre·

64 3323 150 3384 ‹leote
169 3364 178 3388 ,
197 3318 244 3380 ct’
260 3313 319 3400 opii
334 3337 396 3381 reon
416 3317 730 3402 siosufflcientemente
751 3318 903 3399 demeto,
924 3340 986 3383 nore
1009 3321 1076 3383 dere

64 3405 87 3468 tt
102 3403 268 3485 consessore
279 3404 444 3484 inquietare
455 3424 485 3468 se
496 3416 607 3477 stesso,
625 3408 664 3466 eri
685 3404 710 3467 it
726 3404 872 3486 peniterete
882 3451 890 3480 ‚
902 3427 958 3488 per
970 3426 1076 3468 aoemre

66 3490 229 3554 i’eoiderezc
242 3489 293 3551 rire
304 3491 389 3551 cont
402 3488 538 3570 possibile
551 3491 649 3571 (Part.
663 3493 694 3550 l.
710 3510 735 3552 e.
750 3493 798 3553 lb.
819 3511 850 3552 rt.
870 3494 951 3572 560.)
971 3492 1024 3571 (l).
1040 3496 1075 3555 Et

92 3594 126 3652 (1)
137 3591 166 3638 Id
175 3592 211 3636 eri
222 3605 229 3635 e
241 3589 275 3636 Ad
290 3598 462 3636 sacramentum
474 3591 614 3651 peonitentia
622 3589 833 3638 administrandum
846 3590 905 3637 nibil
918 3591 984 3638 aliod
994 3592 1075 3652 requi·

65 3657 126 3705 citur
138 3658 210 3717 qulam
225 3655 329 3716 prudens
343 3663 369 3702 et
378 3657 502 3715 probabile
509 3656 624 3716 judicium
634 3657 664 3705 da
673 3657 825 3721 dispositione
838 3657 984 3716 poenitentis}
995 3672 1075 3718 quam·

877 3727 921 3782 6..
