2475 3975
330 151 569 234 'Exoperibus
583 154 830 221 BatradictiXW.
936 182 937 187 ¹
1046 164 1103 225 593

88 256 152 317 dus
161 262 205 316 est
214 253 250 315 ad
262 253 466 315 celebrandam
477 256 682 331 missam,nisi
696 258 828 319 adductis
841 259 1102 334 testimonialibus,

87 340 189 418 iisque
207 339 277 401 visis
299 347 329 399 et
352 339 521 418 approbatis
541 338 578 401 ab
590 341 754 419 Episcop03
773 341 863 420 idque
880 345 1000 423 praecipi
1019 362 1103 423 posse

88 422 132 483 ab
151 422 254 485 eudem
267 424 428 504 Episcopo,
442 424 545 484 saltem
567 425 665 503 quoad
682 427 845 487 sacerdotes
864 429 1011 506 regulares
1023 439 1103 491 exte-

89 525 162 580 ros,
181 508 270 568 etiam
287 507 472 587 regularibus
487 510 601 569 censuit
618 509 649 569 S.
661 510 805 590 Congreg.
820 511 917 572 instit.
932 512 1038 573 Eecles.
1050 514 1100 575 ot.

90 610 127 653 n.
145 595 175 652 l.
188 601 219 653 et
233 594 277 652 De
291 593 365 672 Syn.
379 592 494 653 dioeces.
510 594 563 655 lib.
578 594 608 653 9.
623 612 687 673 cap.
700 596 749 655 lo.
764 614 795 657 ιι.
811 598 841 657 b.

131 677 342 739 Tridentinum
369 696 438 740 sess.
455 679 505 739 ιδ.
522 697 587 758 cap.
610 680 659 753 tn,
684 690 784 741 nronet
802 682 976 761 Episcopus,
997 690 1101 743 curent

88 768 129 821 nt
144 762 306 823 sacerdotes
319 779 380 823 non
393 761 533 823 habentes
553 763 720 824 animarum
743 782 861 841 euram,
882 766 985 827 diebus
998 768 1101 827 saltem

87 847 268 922 dominicis,
280 846 327 907 vel
339 846 420 907 lestis
432 847 659 907 solemnioribus
669 847 787 909 missam
799 849 955 912 celebrent.
965 852 1010 910 An
1020 868 1101 911 com·

88 932 213 992 mittant
226 940 377 1009 peecatum
397 950 488 1009 mave
505 931 668 992 sacerdotes
682 932 741 1007 illi,
758 934 783 995 si
798 935 912 995 monito
925 934 1099 996 Tridentino

88 1033 154 1077 nou
175 1031 206 1076 sc
228 1016 441 1088 submiserint,
462 1017 585 1096 quaestio
609 1026 654 1077 est
674 1034 789 1097 anceps.
811 1016 944 1079 Proiecto
967 1026 1100 1095 peccaret

85 1100 238 1176 graviter,
255 1103 307 1179 qui
320 1118 483 1179 numquam
496 1119 550 1179 per
565 1118 677 1163 aunum
691 1102 865 1163 sacrificium
877 1101 996 1163 ollerrct
1005 1110 1100 1179 ,esset

86 1184 173 1243 enim
185 1182 241 1245 boc
253 1183 396 1245 indicium
417 1186 486 1246 vitae
504 1194 651 1264 corruptae
661 1229 670 1259 ,
682 1194 712 1246 et
726 1195 843 1265 pareret
861 1186 1042 1247 scandalum.
1055 1188 1099 1247 De
1168 1212 1169 1217 ¹

85 1268 173 1327 miss.
195 1288 268 1329 sacr.
283 1270 306 1330 1.
325 1270 355 1328 5.
373 1288 400 1329 c.
417 1270 448 1329 l.
465 1271 565 1329 ιι.-40.
582 1272 748 1333 'feneretur
768 1272 858 1331 etiam
877 1270 1044 1344 celebrare,
1066 1278 1100 1330 ιιι

85 1361 202 1429 aegroto
212 1354 359 1414 viaticum
372 1354 555 1424 deterretur,
565 1354 589 1415 si
605 1355 664 1415 alio
678 1355 767 1419 modo
781 1356 847 1417 lieri
862 1372 921 1417 uon
935 1361 1040 1433 posset.
1052 1354 1097 1415 lb.

128 1443 246 1504 Missam
263 1444 397 1525 quotidie
415 1445 564 1507 celebrare
584 1445 690 1506 melius
709 1454 771 1521 est,
791 1446 880 1525 quim
899 1446 936 1507 ab
955 1446 989 1507 ed
1008 1445 1099 1505 absti-

87 1526 162 1587 ιιὲιι
171 1548 181 1603 3
191 1529 358 1607 negandum
368 1538 467 1591 tamen
480 1548 540 1590 nun
553 1533 616 1603 est,
627 1530 699 1609 quin
712 1530 824 1610 optime
837 1540 954 1609 prestet
965 1528 1098 1590 sacerdus

86 1613 113 1671 si
134 1612 292 1689 aliquando
310 1614 454 1674 abstineat
473 1632 509 1673 ex
527 1614 713 1684 reverentia,
729 1634 780 1675 seu
799 1615 920 1689 adbuc,
934 1623 969 1674 ιιι
981 1614 1098 1675 serven·

87 1695 150 1757 tius
161 1698 299 1758 celebret.
311 1698 345 1757 ld
353 1699 425 1761 verb
436 1700 552 1759 eruitur
564 1718 601 1758 ex
612 1718 664 1771 eo,
675 1702 756 1777 qudd
769 1702 803 1761 ad
817 1702 956 1780 spiritum
964 1702 1098 1762 Ecclesiae

88 1778 214 1860 propltio
238 1781 351 1842 accedit
371 1784 424 1859 qui
447 1782 581 1858 quotidie
602 1795 817 1845 sacramentum
841 1785 956 1861 recipit.
977 1786 1097 1845 Adden-

86 1868 180 1943 dum,
197 1866 277 1945 qubd
297 1884 406 1926 munus
425 1866 585 1927 sacerdotis
604 1875 650 1926 est
668 1885 729 1926 nun
749 1870 918 1945 privatum,
932 1867 983 1929 sad
998 1870 1097 1945 publi·

88 1968 157 2013 cum
168 1995 177 2025 ,
190 1960 294 2030 estque
310 1950 374 2029 ejus
394 1968 469 2029 opus
484 1950 616 2012 Ecclesiae
632 1952 723 2028 utile3
737 1961 816 2014 etex
835 1950 949 2013 assiduo
969 1952 1096 2013 eelebre-

87 2038 170 2096 tiene
189 2037 315 2097 validius
335 2037 478 2095 auxilium
496 2035 641 2097 obtinebit
653 2036 670 2096 d
683 2039 763 2111 Dee,
778 2046 811 2100 ut
827 2032 945 2114 diguitis
957 2037 1094 2104 celebret.

87 2122 186 2192 erare
207 2121 395 2184 statuendum
418 2120 582 2194 secerdoti,
603 2130 638 2182 ut
657 2121 841 2200 plurimum,
866 2120 1096 2199 quotidieeele-

87 2203 236 2266 beandum
259 2225 341 2278 esse,
365 2206 390 2265 si
414 2205 542 2264 discusse
565 2207 741 2266 conscientia
764 2207 817 2266 sua
842 2205 1017 2284 persuadere
1038 2208 1094 2269 sibi

88 2289 240 2351 moraliter
257 2293 367 2370 pessit,
380 2307 414 2349 se
431 2306 493 2350 esse
512 2291 545 2348 in
563 2299 640 2350 statu
662 2291 774 2370 gratiae.
798 2293 858 2352 Nec
878 2290 976 2352 obstat
995 2293 1095 2354 minor
1198 2366 1200 2370 ¹

87 2373 207 2451 ιιιιοις
225 2373 294 2437 ciam
311 2376 397 2437 illum
417 2371 547 2454 persaepe
567 2375 715 2452 patiamur
737 2375 835 2438 inriti.
853 2377 897 2436 De
917 2393 991 2438 saer.
1010 2379 1092 2438 miss.

88 2459 111 2518 l.
126 2459 155 2517 5.
169 2478 196 2518 c.
213 2462 243 2520 E.

127 2545 162 2604 ln
186 2544 320 2606 oratoriis
340 2545 483 2624 privatis,
509 2545 542 2606 in
570 2546 678 2624 quibus
699 2564 753 2625 pro
779 2546 900 2608 infirmo
923 2549 1094 2612 conceditur

89 2628 174 2688 runica
187 2628 282 2690 misse
291 2630 448 2690 celebratio
460 2673 470 2702 ,
482 2630 531 2690 die
545 2631 656 2692 Natalis
667 2630 787 2692 Domini
801 2632 842 2692 las
855 2641 899 2690 est
911 2637 971 2691 tres
992 2634 1093 2701 missus

88 2712 125 2772 ab
148 2711 252 2774 eudem
269 2713 420 2774 sacerdote
443 2715 605 2786 celebrari,
633 2724 666 2775 ιιι
688 2733 724 2774 en
745 2714 870 2776 decretis
891 2716 922 2775 S.
947 2716 1091 2798 Congreg.

88 2798 133 2856 De
145 2797 241 2857 merit
255 2797 335 2858 miss.
349 2799 403 2858 lib.
418 2801 448 2858 3.
462 2817 489 2858 c.
500 2801 529 2858 l.
545 2818 576 2858 ιι.
592 2801 623 2860 8.

125 2881 259 2960 Episcopi
272 2901 451 2962 quamquam
476 2901 538 2945 non
555 2883 682 2946 babeant
700 2883 827 2964 amplius
846 2884 1093 2952 facultatemcun-

88 2965 209 3027 cedendi
221 2967 387 3040 licentiam,
406 2977 441 3028 ut
457 2968 490 3029 in
507 2971 645 3031 oratoriis
657 2971 780 3049 privatis
795 2968 979 3045 celebretur,
997 2971 1093 3032 adhue

87 3059 185 3110 tamen
203 3060 325 3128 possunt
346 3053 448 3112 insuis
466 3053 603 3128 domibus
628 3056 778 3134 privatum
802 3055 964 3116 oratorium
984 3051 1094 3118 babere

88 3144 119 3195 et
137 3136 309 3214 permittere
328 3137 393 3196 aliis
417 3137 636 3212 sacerdotibus,
655 3146 689 3197 ιιι
714 3139 746 3198 in
766 3154 800 3198 co
820 3139 984 3217 eelebrent3
1005 3148 1039 3201 ut
1058 3158 1094 3200 ex

86 3219 208 3280 decretis
220 3221 285 3281 Sao.
297 3221 545 3300 congregationis,
568 3223 719 3284 Desacrii.
739 3223 820 3284 miss.
833 3224 856 3285 l.
867 3226 898 3284 ὅ.
910 3244 936 3286 ι.
948 3227 978 3284 6.
993 3244 1024 3287 u.
1043 3228 1072 3286 l.

126 3302 194 3364 llaec
214 3305 304 3365 etiam
321 3305 479 3366 celebratio
503 3306 708 3386 praeteriret
732 3307 844 3368 ibidem
867 3317 982 3389 potest,
1003 3310 1091 3368 etiam

90 3388 208 3448 absente
227 3389 391 3470 Episcop03
414 3399 503 3468 atque
528 3393 569 3452 ibi
597 3392 749 3456 audientes
773 3393 891 3454 missam
907 3395 1092 3470 ¹quicumque

87 3471 186 3531 lideles
198 3483 345 3552 praecepto
364 3475 555 3536 ecclesiastico
577 3477 767 3536 satisfaciunt.
790 3477 924 3554 Denique
943 3473 1022 3550 quod
1043 3472 1091 3542 irie

87 3556 193 3620 dicitur
205 3555 243 3619 de
253 3559 420 3639 Episcopis,
440 3559 517 3623 valet
534 3560 623 3622 ctiam
645 3578 700 3640 pro
714 3560 918 3623 Cardinalibus
933 3575 993 3618 nun
1006 3559 1090 3638 Epis-
