2475 3975
272 190 348 275 Cep.
363 191 394 254 2.
408 189 454 252 De
469 191 653 252 sacramento
666 186 783 251 ordinis
803 187 835 250 iu
851 203 965 270 penore.
1062 184 1122 250 209

112 310 175 354 essa
190 293 368 373 Episcopum
384 291 421 354 de
438 309 489 354 sua
503 292 671 354 intentione
683 288 795 349 habita.
814 289 897 350 idem
910 298 1009 349 autem
1023 289 1120 350 Beue·

112 377 226 453 dictus,
240 375 275 440 de
288 379 360 458 Spu.
375 375 397 438 l.
410 379 441 438 8‘.
455 396 481 438 e.
500 380 514 437 l
520 378 549 437 l.
565 396 599 437 u.
614 378 643 436 l.
659 383 760 434 monet
775 375 953 453 Episcopus,
970 382 1003 433 ut
1015 391 1045 432 sa
1066 373 1119 434 ab·

110 463 283 523 stineantab
291 461 345 522 hac
354 463 563 540 protestatione
573 482 582 539 ;
591 460 725 538 quamvis
737 459 817 518 enim
827 459 937 538 (inquit
948 477 1014 518 cum
1026 457 1118 536 Lupo)

110 556 208 626 posset
217 547 374 626 aliquando
384 547 711 627 Episcopus,existente
720 546 891 624 gravissima
900 542 1119 615 consalutare
1155 553 1158 564 '

110 632 323 693 intentionem
337 631 586 707 conditionatam,
611 630 674 690 haec
697 637 796 691 umen
821 629 1026 689 universaliter
1048 645 1117 706 erga

109 732 213 776 omnes
234 715 450 795 promovendos
471 717 576 795 nequit
605 713 708 776 habiri
738 715 802 774 sine
822 714 955 793 pluribus
978 714 1117 773 inconvo-

106 801 269 862 nientibus.
285 802 433 880 Additqua
444 803 682 873 cumNumrm,
699 799 831 872 Goloto,
850 810 878 860 ot
893 801 997 861 codem
1017 799 1115 878 Lupo,

107 883 189 963 qudd
199 886 378 965 Episcopus,
397 886 516 946 ordines
528 887 707 946 conlcrcndo
718 929 727 956 ,
740 894 857 944 tenetur
868 886 922 944 suh
935 885 1017 964 gravi
1031 885 1115 962 culpa

106 988 158 1032 cos
168 969 300 1031 absoluti
311 971 443 1030 conterre
452 972 560 1048 quihus
570 989 675 1030 manus
686 971 824 1048 imponit.
833 969 910 1041 Quid
919 969 987 1046 crgh
998 967 1117 1048 (merito

106 1052 268 1132 concludit)
284 1055 418 1134 proderit
435 1055 605 1133 protestatio
625 1055 673 1114 illa
685 1097 694 1130 ,
707 1053 764 1113 nisi
781 1052 816 1112 ad
831 1053 1005 1130 ingerendas
1019 1052 1118 1130 plures

107 1140 262 1214 scrupulos
281 1140 313 1198 in
331 1156 380 1200 eos
398 1141 450 1217 qui
475 1143 714 1218 promoventur?
730 1139 781 1202 lll.
804 1137 977 1215 Requiritur
999 1135 1118 1196 animus

105 1221 286 1294 clericandi,
303 1234 337 1285 ut
350 1225 550 1304 praescribitur
565 1226 597 1286 in
610 1225 746 1286 Trident.
762 1242 832 1285 sess.
846 1225 897 1284 25.
909 1243 935 1284 c.
950 1225 994 1294 4.,
1008 1223 1119 1282 scilieet

105 1309 282 1371 ascendendi
301 1311 338 1368 ad
361 1308 481 1370 ordines
502 1311 679 1388 superiores.
694 1312 755 1369 Hoc
775 1318 872 1368 tamen
892 1307 1118 1387 intelligendum

106 1395 285 1474 procedere,
303 1393 372 1455 edm
391 1393 458 1472 quis
476 1403 605 1473 acceptat
617 1394 795 1454 beneficium
808 1393 842 1452 ad
861 1393 941 1469 qnod
956 1393 1118 1471 requiritur

105 1480 323 1550 sacerdotium,
336 1478 384 1539 vel
404 1477 479 1538 alius
501 1479 575 1540 ordo
596 1497 677 1539 sacer
692 1474 723 1558 (l.
743 1480 771 1537 6.
785 1497 816 1537 o.
833 1474 925 1554 tet).
941 1480 992 1538 tv.
1008 1477 1117 1557 Requi·

105 1565 204 1638 citur,
216 1574 250 1626 ut
269 1562 393 1646 quisque
412 1562 567 1625 ordinetur
579 1566 599 1624 d
609 1561 733 1644 proprio
745 1561 905 1644 Episcopo,
922 1563 969 1625 vel
985 1564 1022 1623 ab
1040 1562 1115 1636 alio,

107 1649 158 1709 sed
176 1667 245 1710 cum
265 1651 371 1711 litteris
388 1650 632 1711 dimissorialibus
652 1647 786 1726 Episcopi
810 1649 940 1726 proprii,
958 1649 982 1709 si
1003 1647 1053 1708 hie
1073 1656 1118 1710 est

107 1735 270 1814 impeditus
282 1753 318 1794 ex
329 1734 522 1805 infirmitate,
537 1744 589 1794 aut
599 1733 656 1794 alia
670 1734 748 1809 justa
759 1751 853 1794 causa.
863 1734 1031 1811 Capitulum
1044 1729 1116 1793 verb

105 1820 176 1880 sede
196 1829 318 1879 vacante
340 1817 429 1879 bodie
448 1819 607 1897 (quidquid
624 1819 716 1878 luerit
734 1813 908 1894 antiquitus)
927 1819 1032 1894 nequit
1047 1817 1118 1876 dare

105 1903 194 1964 alicui
217 1903 421 1981 dimissorias,
445 1903 503 1962 nisi
527 1904 578 1963 illc
600 1903 640 1962 sit
663 1910 789 1961 arctatus
810 1899 847 1959 ad
871 1900 1007 1959 ordinem
1028 1903 1118 1962 sosoi-

107 1989 248 2066 piendum
270 1990 309 2050 oh
332 1988 453 2068 aliquod
473 1986 652 2051 heneficium
672 1985 828 2067 requirens
850 1984 1024 2065 obsequium
1049 2005 1118 2065 per·

105 2074 205 2133 sonalc
221 2070 255 2153 (l.
272 2093 297 2134 e.
313 2093 345 2134 u.
360 2073 454 2151 788.).

145 2158 195 2217 55.
210 2158 398 2234 »Proprius
411 2166 512 2217 autom
529 2158 689 2235 Episcopus
708 2155 818 2216 dicitur
832 2154 880 2215 vel
898 2154 1013 2215 ratione
1026 2156 1116 2235 origi·

104 2242 155 2301 nis
167 2240 214 2298 vel
224 2238 367 2299 domicilii
380 2240 446 2314 ‚rel
459 2241 614 2313 beneficii,
627 2241 676 2299 vel
688 2238 905 2300 familiaritatis.
922 2240 958 2301 Et
973 2242 998 2300 1.
1010 2240 1116 2304 debent

104 2324 232 2385 Ordines
255 2324 361 2402 suscipi
380 2324 418 2385 ab
439 2326 583 2404 Episcopo
603 2323 749 2405 oripinis,
764 2324 788 2383 si
803 2324 983 2385 ordinandus
999 2326 1030 2387 in
1053 2325 1116 2405 ejus

105 2408 222 2470 diocesi
239 2419 326 2470 natus
344 2420 405 2482 est,
418 2419 449 2471 et
466 2419 602 2491 parentes
619 2420 751 2489 tempore
763 2409 921 2471 nativitatis
939 2410 1049 2473 ibidem
1063 2413 1117 2474 do·

103 2494 250 2557 micilium
264 2493 443 2572 habuerint3
457 2514 526 2555 nam
544 2496 568 2555 si
587 2514 654 2557 casu
674 2495 780 2557 alicubi
799 2505 885 2556 natus
904 2507 997 2567 esset,
1012 2507 1041 2559 et
1063 2517 1115 2578 pa·

103 2586 204 2639 rentes
228 2579 298 2639 alibi
318 2579 503 2641 domicilium
523 2580 704 2654 habuerint,
726 2590 797 2639 tuno
820 2579 929 2639 dicitur
946 2580 1114 2655 oriundus,

104 2671 137 2723 ct
150 2662 280 2724 ordinari
300 2664 386 2726 debet
402 2666 440 2727 ah
462 2666 604 2743 Episcopo
622 2665 699 2737 loci,
713 2664 764 2723 uhi
785 2673 919 2742 parentes
931 2662 1115 2728 domicilium

104 2746 228 2808 habent.
240 2750 279 2808 ll.
295 2750 420 2811 Ratione
437 2748 581 2812 domicilii
601 2748 678 2809 hond
698 2748 871 2819 ordinatur,
885 2749 936 2828 qui
962 2750 993 2808 in
1016 2750 1115 2827 aliquo

105 2833 171 2893 loco
183 2830 394 2895 habitationem
418 2853 502 2895 suam
520 2834 689 2906 constituit,
704 2852 771 2893 cum
788 2832 887 2893 animo
909 2832 950 2893 ibi
971 2834 1118 2911 perpetui)

103 2916 257 2976 manendi.
275 2919 329 2977 Hic
344 2934 446 2980 autom
461 2920 579 2986 animus
592 2918 753 2997 probatur,
770 2918 817 2977 val
834 2936 887 2995 per
904 2914 1117 2980 habitationem
1146 2938 1147 2943 ¹

106 3003 266 3077 decennii,
290 3006 339 3064 vel
360 3024 415 3084 per
436 3006 660 3066 edificationem
689 3002 796 3064 domds
823 3021 891 3061 cum
920 3004 1117 3079 asportatione

106 3085 228 3163 majoris
243 3089 336 3166 partis
355 3090 522 3162 bonorum,
540 3088 673 3169 degendo
688 3088 732 3148 ibi
750 3086 837 3147 simul
854 3104 908 3163 per
927 3082 1046 3163 aliquod
1062 3108 1116 3151 no-

106 3171 200 3231 tabile
220 3179 337 3251 tempus
349 3218 358 3248 ,
372 3186 407 3235 ut
428 3174 553 3235 habetur
570 3176 601 3234 in
620 3174 700 3235 hulla
720 3168 918 3253 Speculatores
933 3169 1019 3249 (Vide
1038 3169 1059 3235 l.
1084 3178 1114 3237 6.

106 3275 141 3318 u.
155 3258 224 3317 770.
238 3256 279 3318 ud
299 3258 360 3337 tt).
375 3263 428 3321 lll.
443 3262 567 3321 Ratione
582 3256 733 3338 beneficii,
750 3256 818 3316 licit
832 3256 938 3334 aliquis
950 3258 1019 3318 attoi
1032 3270 1117 3328 natus

105 3343 197 3405 luerit
214 3352 244 3404 ct
262 3344 446 3407 domicilium
471 3346 593 3416 babeat,
615 3342 692 3405 bend
709 3350 805 3423 potest
828 3342 959 3404 ordinari
978 3345 1014 3403 ab
1033 3348 1117 3426 Epis-

106 3445 200 3506 copo,
220 3427 252 3489 in
276 3428 361 3507 cujus
381 3431 498 3493 dioecesi
526 3430 702 3500 beneficium
729 3426 876 3488 sufficiens
900 3430 936 3488 ad
958 3446 1117 3503 congruam

107 3512 353 3576 sustentationem
372 3515 518 3594 possidct3
533 3514 661 3576 obtentis
682 3520 779 3572 tamon
792 3512 899 3573 litteris
914 3510 1117 3570 testimoniali·

107 3594 164 3655 hus
182 3595 219 3656 ab
231 3598 374 3678 Episcopo
389 3598 582 3678 domicilii3h
607 3614 668 3678 quo
690 3606 789 3659 tamen
810 3590 1115 3737 potestffleltssssisslli2¹
