2475 3975
126 133 184 194 bid
318 125 609 211 Epitomodoctrino·
622 119 942 190 morolisetrunonicm

128 233 192 295 berc
217 229 429 296 absolutionem
449 229 584 302 iteretis,
604 237 633 290 et
658 225 789 291 otiorum
814 228 993 299 criminum,
1017 229 1148 313 quaudo
1230 300 1231 321 χ

125 315 246 402 prodiico
258 326 330 380 suut
341 363 350 386 ,
363 326 391 378 et
403 315 436 379 id
447 333 509 378 non
522 314 661 396 derogare
672 312 814 396 facultati
830 307 1000 375 itidentini
1006 361 1017 392 ,
1031 316 1066 375 iu
1082 324 1147 399 qud

128 404 164 466 de
188 401 308 466 omuttis
324 401 499 466 criminibus
518 417 613 462 senno
634 407 699 470 est,
722 412 805 460 nuno
828 400 924 472 ibib,
951 402 989 462 ts
1006 399 1093 462 mm
1113 405 1148 462 in

131 487 310 550 Consistorio
329 490 361 550 S.
386 487 418 548 G.
436 487 505 548 Bm.
529 483 619 547 Cord.
644 483 712 546 niso
733 491 764 546 et
788 472 916 544 ebrato
934 493 988 546 est.
1008 487 1149 564 ingenui
1230 558 1231 565 ἵ

128 571 249 651 quidem
270 571 439 644 fotendum,
457 567 534 630 benc
553 570 788 650 propositionem
802 567 871 630 ided
882 569 1030 631 confinem
1051 571 1150 631 tuisse

128 673 165 718 ex
181 657 250 718 isisd
264 657 421 716 assertione
433 654 471 714 de
488 652 701 734 approbatione
712 653 743 714 S.
756 654 804 726 0.,
819 666 887 731 que
902 653 983 715 nutis
999 655 1068 715 tuit.
1082 657 1146 717 Vix

129 750 227 802 tomen
242 739 393 810 creditur,
408 739 583 800 Pontificem
603 740 678 808 sdeb
693 755 726 798 sc
743 737 904 818 prebuisse
925 739 1087 802 sollicitum
1104 743 1149 802 de

129 823 358 886 amoventibus
371 825 403 884 S.
417 825 451 886 C.
467 825 682 904 approbatione
698 823 737 883 sb
753 822 788 884 c‘d
802 822 1020 902 propositione,
1034 826 1095 886 nisi
1114 837 1148 887 et
1230 838 1231 861 ¹

129 909 263 972 cumdem
291 909 385 994 ipsem
404 910 637 990 propositionem
657 907 884 989 improbabilem
904 906 1075 986 judicasset.
1100 911 1149 971 be

130 997 203 1076 Syn.
220 995 313 1055 Dioec.
326 995 349 1054 l.
363 995 394 1056 o.
409 1013 436 1055 c.
449 997 479 1054 t.
497 1012 528 1054 n.
543 996 571 1054 9.
583 994 634 1055 sed
652 1009 707 1054 nec
717 991 799 1054 credi
812 999 910 1070 potest
928 992 1150 1057 incuitstemrb
1230 998 1231 1001 ’

130 1079 235 1142 heresi
253 1077 375 1158 hujusce
393 1079 563 1140 absotrendt
579 1081 735 1142 Gniiiennis
760 1078 909 1158 Episcopis
930 1076 1029 1139 mium
1054 1097 1147 1156 me,

131 1183 310 1246 quemquem
331 1180 396 1225 enm
413 1165 469 1226 sibi
491 1165 577 1225 multi
601 1171 761 1244 arrogent,
782 1172 817 1222 ut
836 1162 939 1223 multis
959 1168 1151 1241 argumentis

130 1269 194 1330 cup.
210 1253 238 1312 t.
258 1250 414 1312 evincitur.
438 1247 522 1324 Quod
544 1249 616 1312 verb
638 1261 764 1328 negator
781 1248 951 1327 Episcopis,
971 1250 1150 1328 negandum

131 1339 221 1397 etium
235 1345 279 1396 est
293 1335 521 1416 Inquisitoribus
533 1336 681 1416 Hisponis·
692 1345 722 1395 et
732 1333 906 1405 tucinam,
919 1335 1029 1412 quibus
1039 1337 1066 1396 si
1090 1338 1152 1396 eii-

132 1439 190 1500 qua
206 1419 278 1482 olim
291 1421 348 1482 tuit
369 1420 400 1480 in
418 1419 494 1481 hanc
514 1439 579 1482 rem
592 1421 767 1492 auctoritas,
785 1415 874 1478 modb
888 1432 926 1478 er
943 1417 1025 1501 boiis
1047 1421 1150 1503 Genese

131 1505 244 1580 subiate
257 1513 310 1564 est.
323 1505 399 1565 tbid.
412 1525 438 1566 c.
454 1505 484 1566 b.
499 1523 530 1578 n.
544 1507 575 1566 i.

510 1695 753 1783 uontcmmu,

171 1886 246 1948 Com
261 1881 418 1946 homicidis
433 1889 465 1946 ot
480 1881 611 1946 bannitis
629 1884 719 1944 etiem
735 1883 767 1946 io
783 1899 851 1944 cusu
866 1875 1022 1949 homicidii
1036 1883 1154 1954 volun.

133 1973 202 2035 terii
222 1969 317 2049 major
333 1969 572 2031 poenitentiarius
590 1977 686 2049 potest
704 1968 896 2049 dispensare,
916 1980 951 2031 ut
968 1971 1153 2051 religionem

132 2058 325 2139 approbatum
347 2056 438 2115 etism
457 2062 598 2132 tunquam
620 2054 719 2116 elerici
743 2054 862 2132 ingredi
882 2056 1016 2133 possint,
1038 2056 1154 2119 additis

132 2154 231 2205 tomen
248 2141 424 2221 quibusdum
444 2140 603 2221 clausulis,
620 2141 658 2216 de
678 2139 931 2223 quibusi’ontiien
945 2142 1044 2224 ipsud
1065 2138 1156 2224 butte

133 2230 243 2291 Pastor
254 2229 358 2297 bonus.

539 2408 734 2490 ruentum,

169 2584 357 2665 Dispensatio
379 2584 535 2663 impetrate
552 2583 585 2645 iu
600 2586 829 2666 Quedmgesimd
845 2586 982 2649 vescendi
1000 2589 1152 2652 cornibus
1227 2623 1228 2630 .

134 2692 194 2737 non
212 2669 354 2734 continuis
371 2669 519 2749 deobliget
536 2669 574 2741 ab
593 2673 680 2734 uniet
700 2674 902 2744 comestione,
924 2692 1017 2752 quare
1030 2677 1074 2738 sie
1086 2678 1153 2738 dis·
1227 2663 1228 2722 i

133 2758 246 2838 pensati
263 2756 451 2816 declarentur
469 2756 506 2815 sd
522 2774 587 2817 erm
602 2759 717 2828 teneri,
736 2776 791 2819 nec
807 2759 930 2819 miseere
943 2776 1028 2837 posse
1041 2760 1151 2841 epotos

135 2844 250 2916 iicitos,
261 2848 350 2923 otpoc
363 2838 549 2901 interdictos.
564 2844 689 2904 constit.
702 2843 773 2904 Non
790 2842 978 2925 ambigimus.

171 2937 232 2997 lide
251 2932 324 2997 sord
342 2932 522 2995 admixtione
548 2936 638 2995 vetito
667 2945 711 2996 est
740 2938 882 2998 comestio
914 2936 1051 2999 carnium
1076 2958 1150 3015 cum

133 3021 271 3102 piscibus.
286 3022 328 3082 tm
340 3018 498 3082 declaravit
509 3020 643 3083 Pontifex
652 3021 685 3082 iu
695 3018 871 3101 Epistoidnd
882 3020 1149 3107 archiepiscopum

134 3106 348 3186 Composteiiae.
999 3114 1001 3118 ’

170 3202 205 3260 ln
221 3200 388 3279 vespertini
405 3201 615 3263 refectiuncuid
634 3202 745 3264 debent
761 3202 918 3281 dispensati
936 3204 980 3266 iiii
997 3205 1151 3273 obstindro

132 3282 149 3341 d
167 3284 322 3355 carnibus,
336 3304 390 3345 nec
407 3295 529 3364 possunt
544 3288 708 3365 quidquem
721 3288 803 3349 eliud
811 3299 929 3369 gustare
940 3334 948 3363 ,
961 3288 1052 3369 quim
1065 3299 1150 3373 quod

131 3366 227 3423 coeteri
245 3381 304 3424 non
321 3368 491 3442 dispensati.
503 3371 580 3430 lbid.
818 3375 821 3378 ’
1144 3367 1147 3374 ⁴

168 3453 284 3548 Debent
305 3454 379 3513 sicut
401 3464 497 3519 coeteri
522 3458 629 3526 boram
649 3461 854 3542 jejunantibus
883 3468 1089 3549 prescriptum
1112 3473 1146 3534 io
1224 3451 1225 3482 .

129 3542 337 3593 comessatione
348 3553 477 3599 servare.
493 3544 571 3604 ibid.
892 3560 895 3566 ’
1132 3544 1146 3556 '⁴
