2475 3975
152 189 210 254 too
340 185 478 270 Epitorne
497 183 639 250 doentsoe
652 182 821 249 mentiost
836 180 986 246 moniam
1197 20 1221 374 ἱ

188 289 338 354 Sententia
354 307 484 352 emmens
499 304 619 352 omnem
634 304 852 367 quemcumque
871 286 1063 348 venationem
1085 282 1103 346 i
1119 301 1161 344 sn·

149 375 207 438 eris
219 374 382 438 canonibus
400 373 585 436 interdictum
597 390 660 436 osse
671 373 806 443 clericis,
824 372 917 449 megts
925 368 989 447 juri
999 369 1162 432 conformis

149 467 203 522 ost
224 459 269 519 lie
290 459 362 538 Syn.
387 457 473 520 dioec.
493 457 516 518 l.
539 458 588 518 11.
606 476 635 517 e.
660 458 710 517 10.
731 475 764 518 n.
786 458 817 518 8.
836 457 934 530 Quare
951 455 1039 516 nimii
1051 455 1163 533 rigoris
1222 484 1223 531 l

149 541 323 606 domnnnde
344 559 405 603 non
426 549 497 602 sunt
510 540 738 604 constitutiones
755 540 816 602 illm
827 537 982 618 synodales
1001 539 1164 618 Episcopo·

149 644 217 687 rum
230 668 239 698 ,
253 644 318 702 qun
327 624 437 687 indicti
446 625 533 704 peno
544 624 666 686 clerieos
678 625 716 686 ab
727 625 811 686 omni
823 623 979 706 uenatione
989 633 1163 687 removent.

148 709 194 772 lb.
210 729 241 770 n.
253 711 301 770 10.

186 792 333 856 sententis
347 793 546 872 quorumdam
564 809 695 856 remmus
714 811 777 856 oon
799 793 864 856 lore
880 810 947 856 reos
966 790 1090 855 lethalis
1108 795 1165 856 cri-

148 880 236 942 minis
249 879 370 942 elericos
383 881 535 942 eommdiis
558 882 750 960 quantumvis
771 880 911 958 turpibus
925 881 1097 942 assistentes
1111 902 1122 958 ς
1140 882 1164 942 si

147 961 202 1024 boc
223 963 276 1024 lint
298 965 372 1026 eitun
397 966 596 1038 seondolum,
620 975 652 1026 et
675 965 829 1047 probabile
857 965 1022 1044 periculum
1042 965 1164 1044 lapsus.

147 1065 271 1112 emoneo
296 1059 328 1112 et
352 1051 519 1114 scandaloso
542 1058 597 1113 est.
623 1053 669 1114 lte
692 1050 815 1132 synodo
836 1049 1001 1113 dioeoesonn
1026 1049 1085 1113 tio.
1113 1053 1161 1112 11.

147 1149 178 1194 es
204 1176 212 1192 .
236 1135 285 1196 10.
301 1153 332 1196 ιι.
349 1137 401 1196 tn.

180 1151 291 1281 inerter
304 1238 364 1282 non
376 1219 546 1301 conjugati,
564 1217 731 1282 benetieirti
746 1219 811 1282 sino
823 1219 964 1290 tonsure,
977 1226 1009 1282 et
1029 1218 1163 1281 clericali

147 1311 228 1364 veste
253 1305 445 1382 incedentes,
474 1325 535 1368 non
557 1305 680 1386 quidem
701 1303 833 1383 gondent
853 1304 999 1366 beneficio
1020 1304 1107 1378 lori,
1134 1309 1164 1366 et

147 1391 286 1463 mnonis,
303 1401 337 1454 ut
349 1409 388 1452 cx
399 1393 537 1454 Trident.
550 1411 622 1454 sess.
634 1393 683 1452 ot.
697 1409 725 1450 e.
739 1391 771 1454 d.
780 1388 817 1452 de
828 1386 886 1470 ref.
901 1432 911 1463 ,
927 1389 978 1450 sed
988 1389 1078 1467 longe
1092 1407 1163 1468 pro·
1229 1448 1230 1459 ,

146 1470 271 1536 bobiliits
283 1476 413 1554 gaudent
425 1479 488 1539 eliis
502 1477 664 1556 privilegiis
677 1474 878 1547 clericalibus,
889 1473 959 1554 puti
971 1477 1162 1552 exemptione

146 1558 217 1617 reoli
237 1559 275 1618 ub
295 1561 435 1618 oneribus
452 1561 629 1632 laicalibus,
653 1560 692 1620 de
713 1559 823 1636 quibus
841 1578 907 1638 cnp.
931 1556 1111 1633 Odnnrdus,
1127 1559 1161 1619 de

145 1636 233 1701 solut.
251 1639 320 1700 edm
338 1641 548 1702 Tridentinum
567 1661 628 1702 non
646 1643 758 1703 ndimot
780 1643 839 1704 illis
852 1644 910 1704 nisi
929 1641 1047 1706 tontum
1063 1643 1162 1721 privi-

144 1725 254 1804 legium
264 1724 321 1786 lori
332 1767 342 1800 ,
353 1731 385 1786 et
402 1727 536 1801 nononis,
548 1726 585 1788 de
595 1727 716 1806 Synodo
732 1726 894 1789 dioecesnno
910 1729 963 1790 lib.
977 1729 1028 1790 tn.
1046 1746 1115 1806 esp.
1129 1729 1159 1788 2.

145 1826 229 1868 num.
257 1812 287 1870 1.
309 1812 390 1886 Quin
414 1811 505 1873 etiem
527 1831 582 1892 per
611 1814 641 1874 le
660 1830 709 1874 em
730 1812 901 1874 Tridentini
931 1831 992 1876 non
1020 1814 1161 1892 privetur

145 1895 519 1976 Episcopus'jnrisdietione
529 1831 675 1978 puniendi
690 1899 757 1959 illos
766 1905 920 1978 tomqnnm
934 1899 990 1960 sibi
1002 1899 1158 1974 subditos,

145 1984 343 2060 nequeenim
367 1985 415 2045 lex
432 1983 600 2046 Tridentini
621 1983 702 2044 eliud
715 1994 874 2063 operetur,
896 1985 953 2047 nisi
978 1992 1015 2045 ut
1029 1985 1160 2047 elerieus

144 2066 319 2147 delinquens
335 2069 433 2131 torum
461 2069 600 2129 smculnre
620 2068 770 2131 deelinnre
794 2079 933 2147 nequent.
958 2070 1003 2131 ltn
1022 2068 1160 2132 decisum

144 2152 273 2213 retertur
291 2153 308 2213 l
325 2155 356 2214 S.
381 2155 488 2232 Congr.
504 2152 582 2231 opud
599 2150 762 2235 Sperettnm
782 2153 870 2215 decis.
891 2156 941 2215 17.
961 2172 994 2215 n.
1019 2156 1080 2227 55,
1106 2156 1159 2216 nt.

145 2236 190 2297 11).
209 2256 241 2299 n.
255 2241 286 2301 t.
303 2241 427 2317 insuper
445 2257 483 2299 ex
501 2238 559 2299 elio
577 2238 696 2300 decreto
720 2240 789 2301 dete
799 2238 1028 2319 drdriepiseopo
1039 2244 1160 2320 Neapo-

143 2320 304 2398 litano,jus
320 2333 366 2383 est
380 2325 525 2401 Episcopo
534 2324 655 2385 eosdem
664 2325 785 2386 elericos
793 2324 1021 2403 delinquentes,
1035 2327 1158 2403 quaudo

143 2421 240 2479 neque
259 2404 275 2463 d
293 2405 362 2479 jure
376 2424 475 2482 neque
491 2408 529 2465 ob
550 2407 672 2469 homine
693 2427 747 2488 per
765 2410 993 2471 declarationem
1015 2417 1086 2470 sunt
1103 2412 1160 2473 de·

142 2486 245 2547 nudati
266 2487 429 2565 privilegiis
447 2490 655 2563 clericalibus,
670 2491 687 2552 d
704 2493 841 2553 monibus
861 2492 971 2571 judicis
988 2494 1053 2553 lniei
1067 2513 1158 2575 repe-

142 2575 215 2629 tere.
231 2569 276 2632 lb.
294 2573 346 2631 Est
360 2581 461 2631 nutem
480 2570 537 2633 hoe
549 2573 681 2637 derisum
697 2577 796 2654 quood
812 2578 932 2638 clericos
952 2576 1124 2657 conjugatos
1140 2580 1157 2640 d

142 2654 220 2805 ῗὲξῦ
229 2656 427 2803 Ιῗέιιιιιιιίδιιιίε
440 2659 473 2719 in
486 2656 570 2719 enust
582 2659 714 2721 Aletrini
723 2659 940 2737 jurisdictionis
946 2659 995 2724 die
1002 2663 1040 2724 27
1053 2664 1156 2727 ltlnrtii
1225 2663 1228 2785 q

224 2785 232 2800 .
281 2760 335 2801 .n.
372 2784 379 2801 .

180 2828 306 2887 clericos
320 2835 385 2904 post
397 2826 601 2891 dimissionem
615 2830 760 2893 clerimlis
771 2832 860 2893 vestis
872 2832 1091 2897 committentes
1099 2835 1155 2898 de·

141 2912 266 2985 lictum,
282 2909 450 2988 iterumque
461 2912 542 2973 illum
555 2924 757 2986 resumentes,
767 2917 794 2977 si
805 2916 914 2993 ιὸσᾳιιο
925 2916 1156 2983 doloeetreude

141 2998 172 3059 id
186 2998 320 3079 egerint,
340 2995 467 3076 gaudere
488 2996 645 3075 privilegio
667 3005 782 3059 eertum
799 3007 855 3060 est.
877 2999 1014 3059 Vicissim
1037 3014 1155 3066 eonstnt

142 3082 201 3145 illis
213 3102 274 3147 non
287 3081 457 3161 suffragari,
472 3081 623 3160 elegerint
642 3100 711 3143 eum
723 3082 840 3145 froude.
854 3085 1035 3161 Cognoscere
1051 3096 1153 3153 temen

141 3165 180 3224 de
199 3167 305 3228 froude
326 3186 386 3229 non
399 3172 443 3227 est
450 3164 559 3244 judicis
574 3169 721 3229 saeeulrris
733 3213 743 3240 ,
757 3168 809 3229 sed
831 3169 1027 3233 ecelesiastici.
1043 3173 1151 3237 Utrimr
1224 3241 1225 3246 ,

141 3247 212 3307 vero
234 3250 272 3309 de
288 3252 391 3313 lmude
403 3252 458 3313 istd
483 3248 566 3330 pulsis
587 3261 723 3315 constare
740 3253 847 3315 debent
859 3254 897 3315 nd
917 3254 995 3330 hoo,
1009 3264 1044 3317 nt
1056 3256 1150 3335 judex

140 3330 231 3389 laicus
243 3335 334 3406 possit
352 3336 513 3411 procedere
534 3336 655 3401 realiter
669 3345 774 3401 contro
790 3339 868 3402 bone
887 3340 1006 3414 elerici,
1028 3346 1149 3421 qumstio

139 3420 183 3501 est
196 3413 276 3505 inter
289 3416 454 3493 Doctores,
478 3422 510 3483 in
529 3422 588 3499 qui
605 3423 781 3485 etlirmotive
799 3427 945 3489 sententia
964 3422 1079 3489 insilitis
1097 3429 1147 3491 od·

138 3498 278 3577 mittitur.
302 3496 395 3556 Porro
414 3502 448 3562 in
472 3505 610 3569 lrnudem
637 3526 789 3571 resumere
816 3509 951 3572 holitum
981 3521 1147 3573 censeretur

137 3564 211 3637 ¹¹¹⁰2
229 3575 279 3645 (1¹¹i
294 3584 360 3651 post
378 3581 513 3646 relictam
534 3598 648 3655 vestem
661 3594 833 3673 crimenque
843 3594 1033 3657 commissum
1045 3636 1054 3667 ‚
1067 3602 1145 3656 notus
