2475 3975
346 185 397 246 Eu
410 181 544 266 operibus
557 182 711 248 Benedicti
718 187 809 251 XIV.
1023 192 1078 257 sm

76 287 116 349 dc
131 283 325 363 testimoniis,
354 284 405 346 sed
429 287 526 363 ipsum
544 286 775 366 dispensandum
794 289 1000 369 interrogans,
1023 297 1081 357 nisi

77 370 212 450 alioquin
224 370 287 450 ipse
298 370 432 432 eamdem
447 371 601 433 veritatem
616 375 751 434 rescisset
766 395 776 451 ς
792 394 846 436 nec
862 385 981 436 tenetur
997 380 1082 442 illum

76 457 134 518 sub
148 455 318 534 juramento
337 457 540 533 interrogare,
558 466 591 518 ut
603 469 647 520 est
660 461 827 522 communis
842 462 999 524 doctorum
1015 483 1083 528 sen·

76 542 181 603 tentia.
192 541 311 602 lbid..n
328 543 377 602 54.

116 627 146 686 Si
160 636 259 686 tamen
272 626 342 686 laisa
366 639 496 688 narrare
508 626 737 726 dispensandum
758 631 894 703 sciverit,
914 649 975 693 non
988 639 1086 710 potest

75 711 114 771 ad
126 711 356 790 dispensandum
369 711 550 788 procedere,
565 713 623 776 nisi
646 713 675 772 id
688 715 777 774 sciret
792 733 829 776 ex
851 717 1084 800 precedentibus

78 794 267 874 dispensandi
284 796 534 871 confessionibus,
547 805 581 856 ut
595 815 630 856 ex
642 797 779 860 Sancbez
792 800 868 861 ibid.

116 882 151 940 lu
171 878 316 958 ejusmodi
337 879 562 982 dispensationis
576 881 685 941 litteris
698 883 856 944 mandatur
870 888 1035 965 executori,
1050 896 1085 948 ut

76 963 226 1044 dispenset
234 964 334 1026 auditi
344 963 427 1044 prids
441 966 644 1026 sacramentali
656 966 852 1038 consessione,
862 969 909 1029 ιι
901 988 931 1028 ιι
943 971 1004 1049 ipsa
1015 990 1085 1033 eon-

74 1049 222 1126 scssione3
238 1065 293 1110 nec
308 1049 436 1116 liberum
449 1059 492 1110 est
503 1049 545 1109 illi
558 1058 641 1110 extra
660 1012 872 1115 mutessioneiu
888 1069 954 1114 rem
965 1055 1084 1133 exequi,

79 1142 114 1194 ut
129 1151 233 1195 omues
247 1134 365 1196 docent.
379 1134 457 1196 ibid.
471 1153 503 1205 n.
518 1135 599 1196 55.-

115 1217 191 1278 Cdm
203 1219 397 1316 poenitentia
388 1237 419 1280 m
435 1221 541 1280 litteris
560 1215 720 1295 delinitur,
734 1238 768 1282 ea
784 1219 965 1305 iniungenda
981 1229 1042 1298 ιιις
1059 1223 1085 1282 si

75 1301 149 1362 rard
167 1303 370 1363 committatur
388 1299 513 1364 arbitrio
531 1305 723 1382 confessoris,
745 1323 806 1366 nou
827 1315 872 1366 est
895 1307 939 1366 illi
956 1307 1086 1367 liberum

75 1385 158 1450 etad
173 1385 357 1448 arbitrium
345 1385 523 1486 injungere,
542 1389 594 1448 sed
608 1389 644 1448 ad
659 1350 824 1492 prudentiae
839 1392 917 1469 leges
932 1391 1085 1490 dirigenda

76 1480 140 1544 est,
161 1488 265 1550 neque
277 1472 368 1536 nimis
390 1472 507 1552 rigida,
526 1491 625 1554 neque
642 1474 740 1536 lenior
757 1473 848 1555 quiam
866 1493 921 1558 par
939 1477 989 1537 sit.
1006 1475 1084 1538 ibid.

75 1557 172 1620 nst.
186 1557 236 1616 58.

78 1641 218 1739 Quoad
236 1640 395 1704 clausulam
418 1640 576 1706 dummodo
587 1644 630 1706 ait
648 1642 816 1721 ιιιιιιιιι,
839 1654 977 1708 censetur
991 1645 1086 1708 oecul-

76 1731 141 1785 tum
156 1726 180 1784 si
201 1723 317 1786 tantiam
335 1733 470 1823 septem,
495 1730 542 1788 vel
566 1738 633 1790 octo
650 1732 683 1791 in
701 1732 821 1791 civitate
840 1731 874 1790 id
887 1733 1031 1806 resciam3
1050 1731 1085 1790 in

76 1809 195 1888 oppidis
211 1807 323 1868 verb
299 1827 323 1868 sl
341 1810 489 1887 quinque,
509 1812 554 1870 vel
575 1829 646 1886 sex,
665 1832 755 1890 quam
768 1815 944 1875 senteutiam
960 1816 1085 1893 scripto·

74 1913 156 2043 iisd
134 1894 206 1974 ,qui
216 1900 349 2041 ιιιιιιιιιιι
360 1911 448 1956 sacroe
453 1857 689 1960 Poniteotiuiie
699 1896 793 1978 probe
806 1897 939 1970 norunt,
949 1905 1083 1985 tuentur.

112 2000 120 2043 ι
170 1998 201 2041 n.

114 2074 147 2149 Si
163 2070 234 2135 vero
250 2072 398 2135 occultum
413 2073 662 2153 impedimentum
680 2073 808 2152 inerit
798 2092 830 2136 an
843 2020 927 2147 loco,
941 2052 993 2136 ubi
1017 2092 1087 2137 exe-

76 2158 189 2220 cutioni
206 2157 371 2217 mandanda
398 2158 576 2235 dispensatio
595 2168 660 2234 ιιι,
683 2148 837 2239 pubiicum
853 2158 960 2220 verb
950 2178 982 2219 an
1001 2160 1084 2232 alia,

75 2244 130 2305 ubi
155 2243 343 2315 commissum
361 2252 406 2302 est
428 2243 591 2315 delictum,
605 2246 700 2303 tutius
723 2253 795 2305 tunc
816 2252 861 2303 est
883 2245 1085 2306 executionem

75 2326 274 2407 suspendere,
293 2326 372 2387 etde
386 2326 441 2389 bie
466 2328 599 2390 noviome
612 2346 725 2390 sacram
748 2330 1002 2391 Paenitentiariam
1021 2348 1086 2392 eer-

76 2415 185 2475 liorem
198 2413 302 2473 iacere.
315 2410 391 2473 ibid.
405 2431 438 2473 n.
451 2414 499 2474 46.

114 2498 263 2558 Delictum
283 2496 355 2559 olim
377 2496 549 2577 publicum,
573 2516 655 2561 nuuc
674 2500 838 2576 oecultum,
856 2501 880 2560 si
897 2499 915 2560 i
931 2499 982 2561 die
1003 2517 1085 2562 eom·

77 2582 158 2644 missi
172 2580 303 2643 criminis
317 2582 493 2644 decennium
507 2585 640 2664 elapsum
656 2586 695 2645 sit
705 2630 713 2655 ,
725 2584 763 2647 ad
779 2584 858 2645 bunc
868 2584 1005 2646 effectum
1017 2604 1086 2647 ceu·

77 2666 134 2737 seri
149 2667 297 2728 occalltum
312 2664 448 2745 judicant
467 2670 555 2746 periti
567 2688 671 2730 earum
689 2668 831 2745 theologi.
841 2668 885 2728 lb.
901 2686 932 2728 n.
947 2670 997 2729 48.

116 2752 146 2812 Si
158 2753 225 2831 quis
236 2769 300 2812 rem
317 2752 438 2812 vetitam
450 2754 642 2831 praestiterit,
657 2751 710 2813 sed
725 2751 844 2831 publice
859 2752 996 2813 credatur
1008 2752 1086 2813 obti-

78 2836 181 2897 nuisse'
201 2836 238 2896 ad
259 2836 289 2895 id
303 2836 493 2908 facultatem,
515 2836 605 2917 bujus
624 2837 776 2938 peceatum
791 2837 830 2899 ad
850 2836 930 2899 bunc
948 2838 1085 2899 effectum

79 2921 209 2981 ereditur
223 2921 382 2982 occuitum.
407 2922 438 2982 Si
463 2921 533 2983 verb
560 2924 741 2984 commisisse
758 2922 900 2984 delictum
918 2926 1082 3001 nesciatur,

79 3006 153 3067 sed
144 3014 298 3085 ignoretur
308 3006 377 3068 inde
390 3024 567 3087 consurgere
578 3009 842 3089 impedimentum,
852 3007 982 3086 profecte
994 3010 1086 3069 auul-

79 3096 144 3153 tum
160 3090 257 3169 quoad
270 3088 350 3151 hunc
365 3091 502 3153 eiiectum
516 3110 577 3153 non
590 3101 739 3154 censetur.
758 3090 835 3153 ibid.
851 3108 935 3153 num.
949 3093 1000 3154 48.

83 3176 251 3237 Clausala
263 3174 420 3244 dumoaodd
437 3173 580 3238 secudum
593 3175 637 3239 ait
647 3178 758 3270 erigit,
772 3183 807 3237 ut
820 3176 904 3238 nullo
913 3176 1004 3240 mado
1015 3196 1086 3260 pro·

79 3254 253 3339 baripossit.
265 3261 310 3321 lb
322 3280 353 3321 n
365 3264 413 3335 44.

116 3346 146 3405 Si
162 3346 302 3406 delictum
315 3329 475 3407 deductum
489 3346 528 3408 sit
543 3344 690 3407 odiorum
710 3348 928 3409 contentiosum
946 3348 1004 3410 is.
1018 3348 1086 3405 Por·

80 3428 249 3491 nitentiarii
267 3439 402 3491 censetur
413 3430 577 3510 publicum.
592 3432 623 3489 Si
636 3440 733 3490 tamen
747 3431 814 3491 data
828 3432 859 3491 in
869 3450 905 3494 eo
917 3430 1007 3491 luerit
1018 3444 1085 3487 sen-

80 3516 169 3575 tentio
186 3514 364 3577 absolutoria
379 3515 513 3576 criminis
524 3558 533 3587 ,
543 3531 597 3591 per
616 3530 705 3589 quam
717 3532 786 3573 reus
796 3524 931 3593 repertus
946 3513 985 3569 sit
998 3510 1086 3569 inno-

80 3612 164 3678 ⁰auus,
180 3599 462 3683 etuouculpabilis,
474 3599 523 3661 vel
535 3616 572 3659 ex
581 3594 722 3658 hactenus
736 3598 870 3659 deductis
880 3612 941 3657 uon
951 3600 1088 3671 repertur
