2475 3975
367 142 417 200 Ea
430 137 565 220 operulas
579 136 731 200 Benedicti
742 141 776 200 X
775 141 793 200 l
798 142 832 200 V.
942 197 946 203 .
1047 146 1117 206 277.

98 249 130 302 ut
155 243 293 304 omnibus
312 242 419 321 praesto
438 261 499 302 esse
516 241 628 320 possint
640 286 649 313 ,
663 261 730 320 qnae
747 241 891 320 delegatio
910 250 1005 306 morte
1025 246 1106 306 dele·

98 329 193 404 gantis
219 347 279 388 non
307 329 445 406 expiret,
468 327 519 388 sed
536 335 704 404 perseveret
720 345 813 405 usque
834 328 871 386 ad
893 341 1103 407 superventum

99 413 166 472 novi
183 414 334 491 praesulis,
350 412 434 491 cujus
451 413 483 473 in
503 411 626 472 arbitrio
647 420 692 472 est
713 429 763 472 eos
781 411 977 484 confirmare,
992 415 1039 475 vel
1058 433 1105 474 re·

98 497 226 558 anovdre.
241 499 338 571 Qtrare
357 515 458 558 novus
480 495 599 575 quidem
623 496 729 576 praesul
744 514 866 574 poscere
882 497 972 558 debet
990 497 1009 558 a
1029 501 1106 558 Pon-

99 579 177 640 tifice
195 583 329 644 eanrdem
344 583 533 654 facultatem,
556 599 616 641 non
636 581 707 641 verd
725 580 849 660 delegati
868 582 935 653 illi,
954 583 1025 661 qnia
1044 602 1107 662 per·

96 675 210 726 severat
229 668 261 726 in
283 668 341 726 illis
359 667 466 744 prioris
491 667 626 744 Episcopi
644 665 810 745 delegatio,
829 667 870 726 ita
891 668 1037 728 Pontifex.
1060 669 1105 728 lb.

136 753 168 812 Si
191 759 291 812 tamen
314 753 421 830 praesul
438 769 473 811 ex
495 751 556 810 anal
571 751 695 810 Ecclesia
723 751 916 811 transferatur
937 752 971 812 in
993 753 1106 826 aliam,

62 837 63 841 ’
97 837 174 898 nova
187 837 299 915 indiget
315 837 472 912 facultate,
487 837 557 914 quia
577 835 661 914 prior
682 835 727 896 illi
748 835 816 896 data
837 836 895 896 fuit
917 837 1107 915 pmeedentis

96 921 231 982 dioecesis
251 923 374 982 intuitu.
589 985 592 992 Α
750 970 754 974 .

135 1007 220 1066 Ritus
243 1005 332 1084 hujus
345 1004 558 1066 benedictionis
575 1001 781 1084 impertiendae
800 1001 926 1064 habeam
945 1004 1107 1086 descriptas

96 1090 128 1150 in
147 1090 249 1152 cidem
269 1093 433 1176 Encycligd.

135 1178 207 1236 Tres
219 1177 438 1236 Benedictiones
453 1175 632 1254 impertiant
647 1175 774 1236 abbates
794 1175 944 1252 regulares
956 1193 993 1236 ex
1006 1175 1108 1237 decre·

95 1261 133 1318 tis
145 1256 291 1320 Alexand.
311 1262 383 1322 Vll.
400 1262 563 1334 inmissis,
584 1261 733 1338 vesperis,
752 1269 783 1321 et
796 1259 949 1319 matutinis
967 1261 1109 1341 solemni·

95 1343 162 1404 aas.
175 1346 209 1404 ln
224 1345 319 1404 missis
332 1346 455 1422 privatis
468 1344 543 1403 nihil
558 1363 647 1422 supra
658 1345 789 1421 reliquos
798 1343 960 1402 sacerdotes
969 1343 1107 1406 illiseon·

95 1437 277 1530 cessamQt.
290 1433 332 1490 Ex
343 1429 450 1492 iisdem
462 1429 598 1490 decretis.
613 1431 687 1490 lost.
704 1430 813 1492 Eecles.
825 1430 876 1489 54.
889 1446 922 1488 te
937 1431 989 1488 to.

481 1561 722 1660 caramerum

133 1771 315 1832 Beneficium
336 1771 360 1830 si
376 1765 445 1848 quis
460 1770 629 1830 fraudaverit
653 1769 691 1829 de
713 1765 774 1830 suis
799 1772 886 1832 bonis
903 1768 972 1834 enm
1000 1781 1106 1852 paeto,

94 1865 129 1916 nt
149 1858 212 1935 ipse
229 1867 381 1934 tamquam
395 1855 585 1916 beneficiatus
603 1854 664 1914 illis
678 1854 813 1927 duatus,
829 1866 893 1914 tum
910 1867 976 1932 post
993 1858 1117 1937 obitum·

70 1974 74 1989 v
93 1960 183 2003 saum
196 1942 247 2021 jus
265 1940 438 2024 patronatris
460 1948 589 2001 transeat
600 1940 637 2000 ad
650 1937 800 2011 haeredes,
821 1957 1001 2019 quamquam
1019 1943 1109 2003 simo·

94 2030 214 2089 niseum
228 2028 260 2089 id
275 2028 376 2089 audiat
388 2026 597 2105 apud.multos
609 2047 619 2103 3
631 2035 763 2086 attamen
776 2026 814 2085 ab
827 2044 861 2086 ea
881 2026 948 2086 labe
971 2028 1108 2087 immune

93 2112 207 2173 censeri
232 2122 352 2191 potest;
375 2112 575 2189 nequeenim
599 2110 671 2170 satis
697 2128 760 2170 esse
782 2110 963 2171 discriminis
985 2123 1108 2189 apparet

93 2197 178 2257 inter
200 2214 269 2257 eum
286 2198 339 2274 qui
357 2197 461 2256 scandat
481 2194 660 2255 beneficium
682 2212 750 2253 eum
769 2203 874 2271 pacto,
892 2202 928 2253 ut
941 2197 1109 2257 conferatur

93 2283 160 2343 lilio
175 2300 252 2355 suo,
272 2292 328 2343 ete.
341 2291 371 2342 et
383 2282 469 2341 illam
488 2280 539 2358 qui
553 2280 619 2339 vult
635 2280 691 2340 sibi
702 2280 828 2339 conferri
839 2301 849 2355 3
861 2280 1012 2360 utrimque
1025 2283 1106 2343 enim

94 2376 217 2448 paetum
236 2368 389 2437 adest,ita
403 2384 440 2427 ea
458 2364 586 2425 Pitonia.
602 2366 700 2425 lnstit.
715 2366 822 2425 Eccles.
841 2366 891 2426 95.
903 2384 934 2425 a.
946 2369 976 2428 7.

134 2452 166 2513 si
180 2454 246 2531 quis
265 2452 337 2514 veria
350 2448 461 2513 'offerat
479 2451 555 2511 bona
572 2452 604 2511 in
619 2460 811 2529 augmentum
820 2450 955 2512 beneficii
967 2452 1031 2531 jam
1042 2470 1109 2515 ere-

95 2540 155 2611 cti,
170 2556 225 2599 nce
240 2548 340 2599 tamen
363 2535 534 2617 patronatfas
548 2534 597 2613 jus
615 2537 764 2613 acquirat,
779 2546 852 2596 tunc
871 2537 975 2615 pacisci
987 2558 1048 2599 non
1060 2560 1110 2617 po

95 2633 174 2705 test,
196 2635 231 2687 ut
247 2627 304 2687 sibi
325 2625 502 2686 heneficium
530 2622 605 2684 illud
624 2622 819 2696 conferatur,
837 2632 872 2682 ut
889 2640 926 2682 ex
945 2625 1016 2701 Cap.
1043 2628 1108 2686 Tuo

96 2727 174 2783 stoa,
192 2710 230 2771 de
243 2710 380 2771 simonia.
392 2709 468 2771 ttid.
480 2728 512 2769 a.
529 2711 579 2769 ta.

136 2798 280 2858 Patronus
295 2814 356 2857 nan
379 2802 480 2875 potest
495 2812 526 2855 se
546 2801 723 2874 praesentare
742 2792 780 2855 ad
797 2793 994 2869 heneficium,
1014 2804 1050 2857 at
1073 2814 1109 2856 cx
1195 2857 1198 2864 ,

96 2885 169 2961 Cap.
183 2884 386 2955 Peroostros,
397 2879 514 2959 dejure
529 2880 721 2959 petronacis,
737 2880 788 2940 sed
804 2889 902 2958 potest
914 2897 1017 2957 rogare
1027 2881 1110 2959 Epis·⁴

97 2986 227 3046 copam,
243 2975 278 3027 nt
295 2967 319 3026 si
333 2967 502 3027 inveniatur
522 2962 650 3045 dignus,
668 2966 725 3025 sibi
739 2965 814 3025 illud
827 2966 957 3025 conferat
968 2984 978 3040 ς
990 2964 1052 3025 sive
1063 2965 1110 3025 de-

96 3051 149 3111 lret
160 3051 209 3129 jus
228 3050 400 3129 patronatfas
415 3069 502 3111 suum
522 3052 607 3111 alteri
626 3050 738 3111 donare
755 3050 913 3126 donatione
931 3047 1043 3109 sincera
1055 3068 1109 3121 ,ex

97 3138 156 3213 qud
177 3137 240 3214 ipse
259 3134 402 3214 perpetuo
417 3136 582 3214 expolietur
596 3134 666 3213 jure
687 3135 805 3213 patroni
819 3178 827 3205 ,
842 3132 962 3211 quando
976 3132 1109 3195 donatio·

97 3238 169 3279 nem
187 3220 395 3299 approbaverit
410 3221 588 3299 Episcopus,
611 3220 660 3280 vel
678 3220 781 3280 saltem
804 3218 962 3295 Episcopus
977 3223 1109 3279 conferat

97 3304 197 3365 eidem
215 3305 325 3381 absque
343 3305 452 3382 praeviat
464 3305 691 3382 praesentatione
703 3301 900 3375 beneficium,
917 3311 948 3363 et
960 3304 1110 3364 beneficia·

98 3399 148 3451 tus
160 3390 236 3451 illud
250 3398 400 3468 acceptet,
415 3396 481 3449 tum
499 3400 565 3469 post
576 3392 764 3451 collationem
781 3389 845 3468 ipse
856 3398 976 3467 praestet
988 3402 1110 3449 eonsen-

97 3492 165 3535 sum
187 3494 285 3535 saum.
300 3475 397 3535 Instit.
411 3475 487 3533 Eecl.
503 3477 551 3535 95.
568 3492 602 3534 n.
619 3476 649 3533 d.

133 3560 284 3620 -Bencfeia
300 3558 482 3635 resignantes
494 3558 549 3635 sab
567 3558 710 3636 pensione
724 3600 733 3632 ,
747 3559 777 3631 si⁴
790 3558 866 3619 clam
879 3562 997 3694 ριιιέιιιι
1017 3550 1113 3610 inive-

145 3647 227 3705 Tota.
239 3645 298 3704 IX.
455 3679 462 3692 ι
918 3642 937 3698 2
1021 3686 1026 3692 .
