2475 3975
371 197 422 257 Ex
437 194 573 279 operibus
583 192 737 257 Beuedteo·
749 197 840 259 XIV.
1052 202 1106 263 lll

102 302 316 366 consuetudine
337 306 369 364 in
395 305 595 375 eontrarium,
620 313 655 381 ut
676 313 741 382 post
763 304 888 381 diligens
913 324 1034 366 examen
1059 307 1112 367 de-

99 397 214 449 cretum
238 398 303 463 est,
331 390 514 468 approbante
535 388 653 451 Urbem
680 390 770 451 VIII.
797 388 870 448 ibid.
888 409 919 451 n.
932 392 989 460 25,
1007 392 1038 451 in
1051 410 1110 469 quo

99 472 189 532 etiam
210 472 326 533 decreto
346 475 506 544 statuitur,
524 474 656 534 licentias
680 473 821 533 moniales
837 482 840 487 ’
854 473 918 533 illas
941 474 1108 550 alloquendi

98 556 238 644 petendas
254 575 316 622 esse
334 558 373 624 ab
386 559 546 638 Episcopo,
563 576 624 619 non
644 556 715 619 verb
728 556 745 617 b
756 557 911 635 seueritate
929 558 1069 637 regulari,

447 734 551 798 MONS
572 728 754 795 PIETATIS.

137 901 173 963 Io
186 903 338 964 montibus
349 905 466 983 pietatis
488 904 528 966 de
550 922 628 966 novo
646 904 794 984 erigendis
807 906 885 967 nibil
901 906 982 966 ultra
1000 911 1110 966 sortem

98 986 177 1065 exigi
200 998 296 1067 potest
321 989 444 1065 abiis,
466 992 518 1069 qui
537 998 677 1051 mutuum
706 990 743 1052 ab
765 1006 800 1051 eo
827 990 997 1069 accipiunt,
1020 991 1110 1049 etiam

1 1073 2 1076 ’
99 1072 191 1131 tilulo
215 1091 438 1151 expensarum,
465 1074 528 1137 nisi
558 1070 725 1155 apostolicos
753 1074 836 1138 Sedis
864 1072 1109 1156 dispensatum,

39 1170 43 1174 ·
99 1163 184 1214 ulex
205 1158 323 1218 decreto
342 1159 373 1217 S.
394 1162 537 1240 congreg.
560 1160 685 1221 Consilii
700 1160 731 1219 in
751 1160 835 1221 must
851 1159 1042 1237 Neapolitani
1063 1158 1112 1217 die

99 1241 120 1299 t
143 1240 286 1303 icbrurrr'i
305 1244 391 1315 loo7.
412 1244 456 1304 be
477 1244 652 1324 syndicus.
672 1245 693 1304 l.
717 1245 766 1305 lo.
787 1262 851 1323 cap.
869 1248 899 1307 11.
923 1262 954 1305 n.
975 1248 1005 1305 lt.
1030 1243 1110 1303 Sicut

97 1343 197 1403 neque
221 1326 331 1405 ubsque
355 1328 539 1407 beneplacito
562 1328 695 1406 ejusdcm
719 1329 801 1389 Sedis
816 1332 883 1409 plns
899 1330 975 1408 exigi
993 1336 1108 1409 potest,

99 1408 191 1487 quim
212 1420 298 1475 antea
317 1412 408 1474 suerit
428 1424 620 1489 consuetum,
639 1414 753 1475 etianni
771 1412 826 1473 boo
849 1423 1042 1494 augmentum
1059 1430 1112 1473 ne·

99 1496 261 1558 cessarium
288 1508 441 1559 censeatur
462 1517 517 1578 pro
537 1498 751 1559 sustentatione
773 1500 1001 1569 ministrorum,
1022 1504 1056 1555 ut
1073 1512 1110 1555 ex

98 1581 159 1640 alio
176 1581 295 1645 decreto
307 1585 337 1643 S.
350 1585 458 1665 congr.
474 1584 547 1645 ibid.
566 1604 598 1646 n.
611 1587 642 1646 9.
653 1586 684 1645 Si
697 1584 770 1646 verb
783 1586 851 1664 plus
862 1586 1007 1663 exipotun
1022 1580 1111 1660 quim

98 1682 175 1743 opus
188 1669 227 1727 sit
241 1668 278 1728 ad
296 1687 436 1748 apansa
447 1672 621 1731 necessarias
633 1714 641 1743 ,
653 1678 772 1734 tenetur
793 1670 953 1749 Episcopus
965 1665 1111 1729 moderari

97 1749 171 1809 istas
192 1767 317 1828 usuras3
332 1756 425 1812 tulius
447 1760 493 1812 est
511 1764 610 1818 sutem
632 1752 714 1830 qubd
733 1754 865 1813 consulat
884 1754 922 1812 de
935 1752 993 1823 bde,
1012 1768 1046 1811 re
1063 1769 1110 1821 su·

97 1850 181 1893 erum
203 1834 313 1913 Congr,
332 1835 376 1909 lb
391 1855 423 1908 n,
440 1838 471 1895 5.

521 2011 687 2076 butera.

139 2181 263 2245 Melsos
285 2184 469 2263 pecuniarias
489 2185 648 2262 Episcopus
671 2182 728 2243 sibi
751 2181 887 2244 addicere
913 2197 974 2243 non
994 2189 1110 2260 potest,

101 2269 290 2346 quantumvis
310 2287 422 2352 pauper
441 2270 504 2341 sit,
526 2270 589 2329 sine
614 2267 732 2329 licentid
755 2267 840 2328 Sedis
864 2268 1056 2347 apostolice,
1078 2275 1112 2328 ut

102 2369 138 2412 ex
160 2353 297 2430 pluribus
313 2354 496 2430 argumentis
516 2355 546 2414 S.
564 2355 742 2432 Congrcgat,
760 2352 908 2413 evincitur
919 2351 951 2412 in
969 2360 1054 2412 tract.
1069 2352 1111 2412 lle

102 2439 177 2515 Syn.
192 2438 315 2500 dissei.
334 2431 382 2498 to.
398 2458 424 2501 c.
448 2441 495 2499 l0.
512 2458 543 2499 n.
566 2441 596 2499 2.
623 2437 678 2498 Sed
704 2437 813 2498 debent
833 2439 864 2499 in
883 2453 954 2498 usus
972 2439 1039 2516 pios
1060 2453 1111 2496 exa

101 2522 204 2599 pendi.
225 2521 319 2584 llnltb
337 2525 429 2602 magis
449 2542 508 2584 non
522 2530 646 2603 possunt
660 2522 717 2584 nisi
739 2524 771 2583 in
788 2523 853 2601 pios
877 2541 948 2583 usus
971 2520 1110 2600 applicari

32 2614 35 2617 ’
103 2605 164 2666 ille
182 2607 319 2684 mulctae,
332 2627 406 2685 quas
418 2609 627 2669 Tridentiuum
647 2607 757 2670 inflixit
769 2609 883 2668 clericis
902 2625 962 2668 nou
980 2606 1111 2668 residen-

103 2690 202 2761 tibus,
219 2699 272 2751 aut
288 2693 516 2753 concubinariis:
530 2692 607 2752 lbid.

143 2774 174 2834 Si
187 2791 260 2852 quas
276 2775 348 2837 verb
362 2777 486 2836 mulctas
499 2777 662 2837 dioecesana
687 2769 824 2858 synodus
843 2773 930 2836 alicui
947 2781 1029 2836 certo
1047 2775 1111 2837 loco

104 2859 155 2938 pio
169 2860 386 2937 applicaverit,
403 2862 537 2940 Episcopi
555 2880 614 2921 nen
628 2871 751 2942 possunt
769 2862 833 2922 illas
849 2861 905 2920 sibi
922 2861 1057 2922 obtinere
1074 2860 1111 2920 ab

103 2945 262 3022 apostolice
274 2945 365 3015 Sede,
380 2949 494 3008 etiamsi
505 2949 566 3008 siut
579 2965 739 3028 pauperes,
762 2947 831 3025 ouria
847 2946 936 3006 Sedes
953 2947 1109 3025 apostoliea

101 3028 164 3107 juri
181 3030 265 3089 alteri
277 3030 400 3108 qnoesito
413 3032 618 3110 prejudicium
636 3049 696 3093 non
713 3033 813 3092 infert.
828 3029 903 3090 lbid.
918 3049 949 3090 n.
963 3032 993 3090 5.

143 3115 200 3174 Has
211 3114 282 3176 verb
295 3117 438 3188 mulctas,
458 3129 615 3196 antequam
627 3117 813 3196 applicentur
831 3133 891 3176 susc
900 3115 1087 3176 destinationi
1100 3159 1109 3186 ,

106 3201 293 3278 deponendas
315 3219 378 3263 csse
391 3220 483 3281 penes
499 3202 771 3263 administratorem
788 3200 905 3262 fidelem
922 3201 1008 3278 jussit
1027 3200 1058 3259 S.
1075 3201 1108 3259 C.

105 3283 203 3429 {aaut
216 3284 368 3429 Ειέογιϋιὸ
387 3286 425 3348 ad
443 3305 546 3361 omnes
560 3289 740 3369 Episcopus,
756 3286 805 3348 die
825 3288 845 3347 lt
864 3285 1004 3348 februarii
1022 3283 1108 3342 1678.

140 3387 149 3428 ι
174 3383 231 3428 ιιι.
267 3410 276 3429 .
