2475 3975
246 174 319 255 Cap.
334 173 363 233 2.
378 173 424 234 De
435 179 618 236 samanrmto
634 173 748 240 ordinis
762 175 792 239 in
804 193 916 272 ponere.
1035 183 1093 243 215

75 271 298 352 sumptionem,
313 273 371 350 qui
389 290 449 333 non
466 282 585 334 vocotus
598 275 630 334 in
644 293 759 336 sacrum
782 279 1021 340 ministeriumse
1042 283 1090 342 in·

73 358 191 430 trudit,
208 365 243 417 ut
261 357 303 415 ait
315 359 348 418 S.
360 355 539 418 Ameimas:
551 359 612 432 Qui
622 359 701 419 enim
712 379 742 421 se
755 360 880 443 inperii,
894 371 922 423 ct
936 364 1088 445 propriam

70 437 202 523 pioriam
216 439 343 519 porterit,
355 443 463 523 pratia
476 440 536 502 Dei
551 442 693 522 rapinam
705 442 797 524 facit;
816 455 844 506 et
869 446 932 510 idad
943 465 1003 507 non
1014 452 1089 510 cas·-

72 525 120 605 pit
132 523 379 596 benedictionem,
398 523 449 587 sed
463 522 695 590 maledictionem
707 551 718 588 .·
729 527 794 594 cum
805 529 843 592 ob
860 547 1000 610 magnum
1016 533 1089 610 peri·

73 609 177 670 culum
203 608 420 679 damnationis,
444 611 491 669 cui
507 628 539 670 se
563 615 709 690 exponit,
727 622 762 674 ut
789 615 937 694 sapienter
953 615 1089 692 loquitur

73 693 235 772 Episcopus
250 686 352 773 Atettp
367 715 379 753 .·
393 693 556 766 Quercens
567 740 576 768 ‚
587 695 674 758 realia
685 695 796 766 divina
811 697 973 760 vocationis
984 697 1089 760 itabile

71 779 210 851 ratione,
224 792 254 839 se
266 778 300 837 in
315 777 508 839 sacerdotium
523 779 704 854 intruderet,
723 781 804 844 iaad
818 781 903 846 dabie
915 783 1043 865 seipsam
1055 785 1089 842 in

71 866 212 944 opertam
229 858 337 923 sciatis
352 860 508 924 discrimen
526 863 669 944 injiceret.
686 869 722 926 Et
740 867 822 928 tanto
844 869 935 946 magis
958 869 1087 947 graviter

71 947 357 1026 peccautEpiscopi,
376 948 427 1025 qui
450 949 523 1008 tales
545 947 582 1008 ad
604 949 725 1009 ordines
741 949 919 1022 admittunt,
939 961 1087 1028 transgre-

70 1031 183 1094 diendo
197 1038 377 1111 pracceptum
389 1032 464 1093 illud
480 1033 612 1110 Apostoli
628 1035 762 1094 :Manus
774 1034 830 1095 citd
843 1051 879 1094 aa
893 1031 1085 1114 imposueris,

71 1135 166 1197 neque
189 1115 449 1192 communicaveris
459 1120 585 1198 peccatis
602 1115 720 1180 alienis.
736 1122 764 1180 l.
783 1119 859 1181 Tim.
872 1120 900 1178 5.
914 1119 985 1192 Quae
998 1118 1087 1177 verba

71 1218 224 1281 exponens
234 1202 267 1262 S.
281 1201 355 1277 Leo,
369 1198 507 1282 Epistola
526 1204 555 1264 i.
575 1201 664 1283 (alitis
683 1203 745 1282 87.)
758 1201 799 1264 ad
816 1199 911 1282 Afric.
935 1204 965 1262 2.
989 1202 1085 1262 dicits

73 1285 156 1361 Quid
172 1286 442 1347 estcommanirare
451 1285 577 1366 peccatis
591 1285 716 1361 alienis,
734 1288 796 1350 nisi
813 1284 902 1349 taicm
913 1284 990 1368 effici
1005 1285 1087 1348 ordi·

70 1380 213 1443 steritem,
237 1367 337 1452 qaaiis
357 1377 401 1430 est
418 1367 469 1430 itte
487 1371 541 1452 qai
558 1389 619 1431 aon
635 1372 745 1433 merait
754 1371 891 1434 ordinari
900 1379 916 1432 t
928 1371 996 1433 tuce
1013 1373 1044 1432 in
1058 1391 1084 1431 c.

70 1451 205 1528 Nullas,
221 1454 290 1515 dist.
303 1455 353 1515 ii.
369 1454 508 1515 universe
523 1456 674 1536 Episcopis
684 1457 856 1538 precipitur
867 1502 876 1532 ,
887 1453 999 1521 Nolim
1011 1455 1085 1519 ordi·

70 1547 177 1613 rietur,
192 1538 254 1601 nisi
263 1538 405 1621 probatas
415 1537 519 1619 faerit.
1093 1561 1099 1574 ·

105 1627 158 1686 ii.
170 1657 209 1670 -
221 1625 319 1686 Refert
327 1623 375 1686 hic
383 1634 483 1686 autem
491 1624 548 1686 uni
556 1626 794 1691 simuiannotare
804 1674 812 1701 ‚
821 1631 943 1710 quinam
954 1645 990 1689 ex
1008 1643 1085 1705 proc·

71 1707 158 1770 dictis
169 1707 323 1787 illegitimi
330 1707 458 1770 ordinati
468 1712 691 1788 suspensionem
702 1714 764 1790 ipso
773 1715 848 1774 iacto
858 1716 1021 1773 incurrant.
1033 1714 1084 1771 ln-

70 1793 291 1872 currunti.qui
300 1793 475 1855 ordinantur
485 1795 550 1854 sinc
559 1795 734 1855 dimissoriis
743 1797 1011 1868 suiOrdinarii,vcl
1020 1798 1084 1855 sine
1106 1843 1111 1856 .

70 1877 134 1954 ojus
144 1877 254 1938 litteris
267 1875 533 1949 testimonialibus,
552 1876 622 1936 cirm
635 1878 813 1938 ordinantur
824 1880 861 1939 ab
876 1881 1018 1957 Episcopo
1031 1879 1084 1938 bo-

70 1962 182 2024 neficii.
196 1962 227 2023 2.
244 1961 302 2036 Qui
323 1961 427 2023 eodem
449 1961 498 2021 die
515 1961 589 2023 duos
601 1969 698 2024 saeros
722 1962 841 2025 ordines
863 1963 1082 2041 suscipienti.

70 2047 126 2120 Qui
140 2047 320 2110 ordinantur
335 2056 416 2108 extra
427 2056 574 2126 tempora.
586 2050 615 2108 l.
629 2049 687 2123 Qui
702 2050 880 2111 ordinantur
893 2049 930 2109 ab
941 2050 1083 2127 Episcopo

70 2142 212 2193 manente
226 2133 258 2192 in
272 2132 367 2190 alicua
376 2130 515 2204 dioecesi,
534 2134 598 2192 sine
610 2134 729 2193 licentia
745 2134 880 2211 Episcopi
893 2134 962 2193 loci.
981 2135 1009 2192 a.
1024 2134 1083 2206 Qui

69 2218 199 2276 scienter
213 2214 390 2274 ordinantur
402 2222 471 2273 ante
482 2215 644 2293 legitimam
656 2224 782 2276 aetatem.
797 2218 827 2276 6.
835 2218 892 2290 Qui
907 2216 1084 2277 ordinantur

69 2316 124 2375 pcc
137 2296 267 2369 saltum,
283 2296 390 2356 omisso
402 2296 507 2357 ordine
522 2299 711 2377 praecedenti.
722 2300 804 2361 tude
818 2302 923 2361 ultimo
936 2300 1015 2375 loco,
1030 2302 1081 2381 qui

70 2382 229 2443 ordinatur
245 2398 300 2460 per
313 2380 469 2441 simoniam
479 2404 488 2458 3
499 2382 548 2444 hic
558 2387 639 2445 enim
650 2395 750 2446 manet
764 2386 826 2465 ipso
836 2387 911 2448 iacto
924 2404 1080 2466 suspensus
1132 2450 1135 2459 ,

71 2466 108 2525 ab
121 2467 228 2528 ordine
249 2465 410 2527 simoniaci
429 2480 564 2547 suscepto
578 2514 587 2543 ‚
603 2478 634 2531 et
654 2471 815 2550 impeditur
834 2472 872 2532 ab
896 2473 1079 2535 ascendendo

71 2548 107 2608 ad
126 2552 294 2628 superiores
306 2571 316 2627 ς
330 2550 360 2611 id
381 2561 479 2612 tamen
499 2572 560 2615 uon
578 2558 690 2633 currit,
710 2558 734 2616 si
759 2558 886 2617 simonia
909 2558 946 2621 ab
961 2560 1019 2623 alio
1040 2560 1078 2620 sit

72 2636 242 2713 commissa,
255 2635 411 2716 ignorante
420 2639 557 2701 ordinato
569 2639 658 2719 (Vide
667 2639 687 2701 t.
704 2644 734 2701 t.
746 2658 779 2701 n.
791 2640 886 2717 tom).

476 2820 598 2881 caput
620 2822 673 2919 lli.

385 2996 422 3041 DE
440 2998 590 3043 ottulmous
611 3000 641 3044 ΙΝ
661 3000 764 3045 seuere.

451 3151 658 3213 ARTICULUS
671 3154 696 3211 l.

380 3316 437 3392 De
452 3318 569 3427 prima
586 3318 764 3395 Tonsura.

79 3499 146 3562 (laid
154 3502 248 3571 prima
260 3505 409 3558 tonsam?
421 3512 446 3559 et
455 3520 493 3558 aa
504 3508 540 3559 ait
553 3508 650 3560 ordo?
663 3510 735 3573 Quid
748 3510 845 3582 siquis
857 3512 1005 3565 ordinatur
1017 3510 1075 3563 sinc

139 3577 283 3632 Tomara?
291 3582 333 3635 tt.
342 3577 493 3647 Prioilrpia
504 3581 701 3636 tonsuratite.
711 3586 750 3639 Dr
761 3584 929 3652 obtinatione
939 3583 1076 3648 deserendi
