2475 3975
145 187 206 251 toa
341 178 759 269 Epitomeduetriuomomlis
774 182 958 244 ateunooice

144 296 220 350 etam
235 304 297 350 non
308 289 405 349 vetuit
416 332 425 363 ,
436 305 508 367 quus
519 295 619 347 tamen
636 286 784 346 celebrare
804 285 892 346 debet
910 283 1044 347 sacerdos
1067 284 1156 363 ierit
1212 310 1213 323 ι

132 374 237 433 ritum
252 373 403 445 Ecclesiae,
416 390 509 451 quara
530 370 625 433 tribus
641 370 745 430 diebus
767 370 886 447 majoris
899 370 1099 431 Hebdomadis
1109 374 1157 431 in·

122 520 126 526 ,
145 458 342 519 termittendse
351 466 432 519 sunt.
442 457 517 519 ibid.
528 474 593 536 cap.
606 458 657 517 nt.
670 473 701 516 ιι.
711 456 754 530 5.,
763 456 858 517 lustit.
871 456 978 519 Eccles.
994 458 1044 516 ot.
1056 475 1089 517 n.
1103 459 1155 519 Ei.
1212 478 1213 531 j

181 541 340 623 Episcopus
365 551 461 621 potest
477 542 597 621 quidem
615 540 734 601 visitare
749 538 927 619 parochiales
942 540 1082 601 Eccloeias
1104 560 1157 602 re·
1212 538 1213 545 ³

142 625 310 706 auianum,
330 624 476 687 scd-naim
493 628 586 704 possit
608 626 698 686 etiam
719 638 927 703 recognoscere
951 624 989 685 de
1013 626 1159 689 oneribus
1212 640 1213 667 ³

143 710 319 783 missarum,
336 728 375 770 un
394 711 456 772 sint
474 711 615 789 impleta,
631 710 773 789 requisita
783 710 840 769 luit
852 710 883 769 S.
898 711 1090 789 congregatio
1104 756 1113 782 ,
1127 722 1158 785 et

143 794 276 855 noudum
299 794 412 874 prodiit
429 813 615 879 responsum.
633 796 732 856 Potest
750 804 848 860 mmea
872 795 1030 873 Episcopus
1055 795 1156 873 inqul-

142 893 228 952 rere‚
247 876 321 939 usim
341 879 486 959 parochus
506 882 650 959 regularis
668 880 791 958 singulis
808 878 914 940 diebus
926 879 1006 939 iestis
1030 896 1085 958 pro
1100 900 1157 958 po·.
1212 954 1213 957 Ἴ

143 962 214 1041 pulo
232 960 442 1039 celebraverit,
468 966 536 1027 crim
555 966 587 1027 id
604 974 760 1029 concernat
780 982 882 1027 curam
905 964 1091 1038 animarum,
1116 964 1155 1026 de

145 1048 202 1127 qud
217 1046 267 1127 jus
287 1059 331 1111 est
355 1051 528 1131 inquirendi
552 1052 695 1130 Episcopo
715 1050 746 1111 in
765 1049 943 1113 visitatione.
968 1050 1013 1107 De
1038 1049 1153 1127 Synod.
1212 1064 1213 1139 p

144 1132 231 1195 dioec.
245 1134 297 1195 lib.
311 1137 361 1196 ld.
376 1137 508 1215 capuit.
523 1154 555 1196 u.
568 1138 597 1196 o.
619 1138 672 1195 Fas
692 1144 736 1195 est
754 1143 852 1195 tamen
874 1134 1016 1213 Episcopo
1031 1134 1156 1196 uisitare

144 1218 396 1280 confraternitates
409 1220 554 1281 laicorum
568 1220 601 1280 iu
616 1220 751 1281 Ecclesiis
771 1218 954 1296 regularium
976 1225 1086 1277 erectas
1098 1262 1108 1290 ,
1122 1227 1154 1279 et
1212 1214 1213 1297 l

144 1302 236 1365 altare
248 1349 257 1377 ‚
271 1305 296 1365 si
317 1306 376 1365 illis
396 1305 543 1367 incumbit
562 1323 638 1365 onus
658 1304 888 1377 manutenendi,
902 1311 933 1363 et
948 1319 1036 1363 onem
1051 1302 1156 1363 missa·

142 1406 229 1461 rum,
246 1391 283 1453 ad
304 1410 370 1472 quse
388 1391 644 1456 confraternitates
657 1391 716 1459 ille
737 1398 899 1464 tenantur,
916 1398 951 1451 ut
971 1406 1008 1453 ox
1031 1388 1153 1452 decreto
1212 1462 1213 1467 ἵ

143 1473 173 1533 S.
186 1477 439 1554 Coogrcgationis.
454 1476 531 1538 ibid.
542 1495 575 1537 n.
586 1479 617 1538 o.
714 1480 716 1483 ’
1212 1470 1213 1487 ’

180 1558 211 1617 Si
225 1568 345 1618 testator
355 1560 456 1618 missas
470 1561 626 1637 reliquerit
635 1558 793 1639 quotannis
805 1558 992 1621 celebrandas
1007 1558 1039 1619 in
1053 1560 1157 1622 diocles

142 1641 193 1702 siis
211 1642 412 1720 regularium,
426 1651 457 1702 et
474 1640 584 1703 haeredi
598 1662 652 1704 suo
666 1645 834 1724 permiserit
844 1689 852 1718 ,
864 1654 897 1706 ut
913 1644 1046 1723 designet
1055 1659 1156 1707 sacer·

142 1728 240 1787 dotem
254 1772 262 1799 ,
276 1746 331 1808 per
343 1745 433 1806 quem
447 1726 590 1790 celebrari
610 1728 758 1803 debeant,
778 1746 840 1791 non
858 1739 981 1809 possunt
1004 1731 1155 1806 regulares

142 1812 258 1891 erigere
272 1859 278 1871 .
293 1823 326 1875 ut
340 1832 417 1874 unus
436 1831 473 1875 ex
483 1814 544 1875 suis
556 1814 745 1894 designetur,
758 1816 832 1893 quin
848 1822 878 1875 ct
892 1824 1031 1893 prestare
1042 1813 1155 1877 debent

143 1898 332 1977 patientiam,
347 1907 381 1959 ut
396 1898 434 1961 ab
450 1917 508 1971 eo,
528 1917 618 1979 quem
633 1897 726 1960 haeres
747 1898 926 1976 designarit,
944 1900 975 1958 in
987 1900 1156 1961 suisEecle÷
1212 1960 1213 1979 ξ

142 1985 192 2045 siis
211 1984 416 2057 celebrentur,
436 1983 599 2046 dummodb
621 1994 720 2048 umen
741 1982 851 2046 deutur
864 1984 1057 2058 frustatorie,
1069 1993 1103 2046 ut
1116 2005 1154 2048 ex
1212 2051 1213 2054 ,

142 2087 281 2148 responso
292 2071 322 2129 S.
335 2070 443 2150 Congr.
457 2070 533 2131 ibid.
547 2088 579 2128 ιι.
593 2070 625 2130 7.

179 2155 226 2216 bn
248 2155 392 2217 mandatis
407 2163 438 2216 et
457 2155 623 2216 monitoriis
638 2162 695 2216 etc.
707 2171 761 2236 per
778 2171 844 2232 quo
860 2152 1028 2214 retardetur
1046 2170 1155 2218 enecu-

142 2239 184 2299 tio
203 2241 406 2318 provisionum
427 2251 456 2302 ct
470 2249 650 2300 statutorum
662 2255 718 2319 pro
734 2239 836 2300 divino
852 2240 934 2299 cultu
949 2242 1156 2304 conseruando

141 2335 172 2386 et
192 2327 343 2404 augendo,
363 2327 530 2404 praesertim
550 2327 628 2387 circa
650 2327 745 2386 missas
757 2325 1004 2401 celebrationem,
1027 2326 1065 2386 ad
1084 2346 1156 2389 exe·

141 2411 290 2470 cutionem
306 2411 493 2471 decretorum
501 2411 584 2471 Trid.
598 2431 668 2473 sess.
682 2411 731 2474 bt.
748 2411 781 2474 da
793 2407 849 2492 ref.
858 2431 921 2490 cap.
933 2413 962 2472 8.
978 2420 1008 2472 et
1020 2429 1091 2474 sess,
1100 2417 1153 2475 ᾗ.

140 2497 173 2557 in
191 2489 301 2555 decret.
322 2495 360 2556 de
378 2496 554 2555 observand.
567 2505 597 2556 et
616 2491 746 2558 evitand.
761 2498 793 2558 in
811 2497 902 2558 celeb.
917 2498 996 2557 miss.
1019 2515 1058 2558 ne
1076 2501 1157 2561 reei-
1212 2527 1213 2544 ι

141 2582 261 2662 piantur
275 2582 306 2643 iu
328 2580 471 2642 tribunali
498 2592 579 2641 aetus
595 2580 773 2659 judiciales,
795 2601 847 2660 per
866 2601 940 2660 quos
957 2593 1061 2642 eorum
1082 2603 1154 2646 exe·
1212 2647 1213 2652 ,

140 2669 219 2812 οιιιὶἰο
246 2668 447 2746 impediatur,
473 2667 618 2730 sancitum
641 2665 724 2731 esta
754 2667 896 2730 Pontiboe
924 2669 958 2728 in
991 2667 1074 2730 bulla
1104 2671 1154 2733 Ad

139 2750 184 2812 mi
194 2751 309 2811 itontio.

179 2834 394 2896 Eucharistiam
408 2835 547 2897 fidelibus
558 2836 766 2899 administrare
778 2837 853 2898 inira
868 2839 1013 2901 actionem
1033 2839 1151 2916 misse,

140 2921 204 2984 non¹
219 2932 288 2982 sunt
308 2921 456 3000 obligandi
472 2920 655 2994 sacerdotes,
670 2923 694 2982 si
715 2922 855 3001 parochi,
871 2941 923 2984 seu
936 2925 1071 3003 Episcopi
1081 2938 1153 2985 ceu·
1212 2953 1213 3002 l

63 3037 66 3044 ·
139 3008 254 3069 suerint
276 3018 431 3088 prostare,
454 3016 489 3067 ut
505 3005 569 3067 baee
587 3007 804 3069 administratio
830 3008 883 3068 siat
910 3009 942 3069 ln
969 3010 1073 3092 altari,
1097 3011 1150 3074 ubi
1212 3009 1213 3088 ss

139 3094 189 3154 SS.
202 3093 382 3154 Eucharistia
397 3103 564 3155 asservatur
582 3103 665 3157 extra
679 3096 807 3157 missam.
817 3096 970 3176 Enoyclioa
983 3095 1020 3156 ad
1031 3097 1151 3174 Episco-

138 3180 292 3256 posltaliae
305 3177 557 3258 Certioreseffeeti.
781 3251 786 3260 ι
1212 3243 1213 3270 ,

176 3264 297 3322 Missam
323 3267 487 3326 auscultare
511 3263 616 3325 diebus
638 3264 718 3327 iestis
739 3265 771 3326 in
794 3265 980 3344 quicumque
999 3264 1149 3342 Ecclesid,

137 3344 251 3403 etiamsi
266 3347 375 3406 nonsit
388 3349 506 3428 propria
518 3347 711 3426 parochialis,
728 3350 903 3427 cuicumque
921 3349 1020 3422 fideli,
1032 3360 1066 3409 ut
1078 3367 1152 3429 prae·
1212 3387 1213 3390 =

137 3437 221 3500 cepto
237 3429 390 3488 satisfaciat
397 3475 408 3505 ,
421 3432 462 3499 ias
475 3442 535 3506 est,
547 3441 581 3492 ut
599 3435 779 3495 consuetudo
792 3434 903 3512 ubique
916 3434 1070 3508 obtinens,
1083 3453 1151 3514 qum

137 3507 262 3575 proinde
288 3509 387 3570 induit
408 3516 553 3577 rationem
578 3517 656 3594 juris
675 3519 861 3592 communis,
884 3517 1080 3580 demonstrat.
1102 3522 1150 3582 De

136 3581 247 3658 Synod.
262 3590 348 3655 dioeo.
360 3593 383 3652 l.
395 3596 443 3656 lt.
455 3615 521 3676 cap.
533 3603 580 3661 lb.
589 3619 622 3661 ιι.
636 3603 684 3663 10.
