2475 3975
358 193 407 250 Ea
418 189 553 271 operibus
565 189 717 251 Beraedicti
727 193 779 254 XI
783 193 819 253 V.
1034 197 1092 258 553

86 291 234 356 llichadlis
255 291 453 372 Archangeli,
476 303 505 353 et
535 293 566 353 in
589 295 664 354 testo
690 297 827 356 omnium
852 298 1026 360 Sanctorum
1044 345 1052 371 ,
1069 300 1093 359 si

86 379 270 438 visitaverint
282 379 436 438 Ecclesiam
447 377 576 456 aliquam
589 378 729 450 Ordinis,
741 380 766 438 si
779 380 821 439 ibi
834 381 889 449 sit,
900 385 970 442 etin
982 384 1095 444 deiectu

85 463 319 541 unamaliquam
333 463 480 534 civitatis,
503 464 551 522 vel
572 463 628 523 loci
649 463 701 523 ubi
720 463 843 542 degunt.
857 467 976 526 Ceterae
997 469 1096 527 indul-

82 548 191 624 gontiae
212 547 321 607 eaedem
336 545 460 608 omnind
481 557 551 608 sunt
569 567 602 608 ac
628 548 796 626 superiores
816 569 872 628 pro
897 552 1050 612 Tertiariis
1064 554 1095 610 S.

83 632 229 694 Francisei
250 631 430 692 assisiensis.
445 632 548 706 Quoad
569 633 744 712 Cordigeros
763 636 863 696 Sancti
887 637 1032 698 Francisci
1060 637 1097 698 de

84 717 173 778 Paula
191 716 344 795 cingulum
373 717 581 785 tantummodi
606 717 795 779 benedictum
819 721 980 799 abaliquo
1007 722 1098 782 fratrc

84 800 149 877 ojus
170 801 380 872 Ordinis,ch
404 801 441 862 ab
461 803 518 862 alio
541 801 715 882 deputatod
740 806 944 882 superioribus
965 806 1097 882 ejusdem

83 885 205 946 Ordinis
215 885 399 960 delerenteS,
419 885 488 959 die,
504 887 562 965 qut
577 887 731 964 cingulum
745 900 905 950 assumunt·
914 892 1037 951 oonlessi
1047 937 1055 964 ‚
1067 902 1097 950 et

84 967 167 1030 sacri
182 971 404 1042 communione,
425 971 527 1030 relecti
559 969 724 1048 plenariam
747 972 962 1050 indulgentiam
995 994 1097 1036 consc-

84 1063 239 1132 qunntur‚
253 1055 330 1114 sicut
347 1063 377 1116 et
398 1055 561 1134 plenariam
576 1057 607 1114 in
628 1057 714 1116 Festo
731 1058 761 1117 S.
779 1058 924 1116 Francisci
937 1058 974 1118 de
987 1061 1096 1131 Paula,

83 1139 278 1200 visitantesut
297 1139 385 1219 supra
399 1163 408 1218 3
420 1159 452 1200 ac
463 1141 592 1219 denique
607 1140 770 1220 plenariam
788 1142 819 1201 in
833 1143 958 1202 articulo
975 1144 1097 1215 mortis,

84 1243 121 1286 eo
136 1225 243 1297 modo,
262 1245 321 1304 quo
336 1227 474 1288 Tertiarii
491 1228 522 1288 S.
537 1228 684 1288 Francisci
699 1228 877 1295 assisiensis,
890 1229 1098 1302 Quotidianam

82 1311 174 1372 etiam
184 1310 399 1388 indulgentiam
412 1321 532 1372 centum
542 1313 659 1372 dierum
672 1322 912 1391 consequuntur,
924 1314 949 1374 si
963 1313 995 1373 in
1008 1312 1098 1374 hotto·

81 1414 149 1466 rem
164 1395 283 1456 Domini
300 1397 367 1455 lesu
389 1395 518 1467 Christi,
548 1405 578 1456 et
597 1399 648 1462 SS,
671 1397 879 1475 Apostolorum
901 1416 1002 1477 preces
1021 1398 1099 1458 eliu-

83 1482 197 1543 derint
212 1481 347 1554 Denique
357 1483 508 1560 contigui
527 1483 592 1555 illi,
611 1483 688 1542 sicut
702 1491 732 1542 et
736 1485 882 1552 Tertiarii
899 1500 954 1563 pro
967 1485 1100 1562 quolibet

83 1569 162 1632 bono
181 1585 270 1645 opere
284 1569 432 1646 sexaginta
453 1527 684 1647 dierumindulg
668 1569 797 1628 rentiam
804 1580 1054 1669 consequuntur,
1066 1571 1098 1630 in

84 1673 144 1732 quo
159 1651 302 1714 dillorunt
312 1651 329 1712 b
340 1654 534 1714 TertiariisS.
550 1653 694 1714 Francisci
708 1653 894 1728 assisiensis,
910 1655 962 1734 qui
975 1667 1098 1716 centum

83 1741 147 1800 dies
161 1740 326 1799 lucrantur.
341 1739 463 1798 Easdem
479 1757 581 1800 omnes
599 1730 797 1815 indulgentias
814 1742 962 1818 applicare
983 1760 1037 1820 pro
1047 1742 1099 1802 de

81 1825 193 1884 latnetis
210 1829 344 1902 possunt.
366 1823 449 1881 Bulla
470 1839 524 1899 pru
548 1821 741 1900 indulgentiis
754 1823 972 1886 Tertiariorum
996 1826 1097 1885 Sancti

84 1911 124 1970 Fr
125 1927 233 1969 ancrscr
226 1907 288 1965 'dc
298 1905 385 1964 Paula
395 1949 402 1976 ,
414 1903 604 1966 Iatealaoustt'.

125 1992 320 2073 indulgentiae
343 1990 483 2069 plenariae
503 1992 535 2051 in
557 1991 683 2052 articulo
703 1989 809 2051 mortis
823 1991 860 2052 ah
878 1990 1028 2070 Episcopis
1047 2011 1100 2071 per

85 2078 321 2141 benedictionem
338 2075 630 2155 impertiendae.Vide
643 2074 839 2159 Episcopuo.'

125 2167 269 2227 lloccntcs
287 2161 376 2221 rudes
397 2160 531 2222 homines
555 2160 694 2241 publice,
721 2163 769 2221 vel
791 2161 933 2241 privatim
958 2162 1100 2222 orationis

83 2249 223 2314 mentalis
240 2247 372 2323 regulas,
394 2255 423 2306 et
446 2247 588 2317 modum,
604 2248 736 2325 itemque
753 2248 805 2324 qui
820 2246 939 2325 publice
961 2247 1099 2307 docentes

83 2332 333 2404 auscultaverint,
349 2330 512 2393 dummodd
525 2332 595 2393 vere
612 2332 788 2411 paenitentes
810 2349 843 2390 ao
864 2330 945 2391 sacri
966 2350 1101 2392 commu·

83 2420 176 2481 nione
199 2416 320 2487 relecti,
340 2416 425 2476 toties
448 2416 563 2494 quotics
588 2417 745 2475 lucrantur
774 2426 887 2495 septem
920 2434 1037 2496 annos,
1069 2424 1100 2477 et

84 2503 211 2565 totidem
225 2500 425 2581 quadragenas
444 2501 481 2562 de
500 2501 570 2563 veri
584 2501 866 2580 indulgentid.ltem
893 2502 917 2562 si
934 2501 1049 2578 assidue
1063 2501 1099 2563 ed

85 2588 297 2663 convenerint3
308 2586 399 2647 semel
411 2587 442 2646 in
455 2606 576 2667 mense,
594 2587 665 2647 vere
676 2588 871 2665 prenitentes,
886 2595 917 2646 et
932 2588 1012 2654 sacrd
1023 2608 1098 2649 com·

74 2675 229 2737 'munione
243 2672 343 2733 relecti
358 2681 555 2752 ,orantesque
568 2691 623 2751 pro
641 2690 725 2733 more
738 2672 929 2751 indulgentiis
942 2681 1098 2747 consueto,

83 2757 300 2837 indulgentiam
324 2756 505 2856 plenariam,
525 2757 671 2817 defunctis
689 2756 779 2817 etiam
802 2756 1026 2835 applicandam,
1052 2759 1100 2818 lu-

85 2852 226 2914 crantur,
240 2860 335 2931 quam
343 2840 455 2919 pariter
467 2842 507 2901 tta
519 2841 689 2903 obtinent
669 2861 690 2901 u
704 2842 858 2920 ,quitoto
875 2860 996 2912 mense,
1009 2845 1099 2903 unico

84 2931 190 2993 saltem
205 2926 286 2987 horae
307 2910 472 3004 quadrante
491 2927 613 3027 singulis
633 2915 737 2988 diebus
749 2927 875 2988 orationi
894 2928 1015 2987 mentali
1029 2928 1100 2987 dant

86 3032 196 3094 opera,
195 3006 378 3073 dummodd
393 3010 463 3073 vere
485 3013 663 3091 paenitentes
685 3022 716 3071 et
731 3012 874 3080 confessi,
888 3008 1049 3071 Euclmristi
1052 3031 1099 3071 am

85 3097 288 3195 sumpserint,
304 3104 332 3156 et
341 3105 427 3156 orent
440 3116 493 3177 pro
502 3097 658 3159 eoncordia
670 3103 727 3157 ete
733 3096 916 3157 concedente
929 3094 1098 3155 haecomnia

85 3182 257 3244 Pontiliee
249 3200 281 3241 m
296 3181 377 3243 tutta
391 3180 656 3255 Quemadmodum.
693 3210 696 3214 ·

124 3270 170 3329 Do
181 3266 331 3327 validitate
350 3267 542 3346 indulgentiae
559 3267 779 3343 Portioneulee,
796 3267 917 3345 ejusque
932 3268 1099 3327 extensione

85 3353 121 3415 ad
136 3372 238 3414 omncs
250 3354 324 3414 alins
334 3354 473 3414 Ecclesiae
493 3354 614 3415 Ordinis
636 3356 668 3413 S.
682 3356 828 3415 Francisci
846 3355 955 3434 ambigi
971 3372 1030 3413 non
1046 3371 1098 3428 po-
1136 3407 1140 3417 .

86 3449 163 3516 test,
180 3440 262 3499 nullo
283 3438 350 3500 licet
371 3449 489 3500 extante
510 3438 680 3499 authentico
705 3438 902 3512 documento,
916 3436 1096 3505 scientibus,

85 3534 115 3586 ct
128 3544 189 3585 non
197 3524 463 3589 contradicentibus
471 3525 609 3587 Romanis
619 3524 822 3586 Pontificibus.
831 3528 875 3585 De
888 3519 998 3599 synod.
1010 3516 1096 3576 dioec.

85 3615 108 3672 l.
127 3612 176 3671 15.
194 3629 220 3670 c.
237 3610 284 3671 18.
301 3628 332 3670 n.
345 3612 374 3673 5.

879 3688 940 3746 50..
